5199 3815
609 44 2107 173 Ick hebbe door ue de vernoemen het afsterven van

610 151 2181 143 Der Diouys verbBuigh van het huyt drir en ebbe

634 241 2166 201 nogh geene weete let is waer en hebbe n lange met

513 356 2261 140 it hem geene affairens achadt doordien de Engeliche

650 459 2169 198 negotie over ostende sedert den laesten vrede gedrive

654 583 2155 133 nooth die soodaenigh hier te lande onder de voeten

663 699 2114 136 te dat ick meer als over drij laeren gettoeeneert

622 782 2066 209 hebbe om daer uyt te geraeken ende sormde

651 903 2161 182 echter tot myn bit niet en hebbe connen coemen

645 1003 2126 128 alhoewel bij naer nu een jaer van daer niet een

687 1098 2096 181 stick hebbe ontboeden en niettemin bendaer bij

656 1207 2163 139 nogh soo diers geingagieert dat ick nogh welcet

655 1304 2103 166 Considerabelt fomne Soude sacrifceeren om

665 1409 2135 224 daer uyt te wesen. onse gemeente wort gants

697 1526 2124 186 ellendigh en otpn ende en connen bij de winchel

692 1625 2129 177 niet profiteeren dat sj en hunne imenagien dalghen

674 1723 2147 191 noodigh hebben soo dat het saigeeren soo gemeyn

672 1842 2142 161 wort als het daeghelijckx eeten ensin ons landt

672 1966 1559 197 coeimt op niet dat Godt bestere

632 2009 2153 205 het beste dat gesorteeet habbe nedert den

621 2159 2177 191 Laestenoorsogh ts bij de fonken in Engelandt dogh

663 2251 2064 206 n vrec ick voor de uytgee comp. waer by

638 2394 2126 172 nogh al wat geintresseert ten. de dost cotr

646 2453 1992 206 aen is hebbe alle vercoght en in anuitic

654 2582 2105 216 gecemployeert voor de actnet inde banque en

650 2693 2121 161 sien geen swaerigheydt bedancke ue voor de

646 2805 2113 204 genoemene im oyte van de Engelsche bostels

663 2909 2119 194 sien die te gemoet en bidde om de weerde

621 3010 2176 178 der selfde ue commis aen het ster van

668 3112 2152 183 verburgh te senden hebbe daer nogh openstant

672 3197 2149 198 rekeul en gelieft niet te voor taerighte wesen

674 3318 2130 192 in ue oordeel coopende onsen heer blibaen

669 3440 2141 144 van sel hij is een cordaet man van probiteydt

671 3537 2130 138 in groot estime est van ut  conduite

685 3642 1782 128 een opver moedelijck voor sijne schaen

2855 49 2085 151 en van sijnen haedt wille ick mij wel bedienen

2867 169 2229 180 sos wel voor het geestelin als weerelijck hem doacker

2870 270 2243 185 daer hij sal doelen blijve nevens mijn huysvrouwe

2870 415 598 173 van certen

2878 430 2129 251 vommage  Steenars Ady 26 d Avrie 1719

2901 596 2019 189 ie sonvois vous nevoir jamais vou me comme

2904 707 2123 194 et vous de vrin respre konten danis comme vous

2915 809 2170 199 amste a mon esgauro c'est le railler au lir e

2884 919 2203 208 donner de la parsement comme vous esnee obeigee

2941 1035 2161 169 en vre conserence quant est que vous avez jamass

2931 1134 2135 174 tenne parolle t jamais aucux marchand ma

2914 1272 2215 190 cause tant du chagrin comme vous m'avescauze

2924 1360 2142 188 cet causes encol ensiy ie prendray recps a

2914 1478 2121 169 la pasience. up mods plus vir moins nefera

2921 1563 2189 215 snt laffaire sur condition que vous accepterez

2919 1658 2095 208 la moitie rant36„4:2 argent de change

2920 1787 2126 218 payable au dernier de may asvezr et l'aultrs

2903 1877 2139 190 delonti oa quatre tizences. ie et envoyee aue

2897 2010 2150 206 & s eculire et sortons done dasfaire. ie vous

2929 2127 1739 204 salue de mesmie vre espouze le ssurs

3947 2201 1019 167 Ady 28 dtvril 1719

2859 2228 1024 194 to paye   la seculr

2901 2325 2103 191 J'ay receu lhonneur de li vre 18 du courant ausly

2909 2449 2155 148 lettre du s tevenars. ie luy ay fait responced emis

2904 2544 2203 203 que le tronvele onvenir ie tacheray de sortir d'affaire

2905 2655 2058 200 p don ceur: voicy donc commas demande de

2871 2764 2200 174 rayeer la mordie £38:4:2 pour la fin de mayi en ma

2889 2883 2213 115 traitte et vre faveur et l'aultre pour le sestez a rare

2906 2965 2157 179 idences. ie vs aecorde ce la a londitson quil lexestre

2918 3087 2127 135 tachez done d'avoir acceptationn de lume et laulore

2911 3169 2118 179 et vous m'obligerez essant acceptee au le

2914 3260 2107 177 il vous plaist donne moy un motd asvye

2897 3360 2091 174 et senvoyez moy ma precedente traitte de ƒ300

2920 3483 2119 138 vous saluant  esperant quil lera cotent ie

2914 3570 532 136 1722dit
