5211 3856
461 67 2193 173 Tournayed de Rasse Adit Janvier 1718

435 190 2108 234 de viernne vous archate de maine prema

420 338 2182 166 vre chere espoute la nouvellece de plus

443 451 2226 180 heureuse et salutaire et que le lenneur vous vredel

428 575 2230 174 beuiret de complir touts vos susts desirs peus ast

436 670 2237 205 re cours de vre vie. ie prenne la poptie vois

435 798 2114 217 prier de gracce de me vouloir donner i

392 912 2195 176 monveau vre astiment pons pouvois soisi

417 1018 2192 188 d'affaire a lanmsable ayec le s f stevenard

426 1099 2182 217 iet me regle seson leplan que le sieur

409 1262 2250 151 le leculgre vre oncle et en aen bonte aeme

432 1361 2232 149 consieller. c'est qui me matte causion pour ce

415 1452 2140 198 quil me dorbt somme vous voirez dant la

404 1575 2084 182 lettre iey inclue l helle ie vous prie de

432 1676 2220 182 lerere reepres la lectire et la veuloir mettre

437 1802 2196 162 et mains propres dudit t atevenars luy parser

405 1901 2160 181 en mon houm et tacher de luy pas uaddvoy

413 1990 2131 195 a cela si ie luy e scrive e droines comme sas

385 2092 2141 205 desja fait  ne lant qud de parilles que ie

413 2250 2135 183 ne coive pour respoince laui ne counantte

404 2344 2201 209 que de dflaye que ie ne uis pas intenmonnee luy

419 2452 2215 211 accorder sas bonne causson. ie prenne le

400 2553 2012 265 libertie vous charger de cette commission

408 2651 2239 271 parce que vous estez un pe etenis avec ledra

374 2769 2287 285 a reveneers et quil vous parlera un peu librement

421 2897 2136 265 plus jau le vre dont le cependant ie vous

379 3005 2283 221 sprie en donner part a nons vre oncle dundre

372 3159 2060 207 jaori resertvera de sma ouy devant

413 3222 2263 227 envoycer unne assighaton pour recevoir

406 3344 2165 205 d det   out autre tempt ne me dit et

353 3482 1507 209 touttes occasions partellement

2349 3670 73 84 d

4242 73 644 157 8 Jandeer 1718

2746 64 1101 165 Jounay BB. le Secultre

2793 157 2245 179 je anne g cette vs souhaitter la nouvelle anrez

2806 278 2263 141 heuriuse det saluraire  q le bon  Diece vs veuille

2818 340 2240 165 conserver en bonne sante pr beaucoup heuvantes ma

2775 450 2219 165 comp agne vr en fait di mesme en uitte de lhonneur

2817 538 2245 213 de la vre 13 xbre de mier jaytescript au S stevenant

2818 643 2194 194 et sa reponce ne serve  de complemient et sa pple

2813 740 2257 185 cations dont n'estant aucummint contant joy trou

2807 832 2192 190 ve bon luy faire tenirt une autre lettre ns

2765 954 2250 147 vre ne pee e Roffe et jay piie vre dit ne oee de

2814 1035 2234 211 vs en vouloir donner part je ne regle se londre

2797 1171 2207 157 bon advis et bon coe et je ne manque a pos

2821 1230 2195 178 e suevre pr sortir a lacmable  soit possibl

2824 1344 2249 194 il ma un peu doicurien mais en  quil ne prex

2841 1448 2228 212 ne par la partie a re mestre paurion a mon

2839 1549 2214 201 aspassement pr le reste quil me doit je lsn

2850 1682 2225 182 fraenderay a ma payéer prompte meet voules neleus

2882 1756 2189 216 unee oecceptation de la fomme d'ef du ne de 476

2856 1873 2193 172 dernier 2 usences de £47:17:6 de change payablee

2872 1988 2198 176 au 10 de e mois liende rochain p moy endorsce a vre

2891 2076 2126 166 ordre dont je vs prie procurer le payement je ne

2863 2179 2202 217 puis trouster occasion a terez ie q a ord pa pedere

2878 2277 2167 226 sur tour naye presentement v: gi aura la bonte de gar

2825 2383 2233 192 ordermon argent silvs plauss vs m'a blipere otfone

2834 2551 785 168 pent re Suie

2705 2588 2234 260 Ghendt Bapt de Saedelaer Ady 9 Janmarj 1718

2801 2716 2124 173 sien bij ue van gisteren ue sijne lreken courant

2805 2884 2211 157 d'aceerd hadde bevonden engesloeten en ing op nieuwe

2786 2967 2217 173 geddbiteert  8:9:- dat wel ike ue remitteert mij

2765 3045 2270 175 on nieuwe to ol de coninck ƒ1010:- wisselg

2782 3144 2264 213 die veroblegeert ben e ingesloeten weder te senden

2785 3262 2248 192 doer dien het ondersement niet goet en is ue moet met

2779 3362 2235 186 sijn eygen handt svillen weerde van JBapt de Laedelaer

2790 3475 2175 179 en niet in reken ick hebbe immiers met marte

2769 3624 2243 140 Anne howard geen reken daer naer dat uen maer
