5070 3838
649 42 2030 217 securite soit p discompte ou engesements ou

659 151 2021 186 aeutre moigens que pourois avoir a les mains

621 293 2055 192 q trouverois les plus assiem vs m'obligerez et

622 366 2037 248 astand quil vienne die changement en change

626 483 2025 210 quil est presentement trop des avantagieure

639 610 1936 216 qr faire venir de retour de ma ic j nay

601 719 2080 202 veu le change sur londe se bas en temps de parx

606 835 2048 207 ne ne puu penite le raison largent demi

637 957 1978 205 rage de tout coute le discompte quil a este

655 1069 2033 234 a amsterdam passe quelque temps a 3 pres

631 1184 2013 202 et pr le present a 9 et on le dit encor plus

611 1294 2037 213 haut a londre je serois atendent lhonneu

601 1408 1250 163 de vre reponce et me dit

524 1497 2054 212 heet  van de weser Ady 20 sber 1710

499 1649 1986 295 Ick ben verwondert dat sedert meert een

666 1812 1892 184 jaer ue iels gesien en hebbe nochte dat ue my

586 1919 2003 193 geen geldt gesonden en heeft. ick bidde ue dat te

584 2041 1949 184 doehen ofs my te peysen, ende daer ue in can

626 2141 1997 212 dienst doen gelieft mij naer te commandeeren

552 2267 2029 232 mijn groetenisse aen mons. Willeems en jusue

562 2380 1903 160 moeder. afwaghtende een letter antwoort

650 2486 1709 164 nevens het geene ue versoeke soo blijvee

1766 2598 597 192 3 sber 1720

539 2604 937 213 Gent J.B de Saedelaer

598 2730 2091 185 het afsterven eonder van mijne neeste vrenden heft

612 2834 2075 207 mij wat accapatie gegeven, soo dat ue niet quaelijck

620 2955 1973 164 moet nemen ick ue j mestwes nu comete te

628 3044 2060 178 ant woorden met een van 24 passato heeft ue in

644 3142 1988 185 geremitteert in 2 briefkens £100 als £58 op

663 3243 1999 174 comelis met en £50 op Gesd mertens waer

646 3368 2035 157 van voldoen ben in dat 9 29 ditto op Coan

638 3437 2040 172 mortin soulet fels in amsterdaem 2 bueflen

635 3547 2048 210 dato heden vallende als N 499 en  501 saemen

2840 82 2163 142 ƒ 4000 a 22 banco £91:13:4 die tot gue avan

2837 136 2163 189 e hebbe ingetrocken vlaems £92:7:1 als oock het

2845 246 2174 188 sufcken op abraham mouchaet in aister dat

2847 385 2142 211 30 past vervallen van banco ƒ475£73:34

2849 491 2096 194 a ¼ post £79:15:2 weest verscekeert dat die

2875 618 2150 188 cleijne briefkens ue schaedelijck wesen boven

2870 713 2098 269 de menigh veldighe moeyte die ick hebbe

2769 811 82 147 p

2867 848 2157 207 van die te verheyskeeren en in te voorderen

2846 968 2138 256 hadde die voor ontfanck van ue aengenaeme

2858 1083 2147 269 van gisteren niet vernegotieert geweesst en soude

2874 1187 2068 298 niet gemanckeet te hebbe ue ordre te volgen

2877 1329 2041 285 hebbe gedilayeert tot gisteren wonsdagh

2855 1429 2142 349 op het gemeyn gevaelen dat de wessel op l

2858 1596 2106 269 moest daelen op londen ue geordon neerde

2866 1726 2143 271 £700 af te geven waer op met de brieven va

2856 1806 2169 368 suiyt hollandt spsteren gecoemen het selve

2888 1982 2140 254 willer ser is geworden ende gedaen is 32:3

2893 2100 2112 259 ende niet een briefven past van ste £ 100 re

2886 2224 2139 255 contrerende ende de maeker naesede om

2901 2355 2131 274 mij te accomodereno st niet en hebbe gevonde

2922 2469 2116 222 als eenen tot N 32:9 hebbe gerachaen georder

2894 2626 2109 233 tot saterdagh & te wachten ick en dencke

2922 2736 2034 206 niet dat het ue daer op sal aen coemen

2906 2828 2116 292 ick sal sal ue sende want men behoode

2905 2949 2129 285 volgens cous van hallent boven de ƒ32

2915 3090 2114 215 6 niet te doen het briefvee op mevroeur schoel

2894 3201 2131 280 op 2 daegen sicht wess £50 is geaccepteert blijve
