5190 3864
342 57 2165 197 parveunce mais n'ayant jusques a ce jour le

238 134 2296 247 d faveur de vres advis je craine quelle ne soit

354 263 2113 165 egarce. ie vous prie de grace me vouloir

284 365 2211 230 donner un mot de responce et m'informer

317 486 2115 217 de ce quil s'est passe d'aultant que le

307 608 2099 226 stevenarsne in eserive pas non plus

298 717 2173 204 vous m'obligerez et en attendant ie me

281 870 1402 202 dit en pattes, occasions

839 993 283 74 ameer

243 906 2244 291 London Jiae Bay Ady 22 xbre 177

309 1091 2250 235 ma derniere est du 15 corr. levent estan

337 1212 2157 195 depuis tous jours contraire ie ne exdipas

332 1332 2057 293 quelle vous parviendra qvant cette la

302 1436 2252 272 mienne qui vous servira d'advis que jay

322 1560 2181 228 renconstnee cinne occasion pour ponvoir

303 1684 2219 249 disposer de mon argent stellenent que ie

344 1789 2085 208 liveray a veu sur vos graces  £220:-

288 1955 2286 244 a lordre mons. ze Chevalier Tnomasscaven

330 2055 2238 204 en comp. dont ie vous prie q faire honneur

308 2176 1559 225 et pr bbligerez qui suis

239 2247 2296 281 Biuxelles Jacomo Rousseau Ady 24 xbre 171

330 2375 2244 276 Jay receu les dene vosres 18 et 15 du courant

277 2533 2261 200 onsuitte de la derniere ie vous ay debite de ƒ150

274 2638 2323 199 de change que le s t' sas vous a compte pour mon

304 2777 2238 164 compt ncluse lettre a jours de veuz sur le

280 2853 2235 250 Piison de vre ville de ƒ560:- de change

303 2962 2072 220 dont ie vous prie procurer le requis et

293 3070 2033 239 n honnorer avec un mot d'advis de la

323 3197 1533 230 reception de cette et me dit

2629 70 2134 195 London scawen En Conse Ady 25 bre 171

2705 153 2163 187 en respoce a lhonneur de la vre  courant il

2704 284 2176 165 vois que me consellies la achepter de s tniterz de

2697 381 2290 210 la banque lesquelles lendent t pour ceut et sot

2692 494 2235 213 prompt payéeer aussy au bien de  £300:- £500

2654 618 2152 219 ie ne le fait que p rpport que ie ne vois pas

2675 691 2143 243 moyen pour litter mdnangent ra perteet

2672 837 2165 234 a ente etemps de profiterois un lintrest a cette

2677 968 2160 229 fin jeanlant que m'avez tousjours donné bos

2709 1063 2255 198 consiell et quil fautt en ces sortes demployey

2678 1174 2296 214 ne cestairement tsus vre lopsmon de deschis

2687 1252 2249 197 et que le trouvez bon et coveir vous les

2672 1432 2308 205 pouves faire de cet  £300- entre vos mains

2691 1487 2251 229 et st £220 que ie vous remette cy iucluse suis

2648 1595 2148 209 Danill Hays a veu en vre faveur as men

2687 1744 2286 240 propme traitte oultre vougainne procurarion

2694 1845 2282 198 manuelle comme aultres par syemet de ma

2665 1930 2324 271 parente ont envoy ee pour les faire passer sur

2658 2032 2256 242 non nom et es  faver. ievorzen

2722 2137 2268 223 envoyeray unne aultre encor p apres pour

2718 2237 2120 256 ue recevoir lint rest prramt aetre temisse

2710 2352 2148 228 ne pas cmangner a let faire en reustrer sas

2704 2500 2293 203 ilon noum tattendray nouvelles de ce quiis en

2738 2600 1410 225 passe e  18

2710 2694 2299 294 GPedro Melyn marchant at Anwerpin Brabant

2747 2821 2259 216 do authrrise dans appoint  omas seamen en

2693 2939 2177 244 comp of London me hand on myname to

2722 3042 2126 220 accepto value tise houdern ponnes sterlinge in

2702 3123 2217 262 auuuiesies de la banque ast shall lee transserred

2731 3262 2219 202 my account e t peron or persons whats

2724 3349 2153 258 55 ver Anwerps 2 dan 87 sber 172 geurittese

2700 3443 2237 226 ignes e predence  ligner  Melyn

2653 3576 971 198 toirigne JBB Cogels
