5211 3832
497 39 2218 174 ue advies noopende mijn gesonden stael en verhoepe

537 163 2191 176 dat ue mij van de  sal connen afhelpen want hier

541 266 2155 194 en il geen middel om die te moogern de bitren

525 381 2064 192 voort briefe 1t deser vallende D 200: a519½

547 513 2124 176 banco £99:11:18 can ue mij op syne akme

544 606 2188 203 debiteeren a 1 apprete ue advance in getrocken

533 732 1026 165 £100:14:1: bljve

462 823 2201 234 Brussel las Dontedan Ady 16 xber 1718

544 938 2158 257 Ick hebbe ue brief dato 15 gber wel ontfangen ende

596 1072 2108 190 het effeet van ue belofte aetervolgens verwaght

587 1176 2108 187 van dagh tot daer eveuwel tot heden te vergelss

549 1295 2180 233 Ick hebbe de consideratie van ue met geen porten

586 1396 2079 211 van brieven mal apropos te belasten ende

579 1496 2109 203 niettemm ue en niem mergens et aamt

583 1602 2142 217 voldoet bidde ick ue aent gene ue mij betoeft

573 1705 2132 194 wilt ue ick werders patientie hebbe ende

605 1831 1278 218 s akwaghtinge bejnve

2468 1837 232 179 my

465 1943 2203 195 Antwerpen wed. Peerer verschieden Ady 16 xber

556 2062 2023 203 Ick ben beschaemt ue huys selfs te haderen

581 2187 2130 175 reven desen ue sende. ue weete as ick ue niet

574 2283 2082 212 als bagatellen sedert den jaere 1313 gelvert

598 2397 2128 222 hebbe nu 6 jaeren geleden ende dat ue mijnock

567 2493 2092 215 Lchuedighet £27235:10 vlaems wisselgelde

575 2603 2086 222 rekent maer 2 prite ijaer het is dhde sek

580 2695 2063 231 jaeren bigito dat ick verliese dich bidde ue

595 2819 2132 167 consideratie te willen gebrken ende en is het

569 2940 2155 165 niet de volle somme eveuwel een £100:-

567 3084 2181 125 op reken mij te willen senden want ick present

570 3147 2173 232 penningen noodigh hebbe het versocht afwaght

496 3278 927 200 stende blijve

2815 51 2215 194 Antwerppn Lavis van Scaremborgh Ary 16 xber 1718

2866 150 2131 178 het nn een maendt gelid en dat ick ue geschreven

2858 317 2218 138 hebbe ende soo minnelijck versocht van mij maer ies

2879 403 2092 174 oprekent te willen betaelen al wast maer ƒ300:

2881 491 2180 181 Ick hebbe seiert nogh men huys geweest ende ue

2850 602 2227 197 ggeminde heeft het mij beloeft sonder fate eeuwie

2865 715 2108 188 geneffeet ten verneme sch e weet hoe lanck

2873 829 2159 210 in manenie gehade hebbe vendend geredinert

2874 969 2086 166 hebbe ue is mij tentildigh £648:-: 4vlaem

2877 1066 2170 154 wisselgelde netenss geen bagatelle Ick hebbe

2878 1213 2177 149 geldt noodigh en als iek uyt see sooomme niets

2883 1286 2161 171 op rekent en can beoemen waer n soud ick

2852 1364 2048 200 dansen connen verhoepen½ ien bidde ue

2933 1491 2026 194 gelieft ten minssen eenige consideratie te

2942 1592 2036 219 gelonghen en weest verseekers dat ick van

2897 1699 2193 191 mijten cans alles doen sal wat mij moogelijck

2908 1811 2164 188 sal wesen on al wat ue van een erejk mar

2898 1924 2183 176 soude connen desireeren het versochte ven

2921 2016 1102 210 afvaghtende blijve

2782 2122 2229 238 Rotterdam Jonmeyers Ady 19 xber 1755

2903 2244 2048 186 aos versoeck van le grelle aerchreven aen

2904 2394 1884 185 leders over het sichuys van de wederde

2893 2480 2207 228 schepper die bij haerentestamente gaordonneer

2887 2658 2201 124 heeft aen haere ertgenaemen binnen seehere jaeren

2891 2738 2218 167 aen haere enesdeuren noch te voldoen e pree

2901 2833 2007 176 en uits den voorst behout soone te grelle

2909 2946 2174 189 niet en soecht als dat de crediteurenten villen

2892 3041 2177 170 voldaen worde waer toe hy altijdts de handt sal

2910 3139 2138 155 lienen ande de crediterren inreckt niet

2927 3248 1982 187 voorss en comen hy meyer sotde willen

2877 3336 2105 214 schrijven aen den  bebaen vander te oin

2873 3446 2176 154 den siel besporder den Pepaen van ael aen wil

2892 3534 2051 145 alles dependeert daer toe te willen induceeren

2923 3627 2149 115 vrverk niet te grelle selfs te willen corr ispongeren en

3215 3702 1855 65 oni vant sterteuns wel ƒ 900o0itt uyt m
