5143 3892
646 103 2052 234 Ghendt JB de saedelaer Ady 27 Januass: 1732

747 266 1934 142 in antwoort van ue missivl dato 23 deser

714 399 1995 135 bedancke ue voort besorghen van d'acceptasie

739 478 1856 191 vant briefs dat ue my du retour hadt

712 577 2009 172 ue wisselriet hebbe gisteren ingetrocken dogh

723 697 1847 162 niet meer connen maeken als 1 ½ pros

714 803 1856 188 sijnde niet seer willigh en veele sbrieven

719 893 1984 190 ue gelieve mij daer voor te debiteeren

678 993 2010 199 D 1000- a 18 banco £401:13: 4 vlaems

708 1099 1869 185 £448:8:6 ende te crediteeren voor de

697 1249 1976 120 ingeleyde wisselsrieven men laste door ins

727 1345 1965 125 voor ue Rekent voldaen sf £120:- aƒ 336:2

706 1419 2006 196 £217 en  £100 aƒ235:10 £ 174:63:4:2

721 1531 1864 187 alle occasien commandeert liber lick die

691 1668 434 154 blijve

2267 1665 181 130 ady

1837 1712 887 207 Antwerp:  anu 172

660 1740 1010 221 Ghendt Jacobus Baut

706 1847 2061 239 Conforn ue d. missive Amp. hebbe esandebiet

738 1991 2023 187 voor van dobligatie tot laste de ameda

729 2125 1981 128 =feurs met den resteerenden, rest ƒ1027:1:8

688 2207 2040 156 lynde de croise sedert 17 meij tot  xber comant

696 2287 1971 226 ƒ 189:11½ alleen wissehad £28:1:8 en niet

702 2423 2000 169 £27:4:5:t poenst wel ne. mijn advante

695 2500 1939 149 op Amtterdam my geliefde te remteeren

722 2607 1933 192 in diversche brefkent ophadt is die pretent

696 2704 1913 222 bij de retouren van spacen freherrt et

677 2836 2063 155 ende dat ick dencke tot tegens dentmeert

704 2908 1950 181 als de vend het in hollaengt weden disto witel

740 3018 1849 145 wat favorabelder als nu sal sijn gelieft se n

682 3115 1988 181 met voor vallende gele hejt waer te nemen

736 3210 1982 134 en my niet datte sechere en segoure briestent

754 3303 1863 166 te senden et met occasie rehene cour eijt

694 3411 2058 141 om die te comen slurten ue d sal my vorplutte

680 3478 2084 171 die blijve met respeet en corciaill groetendse

734 3594 998 186 aen de famelle

2779 131 1980 218 Brussel francois Eraers Ady 21 janur 1723

2771 261 688 206 mesent aldaen

2814 294 2178 258 ken oock mijn schoon moeder hebben ue soo meenigh

2767 444 2241 204 mael aensocht om remboursement van onse geaveen

2779 551 2111 228 erde penningen op de decharge brieven die ue

2777 639 2169 205 n heeft geengageert: tekkens heeft ue ons goede

2802 776 2147 170 deoftijn gedaen met asseurantie van een spoedigh

2784 886 2128 185 syeuis het siy in contaente penningen oft ier te

2814 979 2134 179 aiselbrieven daer voor te besorghen bijd eene

2795 1072 2186 191 n dandere casselerye geaccepteert op de vee

2791 1195 1982 165 decharge brieven ten importe van hi08 oe

2789 1300 2077 150 mangueeren noch  soo oote accepteeren

2810 1368 2167 231 bij die van den lande van Aelst ende dat heeft

2775 1481 2163 173 en over de rge maenden aen gekoopen en echtes.

2783 1585 2053 149 sonder effeet verdert hebben wj noch de n

2800 1682 2179 160 decharge brief bij de geestelijcke en heden lant

2812 1763 2183 182 dan vlaender en aengenoemen te betaelen 28 sb

2811 1927 2213 145 1an ƒ50000:- nu drij maenden verloopen

2811 1986 2188 143 dat wy de in te penu naen geavanceert hebben

2804 2064 2196 162 t considerans dan de lange cor respondinnie

2787 2163 2228 158 en goede kennisse die wij te sas men van soo langen

2822 2268 2208 176 tijdt gehadt hebben. ick en soude niet geerne oorsache

2841 2350 2186 194 weses van te moeten. breken echter quant il fa

2829 2445 2180 151 elault: daerom wersocke ue minnelijck de sacke

2809 2587 2191 103 serieus te willen handelen ons fansfactie te geven

2810 2657 2203 131 oft ick sal genecessiteert sijn andere en pressantere

2794 2749 2174 128 windelen by de hand te neme dat ue wel wille

2809 2840 2140 142 adverteeren op dat ick naer datim voor de

2809 2925 2211 162 jasch: wegreldt  soude connen psijficeeren

2790 3039 2135 177 want nochte met ue nochte daer niert n

2810 3117 2046 186 de weerelt sat ick my gmeer in ousdaenighe

2785 3226 2203 175 affairens laete ae schelen: ick verhoepe dan

2797 3292 2182 178 eindelijck de soorredelijcke en langh versochte

2789 3404 2134 212 aiffactie en bly in afwaning
