5211 3832
518 55 2252 111 niet instanteljck op den hals londen vallen geene d

534 149 2236 162 intenie benbr soo lanck te waghten voorders alse

553 228 2135 214 formne de selfss dAtacnadmen sonde dienen dans

550 320 2207 192 sulen indien jver connuneeren en van gemoet sijn

572 454 2153 162 ten vollen ter voldoen desmettemin daer toe niet

568 553 2123 189 wolendds verhouden wesen oft geconstringneert

579 636 2184 216 dat hij heer blebaen pretenveert geageert te hebben

595 762 2153 184 ende daer inte ageeren soo als eenen goeder

583 874 2165 208 herder betaemt  dat hy met de erfgenaemen

596 954 2138 205 alles sal over legghen en in mijne propoat

575 1073 2183 229 voerdraeghen en mij te gend fondagh bestheet

598 1203 2127 232 geven daer ue  dan aeter volghens tegens

555 1355 2219 133 maendagh oft heden aeht laeghen van mij he

572 1437 2186 143 passeerende van heeft te verwaghten metden

553 1557 2179 146 laege wissel op vranchrijck hebbe specu latte

576 1638 2128 184 gemaeckt met mons. hr van scarenborgh een

561 1756 2154 143 parteyken brande wep te laeten coemen voor

565 1839 2114 206 touse Reten t helft ick sonde wel geerne

569 1943 2183 206 hier over ue advies eens hebben mede watee

586 2059 2140 147 ue gedaghten sijn van de ondernemingen

584 2146 1985 233 van disch u reedinaken op de

560 2265 2195 177 oostrndien daer sael aldaer wederom vifschejpe

570 2362 2199 213 gereet om uyt telooven: alhoewel de iinlanders

597 2474 2167 164 naer mjnopinie de needers sijn soo hebben

569 2582 2083 202 onde icijelst echter daer haesten det

598 2688 2125 204 be genoemen  van herten ghoetendo

584 2805 1581 208 never mijn huys vrouwe blijve

472 2905 2262 216 Brussel Joannes haenhent Ady 30 Januan 1719

565 3038 2176 153 de dato 30 cugusti laest is geweest mijn laeste mat

560 3156 2099 145 op rekeninge. ue is mij noch schuldigh £221:13:14

567 3279 2193 132 nu van soo langen tijdt geleden onder anderen van

577 3380 2184 167 13 gber 1717 dat ick ue het laeste partijken goet gelevert

570 3474 2184 162 hebbe ende ick ben den eenighsten van alle daer ue

411 3584 2298 153 isde oejt mede te doen gehadt heeft die soo lange ende

2855 38 2241 208 gesurighe papentie gehadt heeft ue moet sich ten langen

2838 139 2244 191 aalsien naer de reten schicken ende reciproque cousidez

2833 251 2185 220 vane hebben want ick niet dat ue oft welsich van

2846 374 2228 200 andere manufacturert bedoent ft wel ie voer bijgalt

2860 482 2182 185 ende dat ick n den intrest meert dchede leyde aeter os

2833 615 2176 227 de goederen can gewonnen worden icn sal den in

2844 754 2238 191 eenige daeghen niet genande van nier ƒ400: op rekens

2874 855 2250 192 trecken alsoo ick present tot Brussel bij DButte

2852 958 2242 261 geen geldt noodigh hebbe en ue adviseeren aen wils

2858 1088 2167 175 ordre ick sal getrocken hebben dat ue in stanne lick

2857 1204 2187 186 versoens van prompt dan te betaelen voor de

2861 1329 2238 181 rest bidde dat ue my gelieft die briefkens te accepteer

2864 1421 2033 179 van twee tot pree maenden dan vervallende

2875 1544 2164 141 en isser iers tot ue dienst met den aeestaenden

2888 1669 2012 124 vassen ick sal ue alles tot soo evielen prijs

2878 1777 1937 182 over sheten als ue soude conen de tireir

2859 1907 1410 154 naer groetenisse soo blijve

2806 1979 2168 219 Brussel Pauls de Broyeer Ady 31 Januar: 1719

2867 2120 2244 173 ue aengenaeme door ue huysvrouwe van 12 bberrae

2850 2272 2246 177 geschreven vinde nogh te beantwoorden aenter volgens

2872 2344 2242 146 hebbe van tijdt tot tijdt verwaght deere van ue oft haer

2866 2444 2190 154 oversetien alsoo so mj adviseerde dat sij wel een

2829 2552 2203 136 parteyken laekens noodigh hadde Ick vertrouwe dien

2871 2673 2222 126 d'een oft d'ander teaens den vasen dat overcoemen

2851 2764 2167 140 weest derseceert dat ick ue de laettens soo ewiet

2880 2857 2220 138 sal stellen en soo goeden coop overlaeten als ue sijtn

2844 2942 2242 177 levennogh Engelsche laekens sal ingecoght hebben

2836 3070 2266 186 ick vinde ue de laeste parsije op 7 fugusti 177 gelevert

2859 3163 2224 146 te hebben ende datue dj mindgh de bet e £1:11:6

2850 3254 2191 158 vlaems avisselgelde ich laete ue seft considereeren

2856 3399 2168 169 oft het geen groote discretie il enoft men niet meer

2864 3476 2230 205 aen intrest doe en geeft altmen op de goederencan winnen

2832 3579 2076 157 daerom bidde ick ue in de voortullende doccasien

2990 3657 1643 111 o reciprouelijck consideratie te hebbeen
