5036 3838
629 76 2085 164 witte a la maison mortuaire du fa mons hai

620 143 2039 201 les bonlangier come de  £15d et 1 £ 200 en

599 242 2120 240 samble 850 dans il vs plaia procuner le pre

620 354 2026 259 miere decepte et en suite le payement ou

629 508 2042 203 un prompt protest en cas que vs accipte ce

631 601 2077 224 quil vs viendera bon en compte vs n'a qua

658 704 2059 241 le tires sur moy a veu p caisse je vs salu

638 824 308 208 & uis

544 904 2087 320 Rotterdam Jacques Meyers Ady 7 be 1710

640 1147 1778 245 geterreven om e procuratie

639 1290 1788 208 wegens den boedel van schetpers tis

644 1423 1906 235 hebben alsoo ont passeerender contraeten

652 1559 2033 220 iets is vergeten tot naedeet der afgenaemen

914 1698 201 123 at

622 1715 1998 238 Ick te commanden ue seer hertelijck vande

638 1862 1892 198 twee ingeleyde voor Engelandt prompt

662 1975 1911 228 voortsganck te geven want by de setve

1653 2098 269 111 wissel

637 2090 1905 270 sijn eenige ledr corte vrieven ue set

636 2258 1769 157 mij verobligeeren: die blijve

534 2374 2121 298 Rotterdam aegnes Mesers Ady 108beri170

641 2533 1992 242 gedraeylke mij aen mijnen 9 cour. ingesloeten

632 2677 1935 198 eene memorse op den voit van welcke

658 2790 1846 213 ue gelieve eene aete terbasteeren ofte wel

653 2893 1954 259 mij procuratte te senden dat ick die nenaem

656 3030 1986 262 plasteernen bij gevolge van tijde can doen

636 3141 1952 251 watter noodigh mogtte voor vallen als de

672 3270 2045 211 voordere eingen te onffangen te hoogende

667 3392 1859 222 daffairens van desven we de schepper

721 3522 1778 175 verders versoeke dese memoisee van

709 3609 1938 151 voords te senden aen Derven wed Per

2758 67 2169 237 de sagher tot Amsterdam om die oock te

2779 194 2202 266 passeeren ofte wel dh de vos te anthorslee

2786 299 2198 277 want het meer dan redelijck is soo als ue sicn

2786 431 2144 287 sal confronteerende de transache nevent

2793 579 2176 231 onte acceptatie der selfde die ue hebbe gesonte

2793 708 2106 288 blijve. verhoepe ue mijnes brieven voor

2802 840 1920 224 london sal hebben voors gesonden

2817 997 1888 188 onden Schavel et Cocquee  14 sber 172d

2839 1103 2096 223 je vs ayt escript le 7 du cout et prie ducchepter pr

2851 1235 2114 201 mon compte 500 actions de banque en caugle

2860 1330 2111 198 pourrez faire a 140 ou a 120 dix pour cent plus

2883 1450 2090 184 ou moin: n'estant pas une affaire jespere qu

2892 1545 2073 147 cete la mienne vs sera parvenece et q vs au

2891 1648 2080 214 rez infailliblement excute mon ordre ce m

2883 1751 2069 210 lieur prix q je ne m'ayt imagine d'accltant

2873 1863 2101 243 nd avons nouvelles pr la hollande et oostende

2914 1993 2062 219 de vendredy derniir q les fonds sont encor plus

2867 2082 2101 216 baissee come la banque sans prix ou sans q

2882 2208 2077 247 lon oftoit de largent p le sud a 105 si vs ne

2861 2344 2100 212 l'avez pas fait jespere q le ferez et ne laisserez

2874 2448 2092 235 pas eschapper loccasion vre lettre du  br

2888 2586 2082 211 me parvence depuis me trouble ien pece a ce

2887 2680 2090 262 supt d'aeltant que m'adviser g'avec emps

2908 2844 2042 213 ce  4oo pr 2 mois jespere q vs vs en aurez

2903 2930 2080 249 de gane pr faire mon em ploye sur ditte et qu

2881 3046 2096 223 vs tirerez sur moy le reste quel vs viende a pr

2870 3185 2110 229 solde de la ditte partie ce que je vs recomman

2873 3322 2106 201 fort jespere que la chopian payera le res

2914 3432 2065 166 et le fraise de rotest et intrest quil me fauy

2909 3555 2030 198 renvoyeer la lettre en fin que jemen jasse

2942 3682 582 124 ren boierser
