5190 3864
256 54 2312 220 Brussel Paulded Broreer Ady 9 xber 1715

400 209 2077 233 dat den brief van sjn huysvrouw wel hebbe

383 363 2214 182 ontfangen dat hij togh de goetheydt wits shebben

383 465 2204 204 als hij niet cost en can betaelen soo ort mot

257 502 51 129 ld

334 620 2221 260 =gelijck te accepteeren opdert deparrige die

414 757 2139 234 sejk aen doodh jacomo Rousseau getrocken

384 855 2106 236 hebbe in syn gheel maeh blijven ende ick

394 965 2121 256 in goen confusie en lagh geraeken

369 1094 2069 252 ende dat hy om de re spaenschelaekens

393 1232 2159 248 doghgen gaettie en gelieft te maeken die

386 1340 2030 219 maer uyt de hulle naer hem te nemen

388 1481 2013 204 ende dat oo machanseren wel sullen

378 1654 607 178 verstaen

266 1708 2267 246 Brussel Joannes haeghens CAdy 12 xber 1715

371 1850 2154 222 Ick ben verwondert te vernemen van dh Rousseau

395 1996 2104 184 dat ue mijn trato noch niet en heeft volgaen

378 2081 2107 229 dat doet ue nu comuell hadte het ue gen

357 2204 2192 202 minsten opeange daeghen geaccepteert dan soude

336 2330 2200 176 het my bj ditto leer su merekeninge connen

376 2422 2223 235 balrdeeren ick vinde mij verobligeert ue ande mael

358 2531 2070 202 van herten te bidden dat ue dogh niet en wilt

379 2643 2202 199 u distellen de400:- op rekeninge te betaelen

373 2760 1948 195 ue saeme vrintschap doen en particulier

372 2845 2228 221 verobeigeeren ick sal dan voorders wat pane

385 3007 2152 169 hebben en niet trecken voor tegens neuwe

334 3092 2283 259 jaer en isser iets van neet dienst weest verschert

352 3202 2086 228 dat ick ue soo goeden coop sal bedienen

322 3315 2200 200 dat niement in intwerpen vaer by sal

348 3416 2139 188 connen coemen waerop mcoght staer

329 3523 1339 218 maeken ende dat ick ben

2018 3555 119 157 1

2692 58 2098 229 Bruxelles Jacomo Rousseau  11 uered7

2758 191 2084 198 ieven p lhondem  da vre 8 dece moi

2728 365 2269 194 que trespeer et haighens payer ont leulime

2736 458 2230 192 au bont de e  du au vient acceptead

2755 583 2137 206 ie l'auroit en plus voloniers d'aresterpr a

2748 688 2231 229 dust deux a ce suieet ie vous prie q epre

2772 817 2155 210 la main et vous faire pay er le massois

2741 928 2228 249 nossible et en ce t emps men vousir

2713 1046 2290 169 donner ad mot dadid. incluse letre a

2790 1184 2198 196 de vaus sur le  pison d oƒ 200: de ohdinge

2752 1279 2174 195 dont is vous plaira procurer le repirs u

2759 1414 2180 229 et me croise qui suis versable menp

2730 1537 2189 255 Brussel vanuet Boeckmans Ady 12 xber 17175

2738 1667 2271 250 sedert ue vertreck hebbe van dagh toodanh verwaght

2758 1813 2241 229 ue mij voor het oudt restant soude pre geaccep

2734 1944 2220 206 =teert gesonden hebben en intructie om alte r

2740 2099 2270 172 e Beuff de connen schrijven dan in niet gsschies

2725 2175 2242 248 sijnde verhoepe ue niet en sal retusr sae

2753 2278 2081 224 op die ren te betaelen d'e ck sal trecken

2699 2419 2233 167 aen d'ordre Jacomo Rousseau ingesloeten de

2724 2529 2266 220 Rekeninges van de dro lackens ue a  sber vercop

2745 2661 2170 153 en toegesonden bedraeghende in wisselgelde

2738 2780 2245 202 ƒ 336 die waer voor mij gelieft te crediteeren

2716 2882 2190 190 en, est noodigh hebbende mij den peaenitiet

2727 2954 2279 208 te sonnen ue verleekerende dat ue niemandt

2719 3100 2275 216 in Antwespen soo goeden coop sal bedienen

2729 3234 886 224 als die blijve
