5143 3907
607 87 2038 193 Ghendt 163 de saedelaer Ady 18 Juli 171

676 200 2054 210 gedraeghe mij aen mijnen laeken 4 courant

679 349 2080 179 desell tot couvert van den brief nien laste

651 460 2106 183 heden den laesten daer door mij voor ue bakent

674 546 1982 187 voldaen van e £ 100:- aer 5 vlaems £175:

727 661 1808 172 wast voor mij gelieft e crediteeren

624 760 1315 188 dieben in alle occasien

597 862 1993 206 Amsterd. franc. Rousseau Ady 21 4ulst 1714

696 949 1993 210 hebbe mij deere gegeven ue  ate 17 courant

700 1059 2017 147 te sehrijven sedertis mij ue d missive selven

661 1170 2041 156 dato behanddight met advies van tweeue tras

700 1244 1963 192 als r dato ordre Joseph de mendretta £400:-

702 1339 1915 175 en d dato ordre sleter Francois woelaerts

692 1461 2010 201 £400:- saemen £800 @ 2 ¼ prete banco

692 1519 2057 183 £782:- die beyde soo well als de voorsaende

696 1648 1908 186 voldaen hebbe en ue conform in reken

731 1747 1958 197 belast eude gecrediteert voor de st £260:

722 1855 2009 177 en  £8:4:9 die ue ed. voor mijne en

697 1951 2019 219 Mijns swaeghers reken. Dhr. Pedro de man

724 2055 1964 169 aen Dhr  en mengenaer volgens

714 2131 2020 176 hunne quittantie voor de cemiste getrockne

714 2244 1906 131 brieven voor ons beyde reken op de selve

679 2381 2041 115 door der hevaller thomas Scawen geavan-

642 2430 1961 176 eeert heeft a 12 4:4 banio £ 755 14:3

731 2530 2027 196 biddende het de te doen het sijnen gehooreljcken

718 2630 1955 177 tijde voor de resteerende brieven ue beson

706 2740 2025 176 voor onseercken. hadde wel gewenst

736 2840 1936 168 een postdagh vroegher hadde gelieven te

734 2935 1820 187 tegehen In hibbe aen brief van

727 3034 1834 160 muilnane n meulenaer jaen de wetcke

710 3130 1939 154 p naesten sal dant oorden. blijve van

678 3259 446 191 herten

2780 108 2070 246 maen Le H thon Seawer En CSamts Ady 30 ulir 1721

2798 167 2159 248 Riydwant moy lhonneur de ros vos lettres   du

2784 352 2226 229 paissey et  du courant a lesjaurd de vos traittes pour

2776 400 2231 246 mon compte et le compledde mon b aupare Pierre

2794 518 2143 219 de man sur messr a e mieulenaer. J'ay

2802 589 2163 284 pris met mesires dont vous n'avez aueun bien a

2818 720 2173 211 vous plainore meais bien moy d'ault ant que ie vous

2818 803 2103 243 ay demande p ma lettre du 4 juin vre guurand

2825 890 2224 264 puis leurd faire remise st que ne me l'avez paion

2870 1038 2073 175 donne ne me faitant p lhocpeur de la vre

2858 1127 2015 208 Enfin acscunee responce sur ce chappre

2803 1223 2249 212 ascittes vos lettres depuis int  diey ne copien=

2777 1343 2222 178 peest que des expressions de manque de credit

2815 1407 2201 247 et voulez vous que ie credite des pas sonnnes

2810 1520 2181 195 que ie ne conneis pas et avec les quelles je nay

2830 1651 2230 205 jamais ent afffaires dans la contoie represente

2811 1734 2110 226 pl'auroit este genereux et honouable que vos

2858 1847 2097 182 graces m'auroient fait le plaisir et dfune cette

2833 1938 2145 221 satisfaction mit que ces sont de vos efmisede

2859 2038 2138 180 d corresfondents a vous commess depuis longes

2851 2110 2025 254 Annees cela m auroit degagee de Tembaras

2855 2213 2168 219 dout ie me suis trouve et de double provssion

2858 2315 2127 222 at ce quil est le plus de vos corrsctions dieu

2873 2467 2081 184 me gaurde d'affronser parsonne au monde

2860 2539 2143 237 sertant ces messieurs surdits je n'ay pas des

2869 2637 2145 209 passons pour cela non plus pour de cnetience

2875 2767 2148 170 tout privienne manquement de conne istence

2863 2852 2091 209 ie iecroy pas quilsy a parsonne au monde

2861 3020 2143 149 quil intpuiss b la moy considerant mes susres

2834 3119 2144 145 Jaisous e alle quees. il est bien que vos graces

2870 3196 2009 159 ontfait passer sur mon igo et en n

2881 3315 2102 155 pouvoirt les derniers  £500:- ft bien que

2831 3361 2181 160 les premiers  £500- aetous dans la comp

2850 3480 2184 172 des sordes orientalls ausry les  £500 de mon

2844 3567 2011 185 bys here lierre de man ce quere luy ay

2856 3671 2089 157 contmunigne. ie vois que cette compagere
