5211 3832
514 54 2170 176 a me satisfaire car il y a long temps asses queme

520 150 2216 195 devez aussy c'est unne housie que me recompent

498 282 2187 192 li mat Jattendray donn remise en responce

501 376 2193 182 de cette ou faute ie tireray la somme curen

522 497 2116 245 pour tii deffaire r ensemble carie ne sup

496 645 2080 248 1 pas d'advis plus bant souffris et suis en

543 788 779 129 attendant

1833 877 562 153 22 Juny 1718

461 884 993 182 Brusselle Paulo de royer

502 901 2240 229 Ick ben seer verwondert te sien bij den misseve dato 20 dase

508 1056 2194 186 doar J: ue bemende geschreven dat ue sich excuseert ven

501 1162 2170 209 ƒ400 op reck de betaelen naer de mael ick soo veele

515 1271 2141 156 consideratie hebbe van alle 4 maen de sen op reck

505 1366 2177 172 te trecken van het gene ick ue nu soo lanck geerde

509 1460 2173 188 teet hebbe isser in de commanschappe niet te doen

513 1588 2181 174 ick moete sien iets anders ter hant te trecken om my

494 1691 2175 141 ne famillie te mentineeren ende mijn gelt te doen

490 1797 2136 194 valeeren want in de laeckene negotie en can het

505 1906 2219 185 sont in den potonct winnen en aen het credit geven

507 2031 2233 147 een capitael verliesen dat can niet subtesteeren ove

505 2178 2231 128 wel om ue in alles te voor coemen ende ue te koonen

488 2218 2240 179 dat ue meer doen als ick effectivelijck can gelieft

485 2332 2234 182 het ingsloten briefken van ƒ 400s: op reette accep

381 2419 2355 173 t feren op uso ende mij weder te senden op antwort des en

501 2560 2223 177 det afwachtende soo blijve naer cordiaele groetenisse

508 2677 999 145 als een: ue bevinde

1934 2664 585 216 22 Juny 1718

441 2769 839 203 Brusselle P: haegens

485 2818 2246 190 mets sien bij ne ainge naeme 25 deser dat ue ongeliden comt

1971 2918 118 83 18 de

507 2919 2210 166 de versochte ƒ400 wis op reck op cort te betaelen

481 3011 2229 245 soo geleeft het ingesloeten briefken op een maentte

500 3114 2231 244 accepteren en mij in antwort weder te sende het osdr

473 3214 2254 191 genoch de neotie soo slechtis gae voor mijn deel ken

444 3308 2296 194 hander het saut inden toot niet bj winnen jace

468 3436 2258 204 pitael aen den intrest toe geven ende ick en soeck

486 3525 2255 176 maer calanten om alles ueyt te vercoopen selfs tot scha

516 3617 2108 138 spaensche leeckens op ue stael van 6ƒ10 a 12 1t

2774 49 2282 150 en dan ue niet liverde geporrte gelijck ue bij mij gchas

2775 152 2285 146 heeft isser noch ict gelieft maer te commanderen

2799 204 2232 257 t salie ue sender oock hebbe ick noch een gege

2800 306 2259 249 oijne carseyen ende van giene intentie nand

2817 407 2215 286 goederen te onsbieden tot hijt en weylen toe dat

2817 507 2211 256 ick eens schoon uyt vercocht ben voor het gane

2816 611 2235 281 ick bij hebbe en ue dienstig goeede moogen wesen

2794 696 2270 383 salder pris excest aflcheden blijve mmit efwach

3790 890 78 81 ady

3546 884 153 107 ad7

2822 842 1680 269 tine met het briefken geaccepteert

2766 974 2269 269 Bruxelles Jacques Rousseau Ady 22 Juin 178

2849 1144 2127 256 celle pour advis qud ie vous pre ceiourd huy

2840 1351 2212 199 den p Caisse ordre le S: Jean Ad rien de wise

2838 1442 2227 214 £663:10:9 de change ie dit proiseet soa

2835 1562 2188 201 Livres diz eschellins neuf gros de change donn

2852 1693 2117 178 ie vous plairs faire honneur re vous seray

2879 1832 2065 191 responce aue deux chezes vostres 9 et 15

2857 1915 2141 175 dn courant pour desmain epre temps

2810 2050 1280 200 de me dit estt laae

2839 2148 2117 227 Bruxels Jacques Rousseau Ady 23 juin 1718

2817 2300 2151 200 J'ay pmis la liberte hier de tirer sur vos graces

2831 2426 2102 183 en suitte de mon advis a veu p Caisse £363:9

2833 2532 2051 154 ie dit £363:10:9 de change ordre les Jean

2822 2667 2221 144 Adrien de witte ceiousd huy jaytene or renconstre

2842 2741 2137 179 unne occasion ble la quelle m'at

2845 2862 2196 129 obligee de irer aultres £500 de change a 5 dato

2885 2963 2150 199 Paisse ordre sf harles van Housien dont

2849 3061 2149 140 is vous plaire faire honneur. au resgaurd

2812 3170 2206 192 de de un d'he vostres 9 et 15 dit courant

2793 3251 2221 177 il est bien que ce s. JBasme lex is at accepiee

2822 3365 2200 160 ma traitte a vre ditre a deux usences dƒ90:-

2858 3485 2067 130 el pr en saultavor asience ie vous ay

2830 3545 2074 195 de bitle pout £43:5:6 ee cient   ces

2845 3602 2220 176 nicolas van des Borghht vous a compte pr moi compre

4534 3701 483 78 ie
