5143 3907
548 152 2189 122 fera le divident de 5 pourrent pour la deninetanée

545 229 2151 141 t'eschep le S Jean dernier et quelle payera du mois

601 299 2095 170 prochain en ayaint pcees lemiee ie vous prre

553 387 2176 171 ien donner ladvise ie vous as debitee jestofid

580 488 2140 223 pour la denre nner eschen demie mars intres

583 621 2153 161 de mes Apnuitez des lotteries et si £6:5

583 714 2093 122 pou trois mord eschen noeh de celle de banque

587 788 1940 191 Anies mais ie m'estonne ue lonne

579 823 2139 272 paje de celles la comme a lordinair p. demie

599 997 1999 171 Année ie suis dopinion que les sonds nese

587 1093 2157 159 loutendront pas et quils diinueron plus dos

611 1176 2063 214 quils nhaysseroul janfin c'est une misere

586 1315 2083 196 p toutte leurone et tu ne saay pas quelles

610 1387 2133 200 mesures a prendre pour enpla seertson argent

609 1472 2116 213 il ny a rjen a fie au contmerce in en change

586 1605 2114 186 l'un est srin grate que laultre. tous estsorce

619 1711 2053 192 et pr. conseypence q poist de credit a donner

579 1828 2056 206 let plus sages lontf a trappees de tout

629 1920 2031 219 1¼ prie Pieu quil lus plaise me conserver

598 2051 2029 167 ie vous suis obligee de laart que me

576 2172 2034 163 donnez de la loetterde ie ne la grouve pas

628 2278 2027 201 favoiable 12s me convenable cest la carson

638 2377 2042 192 que ie ne vous ay jeshoudue plustoit mais

626 2480 1971 223 passez qu  m on a sparle dunne

594 2576 1887 194 otferie des rentes viageres on de lever

577 2708 2059 165 de largeitt en rentes biageres. si celg atinee

622 2775 1978 248 ie voudrois bien mestreou placer quelque

643 2914 1838 173 argent sur la vie des mess en fans et

642 2993 1837 195 comme il g a de temps e  temps

636 3107 1921 188 occasion chet vous ie vous priee vous

632 3194 1928 168 looiovenir de moy donner si bben

625 3289 2007 224 vre on consiel que vre advis dontiie nay

650 3398 1876 187 liey que de vous es rendre grace jusques

640 3508 1904 156 a present vous priant de he pouprtendre

654 3627 2088 173 mal que fauuss avec un peu de seircomspectton

685 3692 2030 122 car croyer moy il estt necessaire daxes ce hiele

2821 124 2131 152 ou nous vs vous, il y a splui moy en a gagner

2834 163 2122 210 du ctal mais au ooonte les quetnses dis

2805 266 2229 226 monde a ganier le sien en frant ae iudrad

2823 401 2174 243 pour  la subsistence dieu plaise nous donner

2822 490 2196 220 le tempt plus favoralez que ie vous sou haite

2821 626 2125 195 de mesik ul disant  t n

2818 714 2216 257 que me trouverez capable  pouve e recure

2791 918 468 147 Services

2787 924 2121 270 London B. van wingher Hunior Ady 7 ugust 7721

2842 1031 2114 228 ue aengenaehe 4 past. is mij wel gewar den

2826 1180 2140 183 met de ingeleyde arif atie waer bijgenseghen hebbe

2831 1280 2125 146 gevonden synde ue seer verplicht voor de gescoemene

2850 1372 2125 226 moeyte wenschende de occasie te moogen hebben

2877 1487 2066 174 ue recproque dienst te doen de s £1:8:7 voor

2893 1582 2116 166 de oncosten hebbe aen dh. ue vaeder biraelt   88:6

2894 1695 2118 143 laems £2:-:- ick hebbe nogh een parteyen in

2882 1783 2101 218 berganes ten laste de suchee compt die

2914 1874 1991 226 en portent te betaeleen sij n esxniet o a

2891 1941 2145 221 paem connen gestelt voaen die sijn tereevende

2906 2095 2091 166 onder messiers sehanden en toequeel ue dal

2904 2181 2050 195 mij insgelijckx doeer ingevalle dae veel goetheyt

2903 2292 1905 215 gelieft te hebben ue eens e safarmeeren

2888 2386 1972 180 off met met ditto heeren gedtelijck magh

2899 2476 2127 212 landelen en my dien aengaende   nsot ma

2922 2563 2085 181 en sentiment te commauniceeren en het selfde

2907 2677 2105 156 te secreteeren sal als ick taen regesie oock sal

2908 2746 2053 180 doen oayt men weet met waer sich heereen

2885 2837 1900 208 oft betrouen b dse doeve a het

2874 2957 1613 185 versackte alwaghtende blijve

3790 3035 1132 182 Ad7:6: eaut ƒ721

2807 3068 880 179 tonnaye  cal

2853 3107 2179 237 Jay deun tes cheree vosteed a s roupe du 29 furin

2865 3258 2068 145 ef 24 du passée liz est ay monsieus & dis

2852 3359 2132 169 beaucoup de consideratzon pour moy et bannouts

2852 3430 2179 172 de primes et ce la dn affnge let facharies que ledt

2869 3520 2120 180 stevenasts n a cause sout inexprimables. Jam

2854 3613 2198 124 det lettres que it ette losez a bescrire a ce sureet

2829 3715 2135 102 den porssa dicelles dout je surs charge: lintrese
