5052 3855
690 68 2038 174 dans vs actions  de plus en plus favorable

702 145 2033 171 ne seay que faire  ne vendany amoins is avoise

682 245 2065 162 advise q je vs pae me marque en reponce

699 339 1968 179 cette pr rendray mes mesare a l'advemant ie

688 439 1975 180 que m'oblige a fatre vendre en hollands: et que

697 537 2031 191 que l'onvy fait de plus grande prix ordenaire

684 632 1966 146 mant qa londre ie vs ast tous jours escerez gdone

690 715 1992 183 voudriez avance des mojens a faire valois l'argent

678 800 2063 197 et as ne faite men cependant il y ena quilnq icy

688 912 2055 144 net gros en des toesscrepteons ca is conte quilsa

690 1013 2067 171 este susques a 10  par chemaine celion quon

661 1112 1607 203 nre dit je vs salu et suis en attendant

666 1216 2071 228 P. il plabra faire procurer l'acceptation de

684 1344 2062 194 la lettre aay inclux & du court 2 usance a charge

681 1441 2062 210 le pr Joseph hyam de e 200 et lagerder a la

707 1584 274 120 aj

732 1532 1984 207 j'as posction de la secondeon fadite d'acceptee

694 1678 1651 223 pon de me la renvoyer avez protest

591 1798 1880 214 Mons J:B: le Bleusd 16   1720:

641 1890 2110 234 je nay jamais a este plus chagrin q'en receved

674 2051 2067 200 vre importune letre dus 3 jullit. etle chasquant

686 2151 2070 214 rapport q le messager genaet ma fait de vre part

672 2295 2073 166 vs seavez en vre ame q me divez et vs me contraind a

682 2357 2031 166 a donner quittance s'absolue ou faute luy ordon

692 2450 2047 187 nez a me ne point compter ce quil m'est die

668 2556 2043 156 ne vs sustit il point dont que vs es tes mon dese

689 2662 2015 197 eu pr plus que ns me faitre compter est ce la

697 2797 2022 158 air en chretiern ou sef selon les loivss de Dieu

674 2863 2079 228 sout ceba les recompences pr le longere dit q je

717 2985 2006 133 s'ay donné et la consideration que jareu a

695 3083 2048 169 vre esgard si vs n'avez plus besoing de moy paye

702 3164 2023 181 moy et addressee vs ouil vs plaira je croy q'un

691 3281 2053 169 proces vs accommodera moins q a moy et ce peu des

691 3372 2029 192 jp vs advertie q je vs le feray avez beaucoup du

687 3491 2058 174 plaisir quoy quil me cousferay encor 100 pistoi

720 3570 1999 189 outre que mes devez pr vs a ppr endre de quelle

2782 57 2217 231 napiere vs deux pr agin avec les sens que vs donne

2825 155 2097 168 ue credit ou vs nen aurez peuttertre a beaucoups

2831 246 2138 182 d'autre et que vs ont menagle com en comme

2828 355 2155 202 doit faire a l'esgard de suine marchand entin

2859 455 2115 170 iay des motify aupersuis pr vs rendre confus et

2852 544 2141 211 pr vs apprendre les menires l'a pr vs defalque

2842 655 2100 176 ris selon vre bon plaisir et farez un compte

2859 797 2091 150 e fans je ne pr ensend pas a des rachn

2854 839 2066 184 vs p n'aver qa me respondre et a vs

2838 952 2126 159 resondre et celus bien tost et a me donner de

2844 1012 2038 267 la satisfaction croyez que je trouveray des

2868 1124 2105 277 gens quils vs apprenderont come il fautvirre

2883 1320 305 166 e his

3974 1300 845 223 16 Jullet 1720

2849 1371 719 240 Mons Jonaert

2861 1442 2075 289 je ne neeet oblier l'impertinent complimet

2858 1552 2125 289 p le pr GBds le bleux vs at obligee a me fairaie

2851 1674 2162 208 ten je suis enrage ne ay suffit il point quil me

2849 1781 2116 257 doit plus quil ne me fasse compter pr le reste

2859 1907 2125 213 il pouvoit dire ce quil  trouveroit a po

2844 2006 2159 262 pos a me dirx je ne sais pas un homme a pre

2865 2142 2129 182 tendre a quil ne me seroit pas deu car dieume

2857 2238 2081 204 garde je ne veu pas un gegot de personne mais

2862 2348 2136 215 on voit l'intalirce  lairogence il ny a rien

2861 2468 2144 189 au monde plus diere que se voir mal recompensee

2867 2577 2138 203 voucy inne lettre inclure pr luy vs aurez la bonte

2882 2689 2117 178 suir la metre en mairs et en meste temps luy

2864 2776 2141 156 dix mes sentiment je vs des intressera des traix

2876 2880 2144 179 de port de la lettre et je vs prie me faire des pon

2862 2992 2149 138 me marquer si vs me sautantirez a vre premeu

2858 3064 2136 186 voya opiles 300 provisionelement ou non au

2888 3199 2121 151 trement je seray oblige a prendre mis mes seres

2873 3274 2095 182 cest la race que je vs deande et en attendent

2866 3405 1087 192 vre responcs je me dit
