5211 3856
446 70 2189 193 and transfers one thesand pounds credit in the

426 167 2220 243 principatle stock and ffuyed of the mites Company

458 261 2133 209 of merchats of England trading to the east indies

467 425 2143 139 vor etny part tot parcell there of to suuch person

462 520 2052 182 or persons at shall buy and accept ghessorme

456 652 2258 183 nd  and otano for such price

479 750 1997 205 and such manner sat hee my said attorney

466 853 2036 213 shall thinck fitt and to receive the monney

476 965 1961 262 for the same for my ise and upos receipt

476 1075 2217 258 there if acquittences or other vifficnnte discharges

453 1228 1985 216 for ha same for me and y my name or

486 1326 2150 193 other wise to make signens give as occasion

449 1427 2135 198 shall be or require here by ratifyeing and

478 1530 2224 225 contirminn and holdiony los srt and irseveable

448 1638 1998 227 alland whatsoever if said aftorney shall

446 1764 2214 218 legallj doe or cause to be done iun and about the

453 1861 2181 223 premisses by virmeand in pursucance of these

433 1975 2097 202 1 presets n avirness whereot 1 thesaid Peter

451 2071 2105 200 melijn have hereunto sett my hand ans seal

477 2192 2038 200 at Antwerp he thisteenth day of esprisone

481 2275 2211 219 thousand leven hundred and Eghteen and in the

474 2405 2119 234 foutsn year of the Beirgr ofL. George by

470 2477 2170 196 the araes off God of great Bntann Brans and

457 2651 648 185 fresand hiny

1849 2622 673 253 ejn d

427 2733 1443 192 bealed and Delivered (bieuffiist

462 2848 1393 136 duly stamps in here pres

635 2954 263 80 geteef

439 2959 758 183 Jacomo De Pret

470 3069 581 165 van nos

467 3085 2235 245 ens infrascrre notarius Reqis  et distriete

457 3283 2185 157 husus esvitans rn en ucan Brabantie

465 3348 2240 230 of fabellio pblieus de claro et atirmo quod donnu

460 3439 2166 218 Petrus Malijn qui hoe insorumentum me presente

445 3535 2214 183 mann propria lubsignaiit et sigillo cntirmaiit

471 3621 2212 163 mini sopme nouts sit un sunt ipain  a jacobus

2829 76 2116 135 de pret et Pepus van nos qui biden me et

2828 148 2194 208 tesies  subscriptere in quotu dem

2797 285 2214 202 ae voour lat mans propp14 signo et se gille

2859 420 2127 174 nio auverpie lae becima tertia mensis

2876 549 1665 200 Apilis 1716 stilo novo  as

3590 587 1481 254 Ldg  48 buysAen not b7

2862 751 2138 231 u annversis et singulis presentes litteras visu

2896 909 2183 186 siul leys auduris nos consiles et senanis coupand

2904 1028 2160 197 antvernie salnes, nomm faeimiser harim sorie

2912 1132 2073 147 attesfamur Guillicnus van der crusten

2925 1256 1939 181 qui precedens instramenion subr 0:2

2886 1371 2187 160 sub signavit ette notarteint peytuen ex e mess

2894 1478 1928 208 huins diers livitais bont  et fanse

2893 1575 2150 225 iasm meustis et scripuris pr envee lie signans

2907 1700 1988 205 omnino uste adhibitans et a dvie ad hibers

2898 1826 2018 209 plenain si dem in pi dieso et extra sine dilo

2904 1948 1984 202 mals in cuius s testimonum sigilleim ad

2910 2052 1769 181 cnrisas huins diets civirans Antwestrie

2888 2146 2076 202 pres ennous appous jussims casdemque a

2869 2269 2098 153 secretario napr urato signari cu ravinnie

2880 2372 1927 152 die decima rertra mensir Aprilis 1718

2847 2513 828 174 Sigillu meivirans

3890 2513 1084 196 geseekent of van hussel

2777 2718 2278 266 Londoen thomas Sander dhandt Ady 3 A2172

4600 2895 409 97 28 nary

2825 2881 2192 222 pour responce a lhonneur de la  e court

2827 3011 2172 163 ie vost que vous secondez mon dessienet

2796 3136 2178 147 que vous este & de la mesin mon pie

2828 3244 2217 185 moy ie vous remerere pouravre boe courries

2826 3389 2130 136 ie ne m'ess suit mal trouve jusques icy

2847 3460 2113 193 a le suivre et p consequence en espere

2809 3588 2240 179 la commuasjou ces boonne forune et ie vous
