5097 3855
559 56 2044 195 Amsterdam A: Rousseau 8 april 720

628 176 2075 235 schrijve ue heden advocseur large op antwoor

659 298 2017 162 ue 2 missioes dato  pastan teet vertroa

649 406 2020 178 we ue wel sal geworden gedraege mij gants aen

634 495 1937 193 deni selve  noopende mijne 500 aetus

673 598 2039 193 iede banque tot londen die ue can vercoop

662 712 1907 208 oft behoude naer dat ue best geraeden sall

665 815 2045 212 vinden mij gants op ue verleetende ingesla

671 942 2004 209 ten den breef waerin is mijne pis curaie

630 1038 2021 221 voor Ph Danck Kaijs tot londen onder wee

667 1158 1998 159 die wesen met ordre ue ordre te volgen

664 1266 2015 147 ender de selve op ue ordre te leveren pe

679 1413 1926 187 coopt ue gelieft du sto mijde brief onderce

675 1484 2017 242 couvert te laeten afgaen en hem te ordon

683 1621 1937 167 neeren ter leveren op betaelinge ende en

570 1737 1992 216 vercoopt ue niet den selve te behonden

663 1866 1878 196 ue can my die maet naer datum weden

659 1968 2022 251 senden de selfde ordre heeft ue voor mijn

697 2109 371 138 broeder

566 2200 2085 193 heeft gedint tot convert van den voorenstalude

593 2307 1974 216 rief en sijn beyde met inclos den brief voor

600 2428 2030 221 Duniel l hays ataegaen aoroitur cchansighe

562 2557 1936 197 door mijn broeder Jan Michiel aen dien

610 2675 1967 218 offiuael Colins opt toen commoin die

567 2787 2067 258 belooft heeft dat brief sweh sal worden

561 2945 621 222 Bestelt

487 2993 2191 224 Lonsons hatles Billenuer Ady 10bril1

608 3139 2036 243 op eour. Hebbe ele Ed. Large geschrever sedert

615 3289 1922 172 verneme dat aen diist soo tot London als

576 3401 2038 166 Amsterd soo groot tis in de negotie des actia

570 3557 2010 149 dat de suyt de comp tot sob is op geloemen

613 3615 1992 182 het gene mijns oordeels niet als e

2756 45 2180 250 n tul connen voorts brenghen ende te vreeten ts

2746 190 2173 221 vell reckert sullen gevonden worden en slechte

2754 273 2248 304 briuven daerom coeme andermael ue  versocken

2775 417 2056 277 van welte letten van mij in seeure brieven

2770 531 2201 246 te remitteeren oft niet connende te sracken

2764 627 2230 338 Ick hebbe lieven te trecken en op iet Ed antwoort

2781 801 2105 216 sal mij naeriedvenant reabtteeren preket

2776 922 2208 270 hier London 2 usos  367 om een groet 2a3

2805 1025 2189 248 1t de moente niest weert te en remisseer

2800 1158 2187 238 en soo groote risice te loopen verwaghte

2816 1284 1689 277 dan ent woort en bljve

2774 1414 2156 246 London schappensen Edwande Ady 13 Aprill 1720

2810 1557 1977 177 alhoewel osijn ick oon moeder de wed. thersen

2789 1658 2196 203 Brroeckmans ue d op syne missives mede uijt oisien

2814 1775 2141 226 naem tijdelijck heeft beantwaort goo vinde het

2800 1887 2163 220 mijne richt te wesen uk sy dekeliek godden ie het

2799 2006 2162 225 selfde oock te doen synde op ue r miss vos dato

2831 2138 2146 187 26 eu 24 februars 47:15 en 18 meert onde stiel

2837 2218 2059 229 principalijck alle ver den vererots mijnder

2816 2330 2109 252 1 ƒ300: cies e ct a 17½

2843 2448 2176 219 rendeerende volgens ue  gesongene  algeerte

2831 2567 2197 211 oncosten en provisie  £864:8: waer op

2830 2649 2195 236 ue geremisteertt heeft aen mijn duytedofe da

2832 2807 2191 203 de Ripssaes in Amsterdam 500: aƒ13:5

2842 2923 2068 197 verders rehert cour. met remises aen or

2840 3047 2051 143 van mijn sehdonmoeder voorts waer nytn

2821 3158 2174 192 sel ue mij moet goet doen st ƒ577:6:

2816 3256 2184 179 in die an dtant te grepen het divisent

2848 3386 2082 179 si £ i5 verschenen kerserisse mj en versors

2826 3466 2061 154 niet ir restecreere din det den coope ude

2824 3587 2068 143 looneide shalf gaer toecaemt vervolgens

2837 3666 2061 126 gtaeme my te compiteeren het halt er  ue
