5175 3837
282 67 2263 181 l uy a pas moyen en nre pays a faire valoir

274 174 2216 187 son argent en ancunne maniere et de

292 279 2242 208 les billiets de lotterde ie ureray encor 5 pou

299 411 2221 217 cent pretne j'espere et ie croy que ne me

276 528 2271 246 le Bourres pay de consellier saiurrement

268 663 2247 228 rene le sevoit pas esperant que pourrez

299 757 2264 267 faire cette employe pour pmoy et attendant

269 907 2040 227 honneur de vre responce ie me dit

207 1019 2030 256 Londres le chee homats caenen tou

1803 1133 693 219 ƒ67bre 1717

2276 1240 271 119 milli

257 1227 2293 290 Jay reccu en son tempt honneur de la vre 6 detouss

289 1382 2230 176 iay veu au ne pouvez reussir pour accomplis

283 1507 2245 202 mon ordre et que les actions de la compp. ds

271 1624 2277 231 indes sont deeline de 206 a 185 et presentement

262 1745 2243 205 sont encor a 190 montant en cor estant an

265 1875 2153 227 lien il y a de cours a faire mais pour

291 2004 2094 209 noux estrangers il ny a rieng a nous

191 2090 2360 260 contenter de lintr t plusque dele considen

277 2242 2262 272 plus dobstaele remonve et moins puisie

279 2379 2255 217 inge refondre si le sond est bon et pprin

292 2469 2262 249 aultre prenne y partt e un prix so excettive

1223 2603 204 107 mel

293 2608 2197 256 de 190 @ 200 que puis de faire a les tenir

269 2723 2274 241 si long temps que ie tire encor 5 pourcent

289 2835 1992 230 dau bant que ie ne cherche que de

299 2929 2207 255 occasion pour avoir de lemploye pour

302 3078 2244 215 mon argent Dil seroit merme a un ime

269 3206 2147 240 plus moderee me voila done montieur

271 3317 2276 183 resoly a tenir ma partie et ne me pointen

263 3432 2186 265 gefaire puisquil an tombe ainsi a moins

295 3535 2216 248 que ue me le contellerrez positivement

2667 69 2266 180 cependantie fou haitte vre advis si en cas d

2672 232 2263 136 venements que lonne pirs prevoir ou d es

2683 288 2191 231 querrez quelles pre sent surveir sil ny

2686 399 2189 231 & jamans de confis canon chez vous des

2701 550 2276 244 effecrs des estrangers cela pour mon

2679 696 2207 225 gouverne den resquare &de mij e

2644 793 2308 195 300:- puis que ne me voules faire bon

2678 912 2274 295 que 2 pourcent  etp: aime mieux

2727 1089 2270 190 g'actspriez en billsers des losterses de lannée

2714 1172 2284 230 1711 a1712 e 300: e nouvants avois

2696 1290 2084 249 au nars letirera encor 5 pour cent

2683 1404 2287 294 pretun et il ny a pas in dien pour disposer

2707 1546 2282 206 aultrement de mon argent r quil me

2711 1680 2090 239 couste 3516 et le change reste S. ingrat

2749 1799 2160 211 en cht que vous achepiez vous les passerez

2691 1970 2302 195 aussy en mon nom et me la reseure iorsez

2679 2038 2285 241 comme proprieteire attendant de vos

2692 2172 1144 203 nouvelle ie me dit

4490 2206 341 112 o ot

3918 2219 816 262 Add 7ber

2677 2315 856 176 mons et Detoust

2714 2421 2275 199 responce alls siennes 16 defoudret icouram

2685 2503 2134 221 remirciment pour les lettres quil me la

2724 2648 2245 195 renvoyée sans estre acceptce au resgaure

2715 2734 2279 197 de cet devoirs. advis de   du 2 dit

2705 2881 2287 179 sur et joossens payable le 15 du cour

2732 2982 2176 200 de eul en piesces 11o quil lat accepte

2715 3081 2236 214 et que lastend p la la valeur de ƒ44 de

2699 3200 2157 240 change au reste recommandarions

2708 3376 1627 220 et oftres de mon serviel
