5198 3815
525 64 2193 168 Ick valden op reken trecken met smands van hier op

514 139 2030 167 licht oft een a twie daeghen dato gesijen ue dan sal

543 266 2185 189 adviseeren ƒ 400:- wisselgelde avant seket at

548 368 2218 199 present tot Brussel bnd ousseau geen gelde noorg.

545 461 2186 239 Ick versoeke ue de goehendt te hebben van dit

550 606 2076 191 prompt dan te willen voldoen ue sal mij tet

520 683 2246 205 thooghten veroblgeeren die naer minsaeme lirde

495 808 2133 244 reniste alt aen we ue beminde blijve

477 934 2239 228 Brussel Panli de Broyeen  Aad  eb Bar 1719

560 1055 2162 201 verneme door oe ar ul en da

547 1132 2132 229 deser het assterven van ue schoonvaeder da

2639 1293 119 87 de

577 1297 1924 180 noch onbekent wese goedt wist orue siele

546 1364 2149 243 Berunkeragh wesen ende metis uleet van ul

576 1511 2125 205 verlies om ue dan andermael dien t te doen

574 1639 2173 177 gelieft het ingesloeten bruyken aen mijn ordre van

574 1740 2194 222 ƒ400:- wisselgelde op uso op rekent te accepeeren

602 1850 2170 195 en my geaccepteert in antwoort deseraf te senden

563 1956 2107 221 en bljve oock in afwaghtinge dat ue uy

586 2056 2158 256 corsten eend sal coemen besoeken end nge

524 2207 880 173 laekent afcoopen

1703 2224 977 214 de 3 Jebuari 1715

456 2293 1150 212 Brussel Joapnet Kaeyhens

546 2360 2184 255 In antwoort e0 me t past advoncere dat

572 2540 2163 167 het drowige bijden s ende dat ten die soo wel

560 2655 2202 170 gewaer worde als imandt andere heeft ue betaelt

572 2736 2179 174 en Ick hebbe consideratte gehadte van andere geloove

533 2840 2237 150 dat ue soo wel als van mij goederen noch heeft sonder

548 2938 2180 164 dat en can men geen wisckel houden isin

550 3061 2173 156 om drjnveeken n oft meer wille geerne ue

529 3156 2213 150 dienst doen  gelieft dan den ingehoeten brief

562 3259 2100 157 ot die weeken datd van ƒ400:- wisselgelde gen

584 3396 2146 132 rekeninge te accepteeren en my in autevoort

520 3464 1918 207 deser afte senden ende soo blijve

2808 62 2068 160 Rotterdam Jacques MesereAdy 6 febrparii 1719

2834 165 2167 161 Ick hebbe deerencanwoorten ue Ed mishoe dato 27

2820 255 2244 160 spass en te vervolghen den inhout mijnt laesten 26 ditto

2835 352 2150 185 sijnde de antwoort van den Const ohbaen van Cael

2807 460 2207 191 dat hj noch bij geestelijcken noch bij weerelyckenlaedt

2808 577 2286 177 derfgenaemen van de wede de schepper en can aen dae

2813 684 2148 189 aen mijne propoertie de aenveerden mits met

2835 754 2208 237 profijtighter dan e ie olt ue perespeeren wltrogs

2836 862 2247 239 partie sich fondeert hebbe van synierte de neden gevraeg

2821 979 2143 203 en seght dat sij noeydt vorder in rechte als ick hun

2836 1098 2237 201 verghe gecondeineert comen worden ende dat sy

2847 1194 2041 181 shafte genoegh hebben den hunte desendeeren

2841 1310 2231 162 reden dat de hinderen het cappitaer gewonen hebben

2845 1399 2254 176 alhoewes op moeders naem ende dat sij ter goedertrouwe

2849 1512 2063 200 geageert hebben gelijck j noch continneeren

2858 1627 2202 157 om de crediseuren alst hun moogelijck dal wesen ick

2852 1742 2223 161 villen te voldoen dat sij tot preuve van dien 20 presd

2824 1819 2278 165 van de convreste hebben vre willigh betaelt sonder van

2856 1946 2154 130 de crediterren daer soo ne practt te worden dat sij

2844 2047 2258 136 hunne moeder hebben gedisponeert de crediteuren met

2852 2151 2124 175 25 pres by haer testamente verderte verseekenen

2850 2258 2210 186 ue gelteve syne reslerre hier over eens te laeten gaen

2848 2362 2152 216 be provisie sal mons regrelle de cettie van eteie

2853 2470 2159 186 in faveur dereitrren dese weeke passeeren en

2831 2577 2271 169 men salsien hoed it  sa voorcoemen en oft sij geen

2845 2681 2237 144 naerdene gedaghten uls dan tot een accommedement

2854 2815 2145 136 en sullen erggen ende vervolgens saemen eene

2847 2906 2246 182 couvoiar der crediteuren legghen vant patseerens

2831 3001 2088 136 en sal niet naer laeten ue te aeviseeren vot het

2861 3144 2224 139 entaineeren van het proces sal men tydit genoegt

2855 3205 2204 135 coemen ick hebbe dh Aebaen vanderenn van

2857 3342 2150 144 mijn wwldewaeren nenniste gegeven ick bedancke

2874 3427 2175 161 ud d hertelijck wegens gegeven adviser. ick hebbe

2887 3539 2142 120 met m ons hier van scarenborgh daer

2866 3645 1995 110 parteyken brande wijn in comp geardonneert
