5143 3903
573 115 2120 177 que jay sonffert apres luy et a la fin il presende

622 208 1906 147 encor de la d ue ventr a pr enn

635 341 1913 138 honneste homme et comme leu poursas

648 414 1914 184 respondre devant ieu mais n'est le spas

617 511 2034 210 fatul pour un marcand estre chesorinde

641 620 1984 181 compmante suis de luy vil est vree le temps

553 702 2164 214 d apresent  et in grate pour tont

610 833 2036 189 le monde mais fault ie que to uy en suis

639 930 2063 216 quarand: sil n auroit t pas e sulu achepter

585 1047 2095 152 la marchandise un aultre lauroit achepee

597 1156 2096 175 et part estre l'en aurois este satisfast et pries

597 1225 2120 232 pla hanoe dncor pretendre de la dimsmun

624 1329 1988 215 ceta me desole mon obstant  lest vras

610 1406 2019 247 ie luy ayz escrpt la lettre dont me faittez

592 1559 1969 196 mention et que la  femme vous a fait

634 1653 1998 186 vour sil lault dichineer quelque chose

654 1797 2010 183 glissel le en surs content t comme vous

561 1929 2055 145 e  cre houvenable famis plus tost

604 1984 2108 218 panr que de faire  ms afligee comme

616 2115 2008 132 il est dont epant te me suis la

635 2182 2031 186 cause sorte d'a ffaire au mom de Dieu

611 2327 2023 118 et desi vres moys de cett homme la car

600 2389 2015 159 sen suis si las lque ie ne puis plus esortre

627 2487 1962 141 a ce suiret tou le 1 commandant

652 2613 1055 161 ie me dit uwee respect

1710 2637 958 203 Adij 18 detor1771

504 2688 960 206 Monset Galb in

653 2785 2024 248 il fal pee ie vos donné advis d'a vistien

651 2913 2068 210 pecep en te honneur de lacken ve

638 3005 2065 221 lo min dernier avec un billiet p le suel mons.

648 3121 2038 209 le maisom: B. De Lassani qontesse vous estie

654 3235 2012 222 redevable da comme de ƒ7:8½ aussy que

602 3337 2026 237 ledit monsieur n'est pes encos a trivee en

632 3478 1910 182 fuvers depuis estant malade selon le

642 3582 2000 168 rapost d'un certan monsieur quil tournisse

632 3657 1954 182 argent an regiment ansques de me

2774 94 2209 237 suis addressee depuis ee temps la aultre de vois

2776 220 2061 208 iene mies faige ce que ie trouve a props

2801 340 2100 202 vous adviser vous priant me fane faire

2776 433 2038 255 de ce que me dtez car en consennerdez

2787 542 2050 259 y a du tempt desss repuiz que me deve

2782 652 2129 221 ie vous lenvoyer ay seditt ilbetiie

2783 756 2146 283 ndt J de Sedolaer ndy 16 Aurne 1e1

2783 880 2232 238 met ue van 17 courant de coeme amise

2788 1037 2161 189 op Ja cob de Connes van £83:10:- waer voor

2799 1128 2181 213 het noodigh sal besorghen neme in achteden

2799 1251 2112 204 brief be mij a drs on ue versoeck aen den

2793 1347 1677 157 vous de se ne pohecours. bee

2782 1416 2244 251 ghendt ƒ63 de saedelaer d7 26 en gustr 173

2790 1550 2180 179 ue remitteert mij dato 19 deser £126 op Jacobrs

2789 1639 2196 187 de Coninck waer van voldaen ben h ingesloete

2779 1760 2140 185 den brief door mijn vn ue Reken. voldaen

2796 1870 2118 177 t £120:-- 33:8 ekems £214: p

2800 2003 471 177 blijve

2763 1984 2215 300 mons A. Hallogn Ady 33 xbe 171 1721

2838 2189 2193 193 ensuitte a lhonneur de la vre 28 du co prant

2823 2269 2190 174 je vous r'envoye cy raclite le bill  ƒ78:8½

2820 2358 2145 233 courant acipte comons: le maror pr p. de

2791 2492 2236 214 l'asfanr: Dous re divec de reste ƒ106:0 argen

2801 2620 2203 192 de change et puis que vous juqez vous preme

2798 2746 2198 186 que le temjss est tasses lo que me derez je

2807 2854 2172 193 in estonne que perele diminution & est

2828 2955 2068 166 une misere j'epre marchand dans la

2810 3076 2187 153 continchure presente ie ne pris tires cette

2816 3198 2058 152 bagatille envoyes mo sargett p be

2811 3285 2225 178 messager  ie luy vocray qmittence

2829 3387 2115 201 absolve dont vou sere mifolis den

2810 3505 1245 182 alf endant pa meede
