5179 3856
623 101 2139 131 quassantte vn   vous gevern  di medd geven

601 129 1985 174 1 oft aen H. Lours Baut afsenden maer dat t

563 232 2178 189 & maer alles woordenten sijn en questie oft ditt

612 334 2075 144 heer die nu sal voldoen in contant oft i

546 440 2195 168 ue wisselbrieven en misschiey wederom maensen

606 521 2054 174 laeten aen oopen: oock dat hy excusie heeft

637 625 1938 187 genoemen hopende den de charye brief hem

580 737 2093 180 behent op de staeten van Brabant van ƒ50000:

583 834 1985 145 dat die niet geaccepteerter wirde a

633 955 1944 157 van consent dat het n consentis dat hy

525 1094 1836 119 i daer voor gelieft sorghe te draeghen

551 1164 2135 166 dat hyont mj soo een iaer heeft omgeleydt

584 1260 2068 182 dat ick alles moede worde dat hy maer

611 1363 2024 153 en heeft te sorghen over te coemen ene

595 1481 2029 151 te adsisteeren het soo te sullen dat ick

580 1570 1960 179 een mael opt sijn schrijven en beloften

578 1713 2030 153 cay staet maeken oft dat ick ander

581 1806 2069 161 middellen moet bj de handt eme s

575 1915 2062 199 o2 Ghendt Francois Teraerts Ady 83 Aupusi 1722

581 2021 2087 175 li couft hebbe ue op ghendt geschreven daer o

625 2129 1947 197 ontfange eerst heden ue missive selve dato

624 2240 2107 220 uyt dandermonde beantwoordende mijnen 6 ditto

581 2342 2067 228 Ick sende dan int cort ingesloeten copge van de

615 2456 2087 193 veute brieven der lifkenten op det lande van

644 2521 2014 231 etelst die op de ljvender hijnderen van mijn

622 2637 2051 223 broeder soo wel als van de mijne van een ende

627 2758 2098 166 den salfden teneer wesen. ick ben bljde ue elts

600 2856 2154 182 naer et est sal yaen, ue can sich daer van hetendn

623 2962 1889 218 i sorghe dral heu dat ditto lufsenten wet

637 3046 2092 252 decregidtreert worden. het is wel droevigh

595 3157 2026 224 eecke res contres te ontmoeten. bidde dat

611 3289 2151 199 sulckx voors toekoemende geredresseert worde

620 3389 1928 200 ende dat wij moogen weten van wie onse

608 3492 2027 213 quittantie sullen voldaen worden sn die dan

605 3593 1952 193 iet te opue antwoort & sonder en mij hier ope

618 3712 1720 78 verlaeten mons: en wijen is heden

2813 53 2137 212 vertrocken en heeft de quittantie van u van

2798 163 2136 227 leveren mede genoemen laetons togk doer

2817 273 1857 209 Godtthuspe een eynde hebben want het

2808 337 2117 268 e haerineert mij soo daenigh dat ick het ue met de

2845 428 2158 304 penne niet en ean eapsri meeren in afwagh

2808 615 789 193 SAnde beve

2770 674 2200 299 Ghend JB de saepelaer Ady 13 &urutti 1722

2800 788 2160 271 op 3 augisnis aen ue mijnen laesden sedert

2790 921 2154 202 geene van ue becoemen sende ue ingesloeten

2798 1034 2187 220 sceisicatie die mons. sira mij heeft overgele

2769 1161 2121 249 vert wegens den verfloop op ue versoeck ue

2827 1284 2106 208 est noodigh hebbende welst sccheps van hem

2790 1385 2150 242 prompt en wel bedient sult worden tot ƒ32

2779 1509 2184 205 wisselgelde ongeperst de breede ¼ failie stoffe

2796 1627 2109 226 ae  34 geperst perpetuanen ert en

2794 1716 2194 217 luperst stael cas voor swert & 21 ick groete ne

2791 1897 578 184 en blijve

2781 1949 2106 228 London Isal delpech Ady 19 August 1722

2790 2083 2128 234 my acey l'honneur de la vre 24 du passée

2795 2189 2222 221 ginelus vre ceriticat. ie vous en ay de sobligatsos

2817 2306 2087 206 le portent de ce vous pettera et mains

2829 2452 2177 186 les 17:7 que ie vous fait tenis avec beancosp

2874 2526 2033 233 de plaisir sil ie vous puis rendre les vele

2887 2680 1986 169 en ces quartiers escrivez moy en tocettes

2824 2810 996 199 ooccasions qui sur

2790 2821 2232 268 London tho Leaweordes Conyp  Ady 29 detor 32

2796 2986 2225 244 faute doccalide ie n ay fait responce a la vre

2805 3128 2182 194 si may dernier ensuriste de pelle pe vous s

2807 3256 2153 155 obligle pour are advis dont ie me reposeray et

2804 3313 2190 217 fsendray mes fonds a temps que me condehlera

2824 3417 2132 161 m'en de faixr asperaest pue ne manquite py

2807 3510 2217 160 a m'en in toinfer asex occasions que ju gerez l

2799 3619 2189 117 venable Itl comme lintrest d

2831 3682 2170 108 schep  mars est payee le mesme le divident
