5097 3855
452 69 2099 191 London Challes Rollenger Ady 26 febru1710

521 227 2067 162 gedraeghe mij aen mijnen van 10 conr. en contirmeen

507 302 1888 168 den inhout met besoaghsie d bbrven van Costs

562 391 2070 149 berleden saterdagh her aengecoemen wort den

556 489 2098 231 pris der aenes vande Grige comp a 176 qur

523 603 2068 219 a het apparentie de seve wel op dvo mogette

572 707 1969 189 coemen in welcke gevalle geraeden vinde de

512 821 2006 176 s £500:- onder ue positnvelyckd te vercoopen

533 896 1909 269 ja al wadt a een hondert vit aft

548 1010 1998 213 iest minder allue het selteaen de moet vinden

517 1101 2016 191 oft speculatne maenen die souden daelen waer

550 1199 2042 201 van myn ittrest ue als eygen recommandeere

526 1321 2050 211 met versoeck dat ue de occasie niet en soude

522 1431 2023 187 laeten passeeren: sullende dltijdts approbeeren

575 1520 1966 208 wat ue hierijn sal hebben  elvolien

468 1596 2192 231 divident eersemitse de vallen en mj competcerent

488 1733 2076 184 mist de st £500:- op de naem staen van

557 1823 2072 175 maria Coustanta roeckmans can ue deselve

518 1882 2156 239 op leverrge vercoopen sullende o ue advies

505 2060 2091 211 dgu iustantelijck de procurane senden soo dat

541 2122 2062 247 ue naer de procuratie niet en gelieft te waghten

544 2240 1833 221 ingevalle sich de occasie soo savornbel

526 2331 2092 246 opdoet my dan gants hier in opne goede d

529 2475 1658 197 en mite vertrouwende blijve

541 2564 2037 203 voor mijn  £500 benvent de  £500: van

537 2674 1749 205 michiel van havse iusgelijckx alt boven te

1612 2782 700 157 sonder seckent

558 2835 564 172 reguleeren

1395 2856 1205 194 Jan michiel melijn enie voor

1329 2978 835 180 oan havre

494 3063 2131 272 voor mijn en 00 te doen als hier leven vermeht

1590 3201 639 175 onderteckent

1522 3322 960 191 Dawill Jerardo heen

866 3335 922 353 2ndt

2718 68 2115 205 London schippenten dwards Ady 26 februi720

2786 177 2122 203 ue aengenaeme 27 sber a hebbe wel ontfangen

2781 341 2113 164 achter volgens van a:vinu de dorpere renen van

2790 421 1998 180 vercoop mijnder lotterge lotten en remise iet

2768 521 2144 196 seght miet den selven gemanqneert te wesen soo dat

2773 665 2117 215 Ien hoet Danes 3B alves ben adie bedanck

2798 766 2201 190 voor den diense mj hier in bewifen met de longh

2776 883 2214 195 brieven van soy voor leden saterdagh hier aenget

2739 1001 2037 200 =coemen Et olynd van woortet woort

2794 1106 1995 207 als aen ohe Bollingier met selfs orere etn

2774 1200 2176 237 commisie nergenoemen alleen des £80d: vopr

2764 1346 1224 223 mijn eygen naem staen

2817 1445 2122 177 voor mijne t £500:- versoeke de doen als boven

3884 1563 959 177 onderseekent

2788 1598 412 153 verine let

3884 1663 659 165 de moder

3095 1718 88 141 soo

2806 1726 2106 218 voor mijne ej ladd versocke mede als lteven

3967 1879 846 132 onderseehent

2795 1900 822 190 gede reyvleeren

3720 1968 1261 227 De wed theodor Broeskenaes

2918 2083 87 125 x

2725 2090 2235 258 Amsterdam franc: Rousseau dy 26 sebrer 1720

2795 2255 2114 215 ben nogh ant woort schuldigh aen deere van ue my

2758 2351 2236 256 seer aengenaeme dato 1 sandern laest achter volgens

2795 2488 2195 227 welcken ue trato op psy voor Dhi ue broeven siestha

2775 2603 2174 241 Rousseau van £55:11:1 vlaems wisselgelde hebbe

2783 2746 2214 146 voldaen ende de rekent gesloeten. ick hebbe vernoemen

2795 2818 2166 190 dat op het advies de laenes den nsen compe

2809 2916 2165 203 London op soo waeren die ns Amsterdam 172 a

2800 3027 2130 203 at voorleden weeke sijn vercoght nu ontfangen

2804 3136 2136 169 wij brieven volrfaen aisdagh van London die

2779 3249 2225 193 melden de selve jaer op 125 waeren met pr

2793 3385 2200 150 van op  300 te coemen: ick ben geretolveen

2795 3458 2156 164 de mijne postivelijck te vercoopen en al costij eens

2808 3551 2123 180 de preuve te nemen niet twijfelende oft het selfde

2806 3627 2186 159 advies sal bij ue  in wesen daerom gelten
