5150 3897
174 101 2309 207 Brussel Joannes Beckmans Ady 19 februanrs 173

264 195 2211 194 ht Jenn van Jon Juliu laest geldes dat ue min nocht

262 332 2241 207 besoght pochte geschreven heeft ck en hebbe ue sedert

282 420 2147 209 niet een stuck goet gelivert bij ue en heeft mij

272 531 2163 208 sedert niet eenen stuijver oft aek ne betaelt ue

288 625 2155 189 weet watue my schuldigh is en sedert wat tidt

279 766 2082 172 en dat ick ul de soo goeden coop als imandt

273 872 2012 169 ander bediene in de voorvallende occasiet

255 986 2245 191 waer toe ue eens voor ul mijn dienst  e

288 1049 2160 210 alst ue sal believen mij ue salandisie be connen

252 1188 2238 188 middelleiigdt greche op ue op rekent en sicht te

285 1271 2160 214 betaelen aen d'ordre Jacomo Rousseau £50:-

299 1377 2209 212 vlaems wisselgede die versoeke gelieft te verheeren

284 1500 2225 191 en iers van ue dienst voorvallende my te coemen

268 1600 2182 212 besoeken hebbe seer schoon versh gerief van

283 1719 2223 213 alle soorten van goederen tot ue dienste en blijve

123 1857 2212 214 Brusellet Jacomo Rousseau Ady 20 fesvrier 171

240 2030 2178 220 j'espere que les st. haeghens et broyeer ont acceppe mes

240 2125 2264 171 assignations en suitte a ma derniire celle pour converte

245 2245 2152 214 a deux auttres scavoir sur les Jaan Beeckmans £50:-

241 2343 2195 193 et sur mienies van schoor a jours de vus £63:9:7

243 2465 2230 202 dont ie vous prie reshuinblement vouloir faire procurer

243 2580 1029 187 lernquisettu

164 2674 2205 229 GhendtJ Bapt De saedelaer, Ady 20 ditto 1717

232 2771 2201 263 gedraeghe mij aen mijnen laesten in cour. achte volgens

240 2924 2224 163 sal tegens maendaeh de gementioneerde net wee tmsot

235 3001 2281 163 in myn favenion Amsterdaem hollants cours tot ue meette

203 3118 2309 200 avattagie traghten in te trecken en van het passeerende

241 3195 2268 168 ue advies te geven middellerwjl ingesloeten den brief ien

197 3311 2261 150 laste biy m addres 15 deser gevallen door mij voor ue

214 3389 2095 205 &eken voldaen aen dhr Jacobus de Coninck van

212 3513 2193 135 st £100:10:-a 336:2 velaems wisselglde £181:14:9

220 3596 2206 170 waer voor mij gelieft te crediteeren aen den vaet deser

201 3681 2257 136 Aen cours van wissel soo alt hier gedaen wort blijven

2560 81 2214 134 Brussel michel van Schoor Ady 20 ebruarti 1715

2639 134 2187 193 het eleer wonder laes dat ul naer alle mijn versoeck

2632 267 2290 203 mij deere niet en heef gelieft aen te doen van nu te coemen

2643 377 2039 202 besoeken als ue sien gefackeert hout ondat ich ue

2630 473 2190 168 versocht hadde wisselbriefkens te tecken en daer ick

2627 574 2091 221 nochtans wel weete dat ue op een ander coopt

2634 751 1979 171 ende aen die parsoonen het niet en retuxeere

2610 781 2237 227 niettemingen en geloove  dat ue tynemidt beerer

2615 872 2253 231 ofte beeter contan ick beyten sal bedienen sullende

2634 1000 2164 219 altijdts tien enste wesen aes u eens van kene ment

2614 1102 2328 238 sal gelieven te veranderen en middelle tijdt oot ue dogh

2631 1209 2185 254 van die superfijne flannellekens nroigh hadde ick

2630 1337 2236 224 bender van voorsie an mete van alle soorten

2651 1446 2037 214 van spaensche en geperste lackens van alle

2622 1572 2251 251 couleuren ensrejden recke dan heden het restoutt

2610 1691 2295 182 dat ue mij schuldijn is oock   st te betaelen

2621 1843 2206 183 aen d'ordre Jacoms Rous seau synde £63:4:7

2631 1927 2279 219 vlaemts wisselgeldele bidde gelreft te verheepen

2664 2030 2252 241 ende te disponceren in alle occasien van die blijve

4001 2146 825 182 fan ge 2 7 a

2567 2209 959 182 Gent J:B dertaedelaer

2660 2283 2230 165 20 deser hebbe ue afge soude eenen brief en t

2627 2408 2337 108 door mij el aen aen uh Jacobus de cminck voor ue l va

2604 2450 2357 203 £100:10 dƒ 36:2 £ 181:14:3 on gisteren hebbe en gea

2609 2532 2324 224 ue s trastos en mijn baveur op srarlces edaBoy en amste

2592 2616 2355 215 dans van 13 gebraarij van 10 en 12 daegen dato hollants

2570 2698 2356 211 court gelde van £150 en 120:10 saamen £200:10 he½

2588 2808 2360 217 2¼ per eente verees waer voor t laemsvoo erdd cte £502

2566 2892 2398 210 3:9 ingesloeten den brief hede te voor ue wat door mij verheert

2596 2978 2305 210 en voldaer aen dh pedre baeck  £100 a 36:3 £181:5

2580 3080 2346 235 wat doen mij gelieft te crediteeren sijnde hnde tegatgen
