5063 3892
552 87 1100 221 Ghendt JB de saedelaer

1668 125 899 142 Ady 3 gbrr 1720

549 229 2000 189 Ich hebbe ue wed als 31 pass en p. sber wel

558 377 2051 198 ontfangen met den ersten remite d' sicht p

597 474 1967 223 Ehtt op Go B mertens ƒ300 du heden geseght

628 596 2007 184 heeft te betaelen met den t weeden remise dsicht

620 753 1918 180 ofo messie de normandie in Amstendam van

627 833 1996 212 hollants court ƒ 2000:- die gisteren nmet en hebbe

621 961 1903 184 ingetrocken sijnde veranderingh in ue sn

616 1014 2064 261 en gedaen als aen den voet deser cochit d sicht

595 1184 1944 210 half uso. sien de noitie nes brieven bj my

614 1281 1909 291 addres en verwaghte remises. Ick u hebbe

638 1444 1756 241 nogh geen hoepe dat mij de corsse sal

636 1575 1915 225 ver laeten & dat hodt gelieft te laeten beeteren

633 1725 1509 203 et blijve e

611 1843 1956 264 Bent Jan BBe. Desaelaer 7 sber1720

640 2005 2041 206 gedraege mij aen mijnen laesten 3 oout het breeven

686 2116 1918 136 op amsterdam hollants court en hebbe niets als tot

676 2255 1911 121 35 met ue schaede connen in trecken maecken

668 2316 1875 128 de £1000 vlaems £160:16:9 ingesloeten den

679 2410 1946 197 bricf seeen lasten heden door mij vvoor ue reck vol

675 2516 1932 209 daen £150   36 vlaems £270 waer voor ng

641 2629 1081 210 gelieft te crediteren blijve

1939 2726 526 169 17 sber 1720

599 2738 945 221 AentJB. De saedelaer

621 2846 2017 172 uwen van 6 is mij naer dien van 6 court eerst

637 2959 1990 146 behandight tot ue governo voor ue 2 remises n

638 3052 2004 180 op niechiloen en gilles 16 deser p casse £138

639 3152 1954 161 en op Claude de vos 20 deser te betaelen £80

635 3262 1945 165 hebbe acceptatie ingesole den brief tuw n

647 3390 1982 153 lasten heden gevalle en door my voor ue

605 3451 2064 168 voldaen st £100: a  35:3 ½ :15 wiss waer

638 3577 1899 180 voor mij gelieft te crediteren die blijve

3949 127 912 153 Ady 13 xber 1726

2740 119 1028 244 gaivous van dijch pachter

2718 244 772 213 in hietenisse hoeder

2792 306 2145 283 Ick hebbe ue van tijt tot tijt verwacht en de

2819 408 2154 234 tot twiemael  riffee vernaene n vsocht

2777 530 2216 268 sijne een soude indachtigh maecken  van mij mijn

2805 654 2181 255 pacht te coemen betaelen en sechter en het beue

2811 723 2176 254 noch niet vernoemen cordidereert aens de tere e

2845 830 2063 282 tee pachten sijn vervillen ende dat ick bij

2839 930 2138 314 provisie gelt van huijs draege om de geschoete

2852 1067 2124 282 te betaelen die seer swaer sijn gelijck ue bekent

2870 1163 2071 281 is daerom sal ick mij verleeten dat ue ne

2847 1301 2092 310 eyndelijck mij sal comen betaelen dat uere

4703 1467 200 116 2b

2864 1466 970 199 commandeere blove

4134 1514 698 250 13 gber 1720

2818 1632 842 169 j janvergeuwen

2783 1688 944 261 griffier enden boel

2889 1736 2059 259 niet tegenstaende dat ick niet en tweifele ft

2875 1885 2063 250 ue salde goetheyt ge hadt hebben van mijnen

2855 1997 2138 259 packter Jacobus van Dijck te vermairien

2872 2092 2104 241 wel en hebe hem tot dato niet vernoemen hj

2891 2186 2110 254 is mij ne vs sachten schuldigh dat niet wel

2875 2298 2037 265 en is Ick neme de leb amgesloeten

2882 2451 2133 185 voor hem ue aen briefken te senden dat versoot

2910 2547 2089 219 hem behankiths worden anderg en worden

2896 2658 2115 225 die niet bestelt ue sal mij plaiser doen die bliv

2778 2750 1996 268 London Schavel en Cockeel 18 sber 720

2833 2855 2184 266 jay bien reccu l'obligean de vre 4 du passe ma

2831 2964 2187 248 visant quaveez bien be nmis remises dont la valeu

2827 3075 2145 191 est en casse pr le present com j'en du pas

4702 3129 180 106 de

2833 3161 2178 239 jespere  auriy l'hiveurene ervive d'che vs mons

2811 3254 2219 215 boquil et sa compagrieer je ne trouve pas conve

2827 3350 2188 208 lable a faire enp  presentement dans les acttons

2820 3477 2154 155 tous le sons estant d'un prix trop excessigre et

2824 3569 2174 190 trop dangereux mais si vsg: pouvant faire valoir

2834 3660 2156 152 mon argent et re fairne avoi en bon intrest ave
