5150 3889
232 72 850 151 Gent J:B de Saedolaer

1765 86 520 146 15 april 1717

291 178 2214 101 met ue aengenaeme 13 deser becoeme ue aer wsselg

295 267 2211 100 accepteert terugge waer over ue bedancke tis mij lic

285 359 2141 130 mijne gedaene remiesse voor lomde van 100 a

271 411 2236 155 N 34:11 ue genoegen heeft gegeven ende ue mij

304 476 2133 180 teert hadde vlaens £174:11:8 ick wensche uel mede

303 578 2054 122 content magh wesen over 2 brie en in banco die hed

311 671 2136 139 maer eest hebben connen in trecken £400 af ue

323 744 2210 166 avance laems wes: £402:10 ick en sien niet anderst

331 843 2107 186 gemoet oft hollants banco sal pary loopen totae

356 940 2086 137 gouvenno doen ue mij neristeerde was den cours

535 1040 770 76 wilde niet gesolverern

331 1025 2163 169 en mij  voorleden mae

343 1142 2141 173 daf wasser weynigh oft geen gelt en heden ben ooch

346 1207 2056 212 geluckigte gewest ¼ te connen maecken want op het

339 1261 2117 216 laesten der borse isser tot u pert gedaen ende sijnde

348 1379 2161 189 veele brieven over gebleven ick doen als voor mijn eggen

347 1469 2146 176 en alles om beter om ue aventagie ingesloeten den breef

331 1572 2059 154 uwen lasten gisteren gevallen ende door mij voor ue

333 1636 2157 225 vel gexcqussae van 1  £ 53:18:4 a N 35:10 vlaen

335 1739 2200 206 £96:11 waer voor mij gelieft te crediteeren aen gaende mijne

352 1852 2101 204 gesonden laeckens ick hebbe dat uyt complaitantie

347 1905 2151 230 gedaen want het is mngers over linck geleden dat u

361 2022 2130 189 ue hebbe geschreven dat ick meer schaede doen als prty

344 2104 2180 205 considererende den intreet van mijn gelt het drop de

336 2208 2174 208 damme is sor schoon voor sijnen prijs ende soo goet van

327 2327 2109 211 wolle als ic oftiement can besorgen mes te min

316 2418 2216 182 vercoopt ende gelieft maer een eynde te maecken van

310 2501 2183 220 gene onder ue hebbe alsoude het tot schaede wesen ick

290 2608 2239 154 mo patiente hebbe want ick wille dat craem gants

282 2704 2266 165 abandonneren want ick oordeele n moegelijck te connen

311 2817 1890 156 continueren blijve naer hertelijcke geoek niese

1853 2889 506 143 16 april 1717

324 2924 286 62 Benain

248 2911 990 153 deds & harle Bourgois

282 2975 2211 177 Jay recu vre lettre 29 d aoust dernier voila tou priss de 8 mois

295 3050 2250 127 passe et pris de sans q jp vs ay liver la marchandises dont ge

294 3132 2244 136 demande le payement crayez vs mons. de satisfaire au bon Dieu

279 3204 2258 142 d'aur de la sort avec des honnete seuts vs ne mest devez pas

275 3282 2271 177 seulemen dut capitael mais aussij de l'intrest vs enssere

288 3402 2260 149 f  quil vs plaira mais remettez moy ou faitter moy ronce

315 3469 2234 199 £9:17:3 en reponce de cette car je nauray plus de se

242 3548 2296 165 & tience estant une chose trop ingeste en affen dant je me

299 3694 189 107 dito

4053 64 555 145 16 april 1719

2605 72 667 141 Gant Jacobees Baut

2611 107 2327 185 met ue aengenaeme 14 deser remitteert ue mij in ue eyge fc

2624 251 2290 134 6 daegen dat opp hen mij godoine aen mijn ordre vlaems

2603 321 2293 115 £78:19 waer van gecepitatie hebbe becoemen dite weten

2639 394 2237 165 sijn huys vrouve geteeteert op trijnen bijde sal het

2628 460 2331 165 noomyns procureren  het i wel ue het rport mijnder

2645 528 2292 153 en quittantie ƒ180 court hadde ontfange ende my gered

2628 635 2329 186 tuis £45 14: 3½ ende voorders de goetherst sult hebbe

2645 715 2241 185 mij indachtigh te wesen eenigh goett en scloye voor

2623 792 2344 146 dispositie van penninge voor villende versoetee voor

2611 904 2364 134 dese ingesloeten voor ronen voorganck en addresende

2636 962 2294 176 dat ue in alle occasie geleve heber te disponeren

2631 1052 1171 180 van die blijve van herte

4217 1061 686 181 17 april 1713

2602 1161 854 148 Gent J:B: desaedelaer

2672 1193 2232 177 ue aengeraeme van giiteren en is mij maer horde op de

2666 1315 2262 164 clock 2 3 behandight te laet om ue voor lande te

2667 1357 2276 137 connen remitteeren onder e 35 en isser te bore

2667 1440 2305 146 niet gedaen ick en weete niet wat beduijt de brieven

2677 1525 2235 121 van orlainderen soo laet arriverren de du 30

2700 1604 2161 163 a 123 as banco £15y op 22 vollende sal noes de

2692 1700 2278 124 maendagh in trecken want miet brieven van gus tan

2688 1800 2258 127 comt de wis sel moaer ge van asterdant en die sal

2692 1886 2281 112 seseer binnen weyni ge daegen pary loopen voor het

2699 1954 2281 118 briufeen op pater wood van ƒ278 sal het noodigh

2709 2036 2266 137 procureren doch van het voor gaende hebbe ue vergeten

2692 2118 2286 135 ie acegoteren adviseren dot ditto soter wood niet

2675 2215 2210 114 en heeft willen accepteren naer heeft doen seggen

2678 2297 2298 181 dat men tegen den valdagh soude weder coomen en

2953 2404 172 64 aen

2678 2392 2269 174 can  die mes vynagk tegen seggen want  hat

2668 2507 2292 111 werck recht weynigh versters fan ick vertroeuven dat

2658 2603 2214 125 ue sal agoeren wat ick daer in coome te doen

2666 2670 2311 169 dit tot ue sooeins net versoeck van ue abro batie dien

2668 2759 2308 189 aergaende ingesloeten een briefie  £80 op John gatl

2671 2864 2296 129 gatehel waer van versoecke de accep tater te beserge enne

2651 2965 2300 128 mij te renvoyeren ten sij de accep teet oft net proitest het

3533 3023 175 67 al

2651 3028 2300 137 de bet mijnder laecken ort ue ten hooghten gerecom

2636 3143 2217 85 mandeert ofter eeniger occasie van employe van

2642 3203 2293 140 rente dat favorabel waere ue voor quaene meet ge

2644 3290 2336 102 lgentheyt en verloop van bij de ue soude my plaiserdoen

2625 3380 2321 96 mij daer van paert te geven sijnde wel geencliert

2644 3452 2307 135 un eenige pennege op vaste en goedehpotece uyt

2627 3546 1219 117 te sete blijve van hette
