5162 3824
591 25 2162 208 Amsterdam franc Rousseau Ade teAuyusn 1719

695 149 2041 252 be de ye aengenaeme aj en 25 courant hjbbee

693 279 2062 183 wel ontfangen ick weete wel het vermelst ign

692 405 2048 247 goet vinden onder ue tot mjn diupositte

679 513 2057 194 en ick geen int rest en can pretendeere dogh

685 612 2055 250 derijden soo ingraet witsende en resolveert

704 722 1935 218 men niet geerne tot schaede te trecken als de

718 867 1876 212 wissel favorabel geweest is en hebbe ick het

703 947 2037 222 selfde niet connen doen en ut reden van

758 1057 1978 180 mijn engegement met conen disponceren

646 1168 2049 232 Reden alhier banco1 prep courant 3

690 1269 2042 180 London 2 usos  ƒ65:6 ick en sien geen beeter

664 1392 1963 197 chans als het of sondoh te risqueeren dat

695 1494 2030 233 verhoge ue mij mede moet aenraeden

709 1622 1984 204 mits ue my deure waerts noteer ƒ34:17

711 1734 1937 197 ue gelgeve mijn goet vinden derrewaerts

710 1826 1988 212 afte geven r 2 usos miss instaende voor

717 1938 1981 258 de brieven dat verhoepe ue my

678 2081 2071 233 lult refuseeren: ue en heeft maer diversen

706 2168 2020 192 voor de de elyne partijeste aenveerden

681 2311 1919 179 soo dat daer geenrisice in sal weten

689 2415 2054 208 dat ick aen acoft niemandt en soude refu

568 2518 2146 221 leeren doordien men de treckers oft nemers

701 2628 2043 216 alsijdis ter plaettene sijnde can kennen

618 2753 2111 218 ue myn igiest dienaengaende reomman

661 2863 2019 221 deerende als eygen blijve in af waghtinge

524 2980 2111 249 Rouson Lde Dorpere Ady 9 sber 17

634 3083 2086 241 ue aengenaeme vs suck hebbe wel ontfangen ueen

658 3253 2036 187 can sien niet exen van missien te hebben

638 3343 2065 180 naerdemael ue mij positief heeft geantwoort te

670 3441 2009 205 sjlen vercoopen in reets ordre aen een maekelaer

664 3549 1937 171 hadde gegeven u dat is gedaen en volgens ick

923 3655 1740 111 culeert hebbe moet het seekert wesen dat ick

2835 35 2169 200 ni beeter reken sal vinten gelijck ick oock van andere

2863 141 2171 170 vrinden hebbe vernoemen die mij segghen is de laeste

2875 252 2188 175 brieven van hunne pricipaele van lonson vercoop

2854 352 2112 188 en reken te hebben becoemen ende dat de suysen

2868 460 2185 213 comp van de selfde somme 3 prets goet doet nevens

2885 574 2034 235 aen dandere rarticipanten voor het divident

2868 695 2156 203 verschenen sjan passato et mits ue mij met syne

2891 816 2159 195 boven 3 missive soo posirief geliefde te melden

2876 955 2208 209 het mijne soo dra moogelijck te sullen vercoopen

2872 1040 2160 250 reken te sullen senden nevens remise tot salde

2868 1167 2166 204 soo ben verwondert dat van ue ed. inigelijckx

2904 1303 2074 173 niet hebben becoemen redene ick het ue de

2888 1435 2162 171 andernael p desen hertelijcktecommanseere

2900 1530 2123 222 het selfde in antwoort deser magh geschieden

2908 1656 2172 186 want ick soude geerne een eynde van die rene

2887 1773 2137 177 sien een oock mijn goet vinden hebben want

2855 1904 2090 159 dat sal noght ƒ2000 vlaeme emporteeren die

2918 2020 1992 175 mu present wel te pas sullen coemen ick

2891 2124 2168 204 bidde ue dan niet te mankeeren en mij hier f

2878 2227 2020 210 verlaetende blijve met offer mijns dienst

2845 2358 2094 231 Ghuet J De Saedelaer Ady 11 sber 1717

2887 2465 2191 233 met ue aengenaemen 2 deser tteer e my

2915 2600 2172 206 soo wisselyelde den acobusde Bock ben daer van

2890 2745 2189 161 voldaen met ue van gisteren of sarden iever

2893 2810 2024 162 meurant tot Amsterdam selven dato  dato

2905 2914 2172 191 ƒ1239. hollants courant die niet en hebbe inge

2838 3012 2234 188 n trocken siende 18 die 3¾ prete c el heden

2902 3132 2177 174 onder de 3 a tt schaede miet sis gedaen soo det

2913 3219 2142 173 an naesten port sal af waghten tot ue meeste

2863 3326 2225 172 advantagie banco 1 pree London . Bay

2906 3462 2175 96 van de die brieven tjen lasse voor ue geaccepter

2896 3521 2012 199 bij mij adres maeke not a an naer cordiaele

2933 3631 1276 144 graetenisse soo blijve
