5076 3855
573 70 897 163 Rotterdam Jaques Megers

1964 101 420 135 3 Juny 1720

676 175 2099 163 ue aengenaeme 6 meert laest hebbe noch te beantwoorde bedans

685 274 2074 134 ue voorde deperches mijnder brieven en het advis noopende de

510 352 2254 129 t bekende vr inden optiene ue mij geliefde temelde aen haede de

669 423 2097 160 seujte compt tot londen hebbe instantelijcke geordonneert por

670 479 2021 156 seteef te verkoopen ende het malail ditto mijne

662 597 2100 138 brieven al daer arriveerde foen de selve het laeghste waeren

645 704 2111 129 soo dat mijne vrinden vercocht hebben tot 174 en 177 dat ons

654 764 2103 145 novrj wat differeert aenden heden daghschen cos voor

644 836 2101 137 35000 die daer by geintresseert waeren het is de ceuwe

678 957 2009 135 voorde waaghhalsch derisquert sonder fordament

695 1013 1999 179 comt de forticne te boven en al wat men met vn

698 1133 2057 125 drustrie en goet overlegh aenvanght en rendeert

679 1225 2001 128 dan schaede daer is op gisteren binnen oossendet en

664 1311 2035 169 schepie gearriveert van canton van daer in comp ve

671 1391 2072 146 ttrocken met noch 2 andere die alle daeen verwaght

672 1474 2008 163 worden gelaeden met thie en porce lijnen hebbende

694 1575 2010 208 de rijse gedaen ende die retour in 't daegen minder

620 1676 2136 176 dan 16 maenden dat geen quaede reck sal geven doch

688 1780 2068 189 oft de meercighveildige elckanderen niet sullen hende

677 1878 2070 145 ren salden tijt beeren want den drift is soo groot dat

685 1981 1982 136 ter vertrocken en staen te arriveeren oft het eert

684 2078 2012 161 leyden van Jotterdam op antwerpen waeren tot ne

681 2189 2009 170 toe hebbe middel gevonden mijne brieven op amster

679 2280 2020 143 dam adroiter te senden nu isser niet aen te doen

695 2380 2017 185 soo dat genoofaekt ben ue ed te vesoecken den inge

695 2479 2031 189 lyden voor dh franco Rousseau op amsterdam voorte

693 2579 2010 177 senden mana is verobligeert het selfde voorde haeren

703 2695 2053 157 aen ue te doen ick groete ue neens mijn huysvroeu

703 2807 253 127 blijve

697 2836 2054 155 mits st: Jan aenstainden is ende de ersue de wed: de

687 2948 2076 192 schepper volgens transaitee e eerste payement

685 3042 2045 194 sullen moeten betaelen soo bidde eens op te maecken

677 3131 2082 194 hoe veele ue oote sal bedraegen ende te melde hoe

687 3244 2034 186 ue beleeft ick mij daer inne sal gedraegen en wee

674 3338 1343 185 ue penninge sal laeten ontfange

2779 66 2084 243 Amsterd fraxc. Rousseau Ady 6 juni 1720

2826 216 2159 179 confirmeere mijnen voorsaende 3 deser met remise

2803 328 2145 174 selven dato gevallen op metemor de Busscher

2819 439 2150 173 a costy voor mijne rekene banco £830:- mede

2843 545 2111 221 tet gene ue noopende onse banck acnes hebbe

2819 669 2203 205 geschreven dogh sedert hebbe bij de Amsterdamsc

2800 779 2213 209 gasette gereffeeseert uyt den artikel van londn

2795 912 2091 215 datter asparentie was de bne met de

2841 1052 2129 147 suyt nyt soude genmeert worden

2850 1153 2037 208 de selve was asder 200 a 202 de sijdelel

2845 1264 2127 197 4oo daer bidde op gelieft te restesteeren

2845 1396 1826 173 want wirde de banqu en de luytsel

2868 1472 1946 225 gecombineert so sonde desselfs actiet

2835 1596 2197 169 het selfde faveur nemen en soude niet gerne

2853 1689 2141 201 voor de weede reyse de forinne misschen

2854 1823 2174 196 echter mij gantt aen ue vor laetende in mijn

2860 1911 1975 235 alt eygen aen ue recoormandierende

2838 2020 2119 230 sal altijdts approbeeren wat ue dienaen

2835 2124 2191 194 gaende naer best geraeden sebt gelieven

2841 2252 1280 171 te doen en soo blijve

2859 2358 2023 199 voorsgegaen onder couvert van de wed. Broeckmans

2862 2476 2006 200 Mend. J Bade Saedeleer Ady 7 Janu 1720

2785 2599 2062 155 tot antwoort op ue aengenaeme d5 courant

2859 2706 2054 190 ingesloeten quistantie van ƒ 28 wisscelgelde

2914 2833 181 102 Jacho

2872 2832 1848 148 die de gelstelijcke moederder

2893 2899 2141 172 minnebsweders betaelt hebbe gelieft mij te creditieren

2878 3065 1959 160 voor ue twee remises als  45 a36

2860 3143 1929 194 £69:6:18 ½ 10 deser den laesten dagh addres

2859 3229 2124 199 marimilliaen coenen en wed de wolde en £200:-

2868 3346 2161 143 a 24 sicht op Pater londen waer van diteren

2853 3444 2188 189 accsptatie hebbe becoemen sal het noodigh besorghet

2862 3549 2085 176 naere nota van den brief ien laste by mij avaser

2849 3640 2143 150 ss £150:- aƒ £36:7 or 218 deser den laestendagh blijve
