5176 3815
603 37 2158 189 Ghendt JBode SaedelaerAdy 3 Augnty 1719

664 184 2104 174 ue aengenaeme 27 pasto. hebbe wel ontfangen

675 270 2092 206 en notstie gemaeckt van de twee wisselbrieven

662 388 2071 179 door ue geaccepteert by mij addres die ue my

693 473 2076 221 op geeft. ick verhoepe desen ue op sijn resteur

692 595 2048 170 sal terhandt coemen ende dat ue in sijne

2396 707 71 82 d

678 717 2004 193 gesontheydt bij het voorgenoemen reyssie

651 822 2120 191 sal hebben geprofiteert dat mij aengenaem

675 935 2031 129 sal wesen tet vernemen mede dat ue mij

685 1020 2059 145 voor den ingelegden wisselbrief tu en laste

470 1151 2179 143 heden voor ue rekene door mij voldoen

701 1260 2062 114 my sal hebben op syne laken gecrediteert

667 1338 2098 137 ie £500: - a ƒ335:11 vlaemms wisselgelde

725 1436 1586 197 £179:11:8: belijve van herten

526 1521 2127 195 Amsterdam Franc. Rousseau Ady 8 Augusi 1719

606 1647 2098 169 gevende mij deere te begnte voorden ue

580 1757 2097 154 dato 3 courant coeme ue doen mijne cooleatie

641 1859 1919 159 over het afsterven van dhier ue Broedere

612 1939 2157 191 aengaende myne £1000 onder ue ende den ien

567 2039 2127 224 desselfs coemt mij onder halt jaer ƒ40:- salvo

656 2141 2045 200 erore ue moet wel considereeren dat het voor

638 2266 2085 157 mij niet waetsaem en is die te profongeeren

670 2383 2054 172 tot apierd naerdemael ick 5 w 4 opt pampier

635 2454 2078 174 volant can maeken en 3 a 4 op caste luotcque

643 2581 2071 147 hier te lande echter ue niet willende e commez

581 2672 2131 202 =deeren sal een 8 a  dingeneederen koop

649 2781 1990 158 als 5 a  p sicht te teken  dat ue my op sijdn

644 2889 2081 196 in vaste brieven conde remitteeren mjs staende

658 2979 2078 190 de credere andersinte niet daer een intreste aen

659 3067 2067 202 vast waer dat soude ue ledr middellertijet connen

681 3190 1965 176 doen en dat soude mij aengenaem wesen

662 3265 2093 189 wans ick moete op dese partije dogh bij de wissel

683 3359 1669 204 verliesen soo als ue t behutid

632 3454 2113 205 op enploge en mache jaut geen peenlanemeer

671 3553 2077 158 voor dat de tjden verantenen en heb & liever

591 3645 1958 114 mijn ceppitael ule behoyden alt het selde in det

2834 27 2179 162 ongestaedigke tijden met soo groote vreete een risien

2843 129 2070 194 te vermeerderen, want alles handeers present meer

2830 229 2214 215 schaede als profijt en alles bynaer valt contrarte aen

2848 360 2031 225 de opine exccuspel in brandewonen blienbtele

2872 460 2044 215 wat advance isser is de mee te verwaghten die

2854 588 2227 225 tot ostende sal vercoght worden 2 ick geloove nien

2836 691 1991 223 die ouder de pattalen sal vercoght worden

2869 827 2159 233 in hollandt can mendie present pour voor

2850 921 2129 267 port voor ƒ 3:- becoemen in Engelandt isder

2858 1062 2117 213 medde quanntyst o vercoemen de hollantsche

2881 1158 1988 212 resour schepen sullen mede vryj wat orge

2868 1269 2168 207 hebben en voor de uyt syude schepten van ostande

2885 1365 2134 213 sal apperent lijck de meeste laeoinge in de selve

2896 1499 2140 220 ansnoge besraen soo dat ick niet en sien oft

2873 1602 2126 192 alles sal overvoert worden vervolgens geen

2873 1719 1663 207 inclinatie oui ieste ondernemen

2877 1876 342 147 srel

2847 1853 2120 281 ens Jo d Saedelaer Ady 11 urrin 1719

2880 1973 2042 248 bijde ue aengenaeme gen 10 cour. hebbe wel

2878 2122 2179 169 ontfangen met de remises voor ue een daer

2907 2221 2102 222 bij venneedt als £150 op Jan van Delft £50

2860 2324 2234 221 op aer  londen Ickiet en ƒ 342:4 op Po

2893 2430 2193 223 Croly waer van de acceptatie en het noodigh

2884 2553 2080 228 sel besorghen: ngesloeden brief en laste

2866 2649 2079 187 neden don laesten dagh door mij voor ue

2871 2763 2156 200 Reseer geaequisteert  ƒ150:- a ƒ 335:15

2917 2830 2129 242 £269:3:6 vlaems wisselgelde waer voor mij

2892 2959 1948 213 oj sijne reken gelieft te creisteeren die

2885 3096 1002 164 pberte in haestel

2832 3093 2133 255 Mend B5 de saedelaer Ady 17 ditto 1719

2853 3246 2117 181 mijnen laesten is op 11 courant met biet men

2881 3372 2192 149 aste ste £1501 aƒ335:1 £ 269:7: 6 ingesloetes

2877 3461 1911 164 noch eenen van  £100 a1ƒ 36 ƒ 180:-

2884 3574 1974 183 waer voerens mij mede gelieft te crediteeren

2937 3679 662 80 en besel
