5211 3856
431 83 2225 118 ten uytersu over comen sal wesen en dat wj meer

429 146 2202 189 te saem en sullen handelen het gene ick maer en

451 246 2190 149 wensche avaghtende dat faveur van hemn se te

441 356 1470 162 moogen maehn soo bende

1775 474 544 140 24 meert 1718

1620 504 169 109 a 716

384 466 1036 170 Brussellel de br

444 535 2235 213 I k hebben den af van J: ue bemende dato 8 desenue lons

494 627 2194 176 fangen ick hebbe ue impiets geschreven dat ue niet en conde

480 715 2151 181 als doen ue de versocht ck cont sende maerdatick

474 821 2189 188 het soode haert moogelijck soude doen waer aen niet te

487 909 2202 218 sal mancqueen et gene ue beloove dat en doet ue

486 1019 2194 153 mers geen pregudatie ue sier dat ick sopredelijck hende

511 1117 2064 186 als ue soude connen desireeren ue beet dat ue mij

513 1208 2178 204 meer schuldic is als ick treckee daerom badde ehed

526 1306 2131 226 lijck doet mij dat faveur vande getrockene ƒ400 wi

537 1396 2155 180 op cck aend ordre DH J. Rousseau t willen betoel

502 1491 2184 195 wantvoor waer noy hebben het quaet genoeh nae

509 1593 2130 196 den intres vanons gelt niet aen andere moet ue

531 1695 2144 240 accepteeren en  lacte ue p payementen betoe

522 1787 2138 206 len sooverre dat ue van een eerlijck man nes n

541 1883 2125 235 ders en can souhaitteere schoidde ue dan gelieft

568 1990 2116 208 condederatie te gebreyeken en sal mij hier op verlaet

562 2108 2102 210 belieft ue eenige goederen tet sal ue dieneen tot

561 2193 2103 184 eenen puys over laeten dat  sels sal staen ien

549 2274 2095 266 gelieft maer ier te coemen en mij den penninck te

540 2429 776 186 sonhendie blijve

1916 2448 568 173 11 meert 1718

461 2532 1033 190 Brusselle J: Breckmans

488 2588 2190 208 tot mijne verwonderinge en hebbe in lange d'eere niet

485 2703 2187 195 gehadt ue overtesien ue weet dat ick inde occasier uesoo

483 2790 2161 173 seeveel bediune ende dat ick soo schoone gereef hebbe

522 2875 2140 159 daerom coeme ue de memptie eens ververen en

530 2966 2155 153 de versoecken dat ue mij soude willen sijne calandisie

537 3062 2139 229 sonnen weest verseekert dat ue niemant soo goeden

541 3141 2108 209 coop en sal &dienen ick vertrouwe dat ue miet den

561 3264 2135 189 dasten al eens sal overcoemen en mij coemen bedon

558 3343 2132 221 ken daer seer naer venlargen midde llentijt tidde mij

545 3449 2138 222 het faveur te doen van te betaelen op reck ƒ 300 wes

478 3590 2103 172 die in een dagh a 2 sal trecken op sicht aen

2792 51 2261 152 d'ordre Dh J: Rousseau mij sal vrintschapge

2785 113 2262 232 schieden want men springht op om eenen sta

2820 205 2202 180 ven op neets te ontfangen daer men goet vint

2823 316 2206 192 en sonder gelt en can mien niets ne getieeren

2815 408 2240 280 ick hedb ue gelieft wat consedenitie te gehay

2828 511 1783 287 ken ende gelooft dat waerlijck ben

2744 646 2217 295 Ghendt J Bapt De Saedelaer Ady 14 meert 1718

2827 854 2199 186 met ue aengenaeme van gisteren becoeme remise

2806 956 2087 199 2s sicht op Carto haeck van ƒ300: wisselgelde

2746 1070 2220 146 waer van acceptatie hebbe becoemen ue briefers

2816 1190 2034 206 Jan Schutt n Amsterdam 18 deser vallende

2805 1319 2239 187 waer van ue met voorige hebbe gemest hebbe tot

2816 1439 2187 163 heden opgehouden om e meeste advantagie te

2820 1547 2206 146 connen bedinghen en met moeyte noch op het

2790 1648 2184 201 laeste der borse sot q ue advance afgebet

2810 1791 2094 174 £500:- a 125 ¼ bauie ƒ 260:18:9 a

2821 1885 2227 191 advanie vlaems wisselgelde £264:17:11 voor lede

2814 2015 2210 200 post  hier gedaen coti a  naer adve

2816 2126 2160 202 nant men londe appointeeren en mj

2813 2245 2191 135 aie meer als 4 gatfereert daer oos conde wet

2812 2339 2162 161 af meeten het a costy moeste williger weten

2812 2471 2161 142 dogh daer en valt geen faeit op te macken

2804 2544 2205 193 ende en soude ue niet raeden tot sulcken prijs

2817 2642 2214 154 at te geven want heden op het laeste en watter

2833 2771 2163 156 bovende & geen geldt in courannt isser gedaen

2844 2877 2119 171 3ga selfs 4 preso. ue can oordeelen

2817 3001 2135 175 wat staet men can maeken want dat gaet

2802 3108 2269 133 naeradvenandt der brieven en geldt iS. het coemp

2808 3205 1993 184 oemt maer prets ae van Amsterdam

2800 3292 2219 183 ingehoeten den brief nien laste heden gevallen

2811 3441 2141 134 door miy voor ue rekene reacquitteert  £120:-

2855 3515 2199 153 aƒ 334:6 vlaems wisselglde £207:- waer voor mj

2854 3627 1850 141 gkieft te crediteerert en blijve
