5175 3837
285 71 2282 125 vernemende van mjn schoonmoeder ue de van dese

267 157 2287 141 weeke naer Brabandt staet te coemen dint desen

283 258 2216 214 prinespael on ue mijn huys tot sijn loggest te

282 355 2272 251 presenteeren versoekende het selfde te accepteeren

260 470 2289 168 iende het niet te refuseeren wij sullen te saemen

291 561 2258 209 consulteeren en sien het beste moogelijck in ue

305 670 1940 230 de saeke uijt serv miller te esteeieeren

303 767 2250 312 afwaghtende deere van ue presentie soo blijve

1594 900 946 247 Ady 28 Jani 1717

272 945 1008 249 Ghendt Jacobus Baut

318 1083 2121 228 met ue aengenaeme van 19 deser becoeme ue

300 1212 2126 266 trato op ½½ uso in mijn faveur op mons. henry

303 1315 2188 278 sodogne van ƒ400:- wisselgelde die heden eerst

266 1449 2165 238 geaccepteert hebbe ontfangen het sijnen tijde

292 1558 2085 281 sal het noodigh procureeren blijvee

265 1673 1995 267 Bruxelles jJaeouno Rousseau Ady 28

307 1822 2190 221 ie me refere a la mienne 25 du cour pr laquelle ie

310 1929 2210 196 voors ay remis lettre a charge le son a jours

319 2058 2139 235 de veud de ƒ560: de change dont v 2 ne me fait

296 2136 2213 209 aneu une mention p la sieans du 26. ie est bien

295 2272 2237 223 que le S. Beydaels a paye les ƒ400:- p le s Brogeer

295 2363 2048 217 i'acceptee a trois sepmainnes aussj les ƒ400:-

300 2468 2215 234 il me lavoir prie mais trop tard et agant v

264 2613 2195 201 advis qu'il payeroir ce mardy ie croyors quil

273 2633 2285 285 lauroit efteemee si 79 na pas reudreise

289 2819 2227 191 surditte je vous prie me ladviser voicgle cours

302 2900 2226 239 de change comm on a negosiee ceiourdhuy e

299 3021 2256 235 manqueray plus le marquer puis que le souhaitte

287 3144 2177 229 ainsy plaissie vous pir dirx que p le peu de

298 3264 2227 229 negoce ilj 2 pen du fand a faire la dessus ce la

278 3383 2224 210 la selos qu'l q beaucopt d'argent et peu de

259 3490 2254 174 lettres ou beaincop de lettres et peu davrent

314 3574 2168 194 2 plus ou motns. si ie vouss puis dervirl on

2650 53 2306 198 madamme vre mere quegoicer au occasions

2633 183 2293 165 des lettres sus Paris on aultres lieux disposez de

2636 270 2228 218 moy ie vous en prie ie la cheray le faire tous

2649 408 2203 224 toursa vos pllis grands advantaget possible

2670 517 2252 215 et 71 vous en remettray prompt eti a madam

2649 637 2156 181 vre mere surditte la valeur ne souhaittant

2662 774 2172 207 que vous rendre service reciproque vour a

2668 935 1140 179 prant me croire

4216 924 284 171 mm

2641 1031 2151 205 Bruxelles Jacomo Rousseau  07  ƒ 50: 1313

2647 1144 2186 191 Jat recep les deux vostres 27et 30 du patsé. e ett

2698 1247 2097 217 bien gavez obtenue acceptation de ma remise

2635 1353 2350 219 a charge le s. Pisson r vrs derniere vous m'envoye

2669 1486 2281 195 lettre payabe a 20 du cor sus mons. Rousseau

2656 1596 2249 230 vre daile a Paris de 1200: 400 laquelle

2664 1706 2229 200 ie negoperay pour vre compte mars te nga

2645 1822 2139 211 pas mogen den faire d53 puis q'on m'at

2653 1921 2240 217 a bandonnee aujourd epanne a jours de vene

2662 2019 2194 222 a 82 ½ et a eudences ou ne schuroit bser

2680 2173 2298 211 82 on prenne tousjours quarde a qu'on donne

2666 2291 2263 211 on argent et to conseymeme on en lest asseures

2659 2382 2278 218 si les lettrest se payent oir ne se payent pas

2662 2454 2112 239 en cas d'a default qui les ne dere les sosbe

2660 2595 1737 246 rembourser. ie vous salue et suit

3951 2690 895 203 Adij 5 Juliy 1717

2636 2725 1039 235 Ghed J de saedelaer

2669 2786 2227 209 tot antwoort op ue van isperen. het mij liet ue

2643 2909 2346 176 sijne retunt cour d'accord hadde bevonden en gesloeten

2648 3052 2341 140 my conform op nieuwe debiteerend £117:17:4 blaens

2632 3164 2301 130 wisselgelde maeke nota van de brreven nieu laste

2650 3225 2341 167 dese maende vallende binny addres de reken van

2644 3305 2344 189 mijne vercoghte laekens sal naersien en het bevinden

2662 3395 2300 192 sal ue adviseeren ue remise op d sichto

2660 3489 2255 148 wood voor ue rekene ƒ 500:- hebbe om acceptatie

2684 3581 2295 194 gesonden. hier onder den cours van wissels en blijve

4110 3695 110 74 doo
