5076 3855
678 51 1105 187 Ghendt Jacobus Baut

1791 85 930 196 Adiy 8 Jurei 1720

707 204 1999 233 DH Pedrouw Broeder onsen Jn heeftons

739 339 1810 246 gesteydt van ue advies te hebben wij fnte

739 474 1988 195 1quittanties soude senden onms ontfangen

723 563 1982 230 hes jaer croise Dan de admossaleurs

749 714 1996 203 ingesloeten sendede mijne nevens die van

773 818 2005 183 de wed. Broeckmans ider ƒ350 couram

752 939 2017 191 saemen £c00 wisselgele nevens e van

725 1047 1999 236 byfrente van ƒ100 courent opt compoir

756 1145 2005 214 van doover soo p ue bidten het noodigh

729 1264 1929 188 te besorghen En ingecoemen sijnde mij

674 1372 2102 233 est mijn schoonmoeders rekent te crediteeren

758 1508 1735 208 en van df ick deser een lette

749 1634 1639 184 antwoort te geve. blijve

613 1734 2072 190 London Schoppens En Edwares Ady 12 Juni 1720

634 1871 2005 211 voylege lalen nd geschreven aen den voet van

722 1961 2002 164 den brief aen de selve door mijn briever daniel

662 2091 2056 238 nn walle de vieleore com bj ue in eets

594 2231 2042 214 = beert oort soo can ue voor mijnereans

698 2342 1855 202 ooch s £500:- inteekenen oft coopen

702 2426 1934 212 ende de weerdr cort sicht trecken waer in

701 2559 1782 237 my teenemaer aen ue goet vinden sal

709 2674 1980 173 verlaeten het sy int effecmeeren oft niet

691 2757 1988 248 doen op den voet oft voor mijn broeder

716 2881 1434 214 boven ee d

569 2984 2095 284 Amsterdm frane Busseau  Ady 13 Janu 1710

668 3162 1981 207 met ue aengenaemme 6 mey moet weten 6 junii

590 3281 2053 209 n dueleert ne nit te weerde grsjnder

698 3361 2006 253 d  £ 620 shebben ontfang lst du y te

694 3511 2023 206 em gecreiteert met ue ia courant

707 3598 1999 190 maecht ue geen mentie van mijnen 6 ditto

2798 67 2156 242 die ue noossaekelijck is ter handt gecoemen sonde

2794 169 2175 263 oeder couvert van mijn schoonmoeder die ue aen

2796 322 2095 247 de selve beantwoort ick en can ue niet meer

2841 431 2075 256 wijden als ick daer bij gedaen hebbe voopende de

2878 555 2107 247 tweee parteckens ider st £500 :n debanck tot

2882 709 1941 221 london het isfaciel daer van een eynde te

2908 856 2072 213 maeken maer men souhaitteert Een favorabel

2886 959 2015 209 succes. ue ter plaetsche weesende can beetere

2898 1135 2034 124 mesures nemen en onderreght weten also

2908 1190 1935 166 wij en dat vertrouwen in ue hebbene oft

2901 1284 2035 247 stellende hebbe ue volle ordre gegeven die ue

2898 1416 2059 231 nogh contirineere als ue voor ons doet

2926 1534 2084 235 voor sijn eygen salt dntaltijdts aengenaet

2944 1668 1872 184 wesen maer onder het dobbel cappstael

2909 1799 2091 179 dat is 230 en soude niet geerne vercopen

2915 1862 2055 222 want brieven heden van london ontfangen

2908 1962 1943 248 noteer en prijs courant de Banck acthes

2944 2073 2104 207 215 en als men of b Auguen 200 can bedinghen

2950 2231 2078 191 a 30 piese preuno dunckt mij noch favorabelde

2934 2346 1956 227 alhoewel het geen valte coop is gelijck ue

2939 2473 2061 231 gheldt ick verlanghe dan te vernemen wat

2925 2595 2044 199 ue sal versight hebben: te  blijve

2906 2710 1981 178 voorts gegaen onder convert van de wedne

2918 2848 880 165 Broeckhan

3962 2866 996 226 adij 14 ƒunri 171

2827 2946 734 180 Ghendt Saedelaer

2867 2989 2119 204 gedraeghe mij aen mijnen laesten 7 courant desen

2853 3117 2081 180 convert van den brief nien laste heden door my

2855 3228 2015 188 voor ue Prekene voldaen van 1t £ 150 aƒ 38:3

2875 3313 2077 183 vlaems wisselgelde £274:7:6 waer voor mij

2856 3442 2005 200 gelieft te crediteeren die blijve

4631 3587 145 115 2 11
