5087 3855
407 55 1290 202 Rotterdam Jaquees Meyers

1847 94 662 181 4 meert 1700

466 186 2179 182 ue aengenaeme 12 6 Janurrij laest hebbe wel ontfange

422 313 2227 139 doch goene materie gevonden eerden te beantworte

471 370 2182 158 be dan de ue voor ue goede wenschen den heepe hee

497 455 2041 140 van het jonck gebonne gedisponeert mijn he

471 573 2169 138 vrouwe heeft Godt lef haeren terckn ick gever

431 661 2117 135 doch is wederom al eroggende en at daate det

484 756 2153 186 pois biyde eerste betoalinge van denfgenaeme

481 860 2164 196 van scheppers sal mens traghten mons te grele

516 949 2112 214 over sijne gedoene oncosten te vergoeden daten

523 1065 2099 197 2s prencepael to couvert van een brief voor

499 1164 2028 210 londen voor messiceers  schoppens en John

515 1280 2036 152 edvands welcke effeeten onder heer hebben soo

527 1411 2064 174 voor mijn schootoeder mijn swaeger de mien

533 1547 2106 148 als voor mijtande opinsen nam en itse

531 1607 2043 204 act iss der uyt e comp. faveur nemen soude

546 1709 2031 219 van de occasie giene prifiteeren ende die

454 1852 2147 110 doen venoopen volgins onse mor die

538 1922 2087 163 wij hien fenden daeh gelijck het e weet beloopen

718 2069 47 60 2

631 2069 75 68 me

528 2034 2036 172 en met dese dangeresse tijden qualijck genoegh

505 2156 2135 122 saeme preculiter een nemst hebbe geracknen

541 2245 2096 177 gevonden onder ue de couvert afte senden om ten selve

495 2357 2091 174 inde de gerustheyt te hebben bijee & naer heet

519 2475 2131 155 noeh lenste inter men naits  schon mo dies

513 2577 2042 188 door ue di by de selve encerre den iendis

522 2694 2062 134 geraeckt biddende het selede gene oordeelende

472 2787 2180 158 den brief voor londen aen hem af te sende en

518 2907 2001 169 anders geraetsaem vindenden oft doc ue niet

542 3000 2059 157 contratie vernoe men hebbende oft weckende op

541 3143 2023 168 te houden ue ed: sal mij verobligeeren mijn

511 3208 2140 234 schoen moeder versoeckt te weten oft S erguen

525 3312 2124 196 haer laest trate die ick ue d hebbe afgedonden

522 3438 2111 187 voldaen heeft oft niest blijve nevens mijn huys vos

543 3534 1357 180 we naer cordiaele groetenisse

2731 74 2068 179 London schoppen en Edwards Ady 4 meert 1720

2782 177 2209 215 siende net faveu dun by de suyt ce compt. te becoemen

2783 288 2112 220 is, soo hebben wij geraetsaem gevonden 26 past ue

2759 399 2207 201 over hollands te schrijven ende ue te ordonneeren

2763 534 2206 193 het dute te vercoopen in ge voille ue tot eenhondert

2779 605 2051 203 vijt en negenig ieis meeroft mied conde

2785 729 2150 206 aeneten dat p. deen confirmeert, ue sendende

2803 846 2200 216 ingesloeen onse procurarien tot die eende met

2811 965 2090 212 versoeaf te invigi leeren dat de oedatie niet

2793 1059 2151 221 vrughtelods voor by gaet ende dat ue voor dns

2787 1163 2154 272 als eygen gelieft te doen met ons inprest waer

2776 1264 2203 236 te nemen men confirimeert van 20 canten

2759 1371 2194 229 dat die acties op 200 en meer sullen coeen

2780 1492 2171 235 ue ter plaessche wesende is seekert het beste

2794 1626 2159 245 geinformeert ende daerom en liunteeren

2788 1742 2059 226 niets positiefs op 200 omdat ue libersijdt

2804 1856 2101 229 soude connen hebben van te doen naer

2801 1959 2084 271 geraeden wij souden geerne van het tegen

2784 2078 2151 210 woordigh faveur prefiteeren ende ontrent

2746 2195 2048 221 den hooghsten prijs maeken dogh de selve

2783 2319 2159 231 niet soeken te behouden als die merchelijck

2803 2434 2105 236 sonden daeen tot ue governo by verco

2805 2546 2114 188 versoeken ue ons de weerde soude gelifvers

2795 2662 2133 208 afte remitteeren in goede en vaste brieven

2802 2771 1910 198 ende de rekeninge te senden blijve

4282 2904 594 185 maar t1 16

2801 2923 1088 204 A Amond AnA 1681

2835 3021 2136 211 forme van procuratie gesonden tot het vercoapen

2819 3111 2152 190 van dentf s00 mijne etenes in ie suj

2823 3221 2148 218 know all men by ghese presents that Pedro melyn

2814 3359 2199 196 of thoey of Ant wers merchant de make

2807 3444 2185 199 and appoint r Jhnn scheppens end ph Edwards

2796 3555 2162 213 of Londonn mercnants my Lawfull attorneys for me

2810 3661 2111 137 sn my name and on my behalfe to sell a stigne
