5097 3855
417 56 981 185 Amsterdam f rousseau

1620 76 870 173 Ady 8 Januarn: 1700

455 162 2126 171 met ue aengenaeme dato 4 deser becoeme reken courens

477 286 1999 153 die daccord laudee en anprobeere ue gelieve

484 368 2080 195 van het saldoder selfse ue dhremende £55:11:1 staery

492 489 1887 194 wisselgelde  alst ue belieft te disponeeren. ick

498 589 2022 196 wenste a hodt geliefde occasie te verlancn

464 716 2073 130 dat wij te saemen met vorght ien conden onderne

447 810 1931 169 mest om de correspondentie te onderhouden

480 916 1860 220 bij speculatie of voorval blijft ue het elfde

496 1021 1847 207 gerecommandeert, ue het in getreden jaer

532 1151 1971 159 neciproquelijck iet veele volgense in voorssaet

504 1238 1931 174 wenschende tot contentement en selrgheytt

478 1392 496 127 beijve

381 1353 2131 284 Brussel Paulo  Broyeer ady 9 Januari 1720

469 1492 2061 226 Ick wensche ue nevens juf. ue remins. het ingetreden

471 1619 1889 181 nieuwes jaer voorsoedigh niet veele volgense is

494 1746 2012 157 contentement en salgheydt mettegenstaende dat

480 1824 1914 165 ue soo meenighmael hebbe geschreven ende

512 1911 2049 185 versocht omimivan eenige van mijne resurente

498 2018 1892 155 goederen te avilen afhelven ende te willen

477 2136 2011 147 banificceren mits ick daer uyt scheyde ende ue die st

484 2231 1876 154 no merckelijck advantagie sonde gverlaeten

465 2290 2061 192 en hebbe ick het geluck niet gehadt ick presenteeren

459 2417 2103 187 ue het selfde noghmaels ende dat ue alle condser

459 2519 2087 190 sal geven die ue vanjmant inde weerelt soude

472 2603 2018 189 connen desireeren ist dat ue getieft bij occasie

492 2721 1970 173 mij deere aen te doen van over tul temen het is

505 2817 1845 151 ay het beginsel van ugusi 1718 dat ue my

460 2902 2067 185 schuldigh is en sedert julij laest en heeft ue mij mets

534 3001 1950 186 oprcken betaelt ick doen alles wat ick can om

517 3088 1958 191 he en mijne vrinden dienst te doen daerom

492 3206 2035 190 versoeke ue mij nu niet en gelieft te refuseeren

518 3306 1988 203 ƒ400:- wisselgelde te betaelen op reken die ick

516 3417 1969 195 in eenige daeghen sal trecken te betaelen ordre

542 3497 1963 205 Dh Jabome Rousseau waer os mij verlaetende

558 3620 1422 136 blijve

2697 66 2176 226 Brussel Joosmes Haegheni Ady 9 Januari ƒ 1720

2730 199 2178 208 ick wensche ue nevens ue teninie allen voorspoer

2736 335 2014 205 in dit begonnen jaer met veele volgende tot

2727 428 2249 236 contente mest en salighest ue siet das ick meer doen

2732 585 2247 197 en meer civisitijlt hebbe als ick can doen. het is van i7

2748 695 2099 197 november tweelaeren dat ick ue niets en hebde

2751 814 2124 166 vercoght considereert eent den intrest mott

2729 954 2204 167 met mant ue leven soo genegotieert heeft hadt

2785 1103 2104 131 wilt alle menschen by staen en helpen want

2758 1176 2163 152 het sijn dedroeffre tijden die met can beleven

2744 1297 2163 197 ick versoeke ue dan eyndelijck dat ue u gelieft

2758 1405 2174 201 ƒ300:- wisselgelie op rekent te betaelen  ick

2774 1507 2118 223 in eenige daeghen sal trecken aen dordre d

2749 1640 2208 205 jacoms Rousseau en naer offers mijns enst

2816 1779 704 148 blijve

2728 1854 2106 214 Cadirs Dous Callebaut Ady 12 Januern° 172

2823 1981 2168 179 ue aengenaeme dat u¼ ier 1719 is mij door S.Ciel

2752 2085 2191 191 van lesen behandight net wie consorm e orede daer

2790 2217 2156 163 by vermellt en confors sijne ingeprocken ittannt

2789 2320 2179 146 voor ue seken hebbe getelt voo passar ont oft wisselge

2768 2417 2096 183 £40:- sor als ue srcken t hebbe belast melt p de

2758 2557 2133 149 selve ue missive mijn brief dato 5 februarti 1717 te

2770 2627 2218 145 hebben ontfangen nevens mijne treken van advt

2710 2742 2211 157 =dl over ue huytkens dogh en miest niet de selve

2775 2814 2182 208 te apprioteeren dat voot het toehoemende versoeke

2779 2928 2213 223 magh geschieden het is seeners dattor niet lasterigh

2789 3038 2121 181 en ul het over huysen adnieustracie te hebbe de

2798 3163 2089 135 want het is een cominmen en baraten opradt

2748 3260 2047 188 daer manque est altijts wat en mistiek voor

2795 3372 2088 155 mijn eijgen selver geen en begeere te hebben soo

2772 3463 2081 146 hadde wel gewenst dat ue mij van de sijne

2753 3560 2074 173 hadde connen de chargeeren. ingesloeten dan

2793 3655 1965 129 wederom rekene van mijne advie is patie
