5143 3892
575 116 2171 156 Ghend JBDe Saedelaer Ady 12 sber 1721

617 200 2009 209 Iin antwoort op ue daen gepaeme 10 deser

617 314 2006 172 sal het noodigh besorgnen voor de twee

651 425 1995 183 remieses van ue reken. aes £200:0 d

648 525 2063 216 JButylinck van 20 past  £ 45:11:

652 625 1958 201 op deRicht dJaerbus De Coninck

607 751 371 78 f n d

2569 763 82 92 ƒ

678 721 1870 228 macke notal van den briefe en laste

639 845 2018 189 Aymo addrese van n £ 100:10:- aƒ 335:6:

647 963 1934 199 Ara 1s meij 2 usos &4 deser te betaelen

705 1045 461 194 seyve

533 1103 2067 248 ghendt Jrannes Macque Ad 2 7ber1 728

606 1247 1962 211 scheden verwosdert dat het geluck niet

527 1349 2140 224 en hebbe ue ed. met dit sailben hier de sich

624 1445 2060 209 Ick en ole niet eens oft ue Ed sal advanneg

525 1555 2149 198 hebben bij te laeste drij fackens ue e meert

618 1657 2067 196 overcoght en genegentheydt m wat meertere

602 1760 1989 226 paritije te nemenwaer toe ue mjn diens

644 1835 2073 237 adittegre ch goederen die ick noch bij hebbe

578 1958 2123 219 de Ick ue so sal overlaete sod esviel als ue

590 2071 1879 170 caeesireeren en op conmen die ue

584 2166 2080 201 advantagiende sulle eses doordier ick van

609 2277 1928 186 posituve intentie te ie daer u te schipgen

575 2382 2085 178 msd dallerwel versoeke ue my het las

648 2514 2004 159 gelieft te doen dat ick magh reeker een

573 2623 2135 128 ftighponden  a renaninge en ue is det

543 2693 1550 199 =alyste pbuneerin die blijve

518 2787 2166 222 Ghendt JP De Saedelaer 17 ber 171

585 2927 2083 200 becoeme niet ue aengenaeme van giheren

574 3043 2045 178 voor  rcken een brieffe omsichto Dbrvan

565 3126 1962 192 van aelft ƒ200:- waer van het notel

614 3253 847 202 behorghte 1olyve

2754 89 1992 266 Amup le ievre Ady 16 bre 1714

2770 204 2068 220 en responce a la vre  du courant

2758 310 2098 224 tousenvoye endixcluse compte courant de

2745 405 2216 238 ousfer les parnet que nous avons jamars suit

2746 540 2260 243 ponsemble, ou vous traiveuz r 'lestre reserable

2839 644 2099 211 28  5 que ie vous prre me reneltrs

2746 704 2227 261 en attendant ie vous fait est de mes lenoies

2754 911 461 169 en me dit

4137 870 690 285 an  17dr

2752 895 1028 291 Mod. bfbe Saedelaer

2766 1020 2259 261 n jan laesten ul van 15 deser fae an proitfanne

2798 1156 2159 240 en hebbe ue gisteren den wisselbrief voor mij

2814 1286 2152 221 geaequitteert voor  rekene niet conmen

2750 1363 2228 263 menden die heeft ue ingesloeten sijnde van

2785 1492 2221 193 n £100:20: -a835:6 vlae is wissel £178:9:9

2811 1591 2127 229 waer voor mij gelieft te crediteerijn die ten

2817 1736 778 195 in alle occohgt

2766 1821 2007 248 Ghendt JP De Sanoelaer1 Ad jy  198

2795 1936 2149 176 ettue van 5 deser remitteertue mij voor syne

2774 2112 2057 123 Auem. brief op Jan Parasses addred dreacurs

2807 2203 2126 162 Eolen £158:8 daer heden de weerde van hebbe

2784 2279 2185 157 oontfangen moehe nota van den t me laste

2789 2405 2090 175 bij mij addres 22 deser willende vaan  £ 170:

2788 2491 2116 180 a ƒ3 3 8: aenden voet dlder den wisel condis

2811 2610 1593 160 soo heden hier gedaen is blijve

2783 2647 2125 257 Gumdt B: de Sacbelaer o Ady 14 xber 1731

2793 2796 2215 168 ue aengenaeme van 12 courrnt hebbe wel engen

2773 2914 2149 156 van ue remise op sicht op Baltan Chas

2787 3025 2149 133 van ƒ900:- been voldgen in e  sj

2786 3118 2132 190 geliue gecrediteert die 2 xber 1d vn  869

2789 3218 2115 198 op Pierto bives is geaccepteert ht og

3940 3365 76 86 d

2802 3367 2093 182 wort het siyde ty degedaen de wissel al

2801 3458 2075 203 gisseren riefp gedaeln aen den volre l lage

2761 3579 870 177 en blijve
