5211 3832
467 76 2237 187 Gheudt JB de saedelaer Ady 20 sber 118

499 187 2217 133 op 18 courant hebbe ue gesehreven en afgesonden

541 285 2150 206 den brief pren laste be mj addris doot my voor

540 417 2163 165 ae Reken geaeguisseert  £100:10 a ƒ35:7 vlaems

557 505 2125 244 £176:5:10 en ben verwondert ue meet sijne van

533 647 2081 227 sisseren daer van geen mente en maeckt ue

548 750 2099 252 ingesloeten remise voor ue reken dato 16 deser

678 854 2033 200 dato oos willem manrick de longe in Amston

563 962 2037 199 hollants courant ƒ1456:- hebbe heden tot 3

540 1074 1996 256 prete ue schaede ingetrocken. lanco heden

539 1192 2167 192 1 prito advance voor den brief en is doorgaens

570 1301 1994 204 advantagieuser als in courant doudorr =

578 1422 2020 170 usos £234:9 met mijn huysvrouwe gaer het

554 1533 2106 237 Godt Danck wat beeter als ue met mijn voorige

550 1646 2133 222 geadviseert hebbe blijve naer groetenisse

1637 1752 893 190 Ady 21 xber 1718

448 1768 909 190 mechelen h. sodoghe

484 1844 2222 255 Deket in antwoort op ue aengenaeme van gisteren

475 1995 2228 221 ich mijne deere gehaet hebbe ue mondelien tesegghen

505 2136 2139 164 dat ick uyt de negoie van manufacuren scheyt

483 2248 2111 244 Ickk en hebbe wejnngh oft geen smal goet mier

514 2357 2122 219 gants geene frisaerden alleen eenige pariye

440 2471 2183 198 laekens daer mede wel wenste af te weten

512 2587 2041 185 hetis mj heedt ue geen dientencandoen ue

485 2712 887 221 groetende blijvve

442 2754 2135 310 Ghendt Jean Bapt De Saedelaer Ady 25 brr 1775

473 2937 2215 235 Ick hebbe bbeyd ue aengenaeme 20 en 24 gort wes

487 3044 2218 176 ontfangen voor de voorde te gemelde ƒ1956: hollen

519 3162 2096 154 courant tot 3 ue schaede ingetrocken hebbe ue

485 3288 2190 148 gecrediteert £233:12:3. men doet alles om beeters

522 3381 2133 172 hadde die tot gisteren opgehouden ick hadde tot

508 3470 2193 196 3 geten rechten geraeckt bancoister gedaen tot

540 3622 2176 114 a  preto advance voor den brief. & ondor het selfse

2814 42 2213 188 pargs wat slapper die veranderinge souverwaght ans

2817 155 2226 159 soude daer bij wel wat geavanceert hebben ben daer

2834 260 2141 150 in bedroeghen geweest ende en can de reden niet

2833 383 2176 199 penetteeren met ue remise op Raphael mende

2857 510 2168 197 da Costa in Amsterdam nt adis 12 sber ino voor

2861 612 2135 217 ue Reane 12 gber villen 700- a 12: banco

2852 752 2039 211 £23:6:5 dunckt mij het best preseminte

2889 859 2130 210 trecken sal daer voor als eygen sorghen van

2867 991 2030 191 op Pater vanghan van 24 deser sicht ƒ 900:-

2848 1107 2175 212 wisselgelde hebbe acceptatie becoemen en sal de

2892 1220 2141 220 noodigh sorghe draeghen ick bidde ue en wense

2906 1339 2128 189 maer soo dal faveur dat ick noopende mijne

2854 1448 2166 201 reen met ue eens magh tot een saldo geraeken

2917 1571 2009 202 ende dat ue mij aens gelieft te adviseeren

2894 1672 2147 162 oft cie mij geen dienst en can doen din cemg

2806 1783 2238 187 naensche laekens te debiteeren mits ich ift de

2810 1890 2213 155 negotte scheyde ende de sortimenten verloopen

2813 2029 2209 178 5oj en hebbe ick de gelegentheydt niet om daer

2903 2150 2141 114 at te geraeken nochte de calant en en sien nie

2878 2233 2127 162 om om die te connen beneficeeren. met mijn

2911 2319 2130 187 huysvrouwe gaet het godt lanck radelijck naer soo

2924 2435 2094 171 en verhoepe de selfee door Godts gratie salver

2888 2511 2116 198 ingevalle van geen voorder toevab. bedancke ue

2885 2629 2055 195 voor sijne goede gengenheydt en ben van herten

4138 2723 799 200 Ady 29 xber 1713

2817 2741 977 225 Ghoudt JB de Sandelair

2878 2864 2171 121 op t5 is aen ue mijnen laesten. ingesloeten twee brieven

2864 2965 2181 125 ten laste dij 1mg addres door mij voor ue eken voldat

2873 3073 2154 126 als tt £500:- aƒ35:1 vlaems £175:8:4 en st  £50

2888 3148 2141 135 a 335 £ 87:10:8 waer voor mij gelieft te crediteeren

2861 3236 2171 149 den anderen van stf £50 en is mij noch niet voor

2843 3365 2206 147 =coemen de wissel op hollandt wat hier voorleden

2898 3459 2149 149 post slapper. hebbe cort pampier 102  avance

2899 3524 2146 151 en baico selfs ingetrocken en voor ue brief en wist

2901 3625 2077 143 my geen geldt geoffreert te lanck sijnde blijve
