5199 3815
552 36 2180 165 vre ad vantage de snouvelle marchandises se

561 127 2136 219 ne mien charge pluse vicy ames choantillion

600 264 2058 191 les draps couleur auore  vous die avez

609 346 2131 221 besoing let sont destres beaue draps et ie vous

609 444 2049 262 les a bandonneray aprixd courant poire

649 612 1243 186 gouvernedreme

1858 667 918 229 2 Abr 1

631 720 896 171 Rotte dam Jaqus meyers

558 795 2172 240 In antwoort op ue aengenaeme 21 dsser dient dat het ne

590 977 2180 105 &ae dordeel mede wae n dat dete van actie in faveer der

640 1057 2131 134 crediteuren van monsr lagreble xore d'onvillige arfgenge

627 1146 2074 134 men geen cleyntier moet elemmete ende dat de selve tot

634 1217 2157 189 geene sepantie en connen comen als met comanuatie de

621 1334 2169 164 selve crediteuren even wel het schuijnt dat sij het hien weijnigh

605 1416 2172 134 aen trecken ende het op aen sullen laeten comen tame

621 1520 2149 145 dat niement vande hier sijnde creditiuren en spreckt en gelick

638 1623 2121 118 alles abandonneren het is buyten mijne verwachtinge ende en

639 1745 2108 125 wete niet daer van denctken als alleenelijck dat aijne en b. de weed.

640 1839 2143 117 peter de Jager willen laeten ageren en sien wat eynde det den

605 1910 2083 140 van sal comen d'encskende datse sonder oncoste en moeyte niet

601 2021 2152 103 qualjeker als ue en connen vaern i bevroige wel dat sij hadde

604 2068 2183 146 verwacht mons legralle het voor hieme soude gedaen hebbe doen rach

603 2172 2138 115 hieder een nu mons le frelle alles a bandonnert in heer faveur

637 2288 2149 142 en spocke niemant iek en sien niet dat men met donciet sal

633 2350 2116 158 winnen want ick te alle medeelen mogelijck tot dien egnde

612 2444 2123 173 geremployeert ja d'occasien waer genoemen ende over corte

592 2565 2163 98 daegen dh preban van eeel onder mael gesproecen ende

621 2623 2108 152 ue mistve dato yoeert vogelesen die mij antnoorde. ten tijde

589 2721 2179 179 var het talesement hee niet te hebben geweest nochte dae ven

591 2845 2135 142 deennisse te hebbe dat hij wel wilde ick hem coopge van dito ue

564 2933 2142 158 prisere ter hant stelde ende hij deer op by d'erfgemaine op

590 3022 2194 166 ider pient soude doen af vrae ginge en sigh ten dest mogelens

606 3131 2183 156 intormeren dat doch dat hij hecr raede naer advenant sichem

603 3237 111 66 25

534 3209 2208 147 tormeerde willende segge quelijck geveint quarjen

596 3309 2120 145 geabseveert ende dat hij waerachtigh ter goeder trouwe

584 3408 2209 131 voort gent gaet en vande eafgenaeme geen quaede opence en

613 3510 2170 135 can hebbe enfen het tlijck voor de se de soo ho ingenoemenda

607 3626 2188 129 ick niet niet sien te detoerneren oft met goetheyt ick meer te

2856 80 2232 99 winnen want he sijt claer uyt dat die genderen syen

2838 102 2251 189 niet voordens en moeten ont bwe ten als sij wel t

2868 187 2212 207 eren connen uyt eele en denen oft gwae

2859 263 2247 237 tot alleenskens de goede schet huns op oeders quyten

2874 344 2212 272 ende s al dan eeyen aen hierne condientie voldoen

2849 455 2240 319 sullende voor positie voor het eynde des r jaere de

2859 541 2190 330 25 p pr testanent aende gwediteu senairk

2867 659 2222 313 nivent de pmovenice dies edac van mons

2862 741 2241 360 a pelle cux  jpyt deu lensich eu had diny

2887 860 2210 292 etwwijffelt oft men soude tot esen accordt hebben e

2901 966 2192 255 comen mette nmer ier daer op heve ick gewerckt

2886 1065 2202 252 endaer op wercke ick noch ende cen ue sijn hoogh

2873 1171 2202 243 weerdigheyt onsen heere bedehop de poneren om dr

2916 1266 2118 235 plebaen van eael te ontrieden nevers mij en

2897 1390 2167 226 opere beyde redine eeniuse willen al hoopeoat

2900 1491 2186 173 een ierseen tijts ick seel brachten hem te consonden

2889 1588 2207 210 met goede redener en dat misuchendien isser voor ue naet

2928 1666 2177 198 anders te doen als wel sigh te wellen patienteeren oft

2933 1746 2165 224 ue recht te intitueeren gederemineert sijnde sa u

2904 1848 2202 188 ue antwoorden ende dienst doen voor soovel ick ie van

2907 1937 2184 233 niethegt sal connen wesen den ingesloe ten voorlonde

2903 2047 2197 198 recommande prons voort ganck magh hebbe wast

2914 2165 2157 216 mij dar wat aen gelegen is ue aenschende hebbende

2937 2246 2163 176 recigrockelijck den talegen wasten blijven ie en

2924 2396 715 161 mijn hays vrou ue

2930 2428 2058 272 den brief hier boven gemeldt ingesloeten in den

2940 2578 2036 188 brief aen Der. meyerzis ennen biet voor mijn

2930 2687 2137 194 broeder Daniel dato heden ggeschreven aen metses

2889 2802 1971 214 a cauvez en coequeel tot london met eten

2915 2921 2066 192 ene leden voor m. sames Mallortie Mackelaer

2908 3031 2076 181 rot London die se avanceeren omdat sij het

2893 3187 2143 124 gelfaen niet soeken te doen om te informeeren

2904 3291 2036 155 af onse fondten aldaer op onscnnaem

2914 3424 2080 167 behoerelijck staen geenregisireert end luydt

2941 3522 1477 193 als volght
