<?xml version="1.0" encoding="UTF-8"?>
<alto xmlns:xsi="http://www.w3.org/2001/XMLSchema-instance"
      xmlns="http://www.loc.gov/standards/alto/ns-v4#"
      xmlns:page="http://schema.primaresearch.org/PAGE/gts/pagecontent/2013-07-15"
      xsi:schemaLocation="http://www.loc.gov/standards/alto/ns-v4# https://www.loc.gov/standards/alto/v4/alto.xsd">
   <Description>
      <MeasurementUnit>pixel</MeasurementUnit>
      <OCRProcessing ID="IdOcr">
         <ocrProcessingStep>
            <processingDateTime>2022-02-11T21:33:50.643+01:00</processingDateTime>
            <processingSoftware>
               <softwareCreator>READ COOP</softwareCreator>
               <softwareName>Transkribus</softwareName>
            </processingSoftware>
         </ocrProcessingStep>
      </OCRProcessing>
   </Description>
   <Layout>
      <Page ID="Page1" PHYSICAL_IMG_NR="1" HEIGHT="3837" WIDTH="5190">
         <TopMargin HEIGHT="0" WIDTH="5190" VPOS="0" HPOS="0"/>
         <LeftMargin HEIGHT="3837" WIDTH="0" VPOS="0" HPOS="0"/>
         <RightMargin HEIGHT="3837" WIDTH="0" VPOS="0" HPOS="5190"/>
         <BottomMargin HEIGHT="0" WIDTH="5190" VPOS="3837" HPOS="0"/>
         <PrintSpace HEIGHT="3837" WIDTH="5190" VPOS="0" HPOS="0">
            <TextBlock ID="region_1644313627605_8347"
                       HEIGHT="3735"
                       WIDTH="2359"
                       VPOS="52"
                       HPOS="229">
               <Shape>
                  <Polygon POINTS="229,52 2588,52 2588,3787 229,3787"/>
               </Shape>
               <TextLine ID="region_1644313627605_8347l1"
                         BASELINE="278,206 325,205 372,204 419,201 466,200 513,196 560,194 607,191 654,187 701,186 748,182 795,178 842,175 889,172 936,169 983,165 1030,163 1077,160 1124,158 1171,157 1218,156"
                         HEIGHT="225"
                         WIDTH="974"
                         VPOS="61"
                         HPOS="260">
                  <String ID="string_region_1644313627605_8347l1"
                          HEIGHT="225"
                          WIDTH="974"
                          VPOS="61"
                          HPOS="260"
                          CONTENT="Ghend Jacobus Baudt"/>
               </TextLine>
               <TextLine ID="region_1644313627605_8347l2"
                         BASELINE="1600,194 1638,192 1676,188 1714,187 1752,185 1790,184 1828,182 1866,181 1904,180 1942,178 1981,178 2019,178 2057,178 2095,178 2133,178 2171,178 2209,179 2247,180 2285,182 2323,183 2362,184"
                         HEIGHT="143"
                         WIDTH="794"
                         VPOS="71"
                         HPOS="1583">
                  <String ID="string_region_1644313627605_8347l2"
                          HEIGHT="143"
                          WIDTH="794"
                          VPOS="71"
                          HPOS="1583"
                          CONTENT="Adijj 2 xber 171"/>
               </TextLine>
               <TextLine ID="region_1644313627605_8347l3"
                         BASELINE="1808,228 1833,228 1858,228 1883,228 1909,229 1934,231 1959,232 1984,232 2010,232 2035,232 2060,231 2086,226"
                         HEIGHT="120"
                         WIDTH="309"
                         VPOS="143"
                         HPOS="1792">
                  <String ID="string_region_1644313627605_8347l3"
                          HEIGHT="120"
                          WIDTH="309"
                          VPOS="143"
                          HPOS="1792"
                          CONTENT="east"/>
               </TextLine>
               <TextLine ID="region_1644313627605_8347l4"
                         BASELINE="1768,244 1788,236"
                         HEIGHT="87"
                         WIDTH="75"
                         VPOS="187"
                         HPOS="1733">
                  <String ID="string_region_1644313627605_8347l4"
                          HEIGHT="87"
                          WIDTH="75"
                          VPOS="187"
                          HPOS="1733"
                          CONTENT=""/>
               </TextLine>
               <TextLine ID="region_1644313627605_8347l5"
                         BASELINE="318,344 422,332 526,324 631,314 735,306 840,301 944,296 1048,291 1153,288 1257,286 1362,284 1466,284 1570,284 1675,285 1779,286 1884,288 1988,291 2092,294 2197,297 2301,300 2406,304"
                         HEIGHT="180"
                         WIDTH="2119"
                         VPOS="173"
                         HPOS="303">
                  <String ID="string_region_1644313627605_8347l5"
                          HEIGHT="180"
                          WIDTH="2119"
                          VPOS="173"
                          HPOS="303"
                          CONTENT="vinde my vereert doer sy v dato 2"/>
               </TextLine>
               <TextLine ID="region_1644313627605_8347l6"
                         BASELINE="344,462 452,448 560,438 668,429 776,423 884,416 992,412 1100,408 1208,406 1316,404 1424,403 1532,402 1640,402 1748,402 1856,402 1964,404 2072,404 2180,404 2288,404 2396,402 2504,402"
                         HEIGHT="236"
                         WIDTH="2191"
                         VPOS="294"
                         HPOS="326">
                  <String ID="string_region_1644313627605_8347l6"
                          HEIGHT="236"
                          WIDTH="2191"
                          VPOS="294"
                          HPOS="326"
                          CONTENT="p ende verplcnt voor de groote goet hedt"/>
               </TextLine>
               <TextLine ID="region_1644313627605_8347l7"
                         BASELINE="364,566 467,560 570,553 673,546 776,540 880,535 983,530 1086,526 1189,522 1292,520 1396,516 1499,515 1602,514 1705,514 1808,514 1912,515 2015,516 2118,520 2221,522 2324,526 2428,532"
                         HEIGHT="228"
                         WIDTH="2093"
                         VPOS="375"
                         HPOS="349">
                  <String ID="string_region_1644313627605_8347l7"
                          HEIGHT="228"
                          WIDTH="2093"
                          VPOS="375"
                          HPOS="349"
                          CONTENT="ende offers van heyten bedancken de sooveel at "/>
               </TextLine>
               <TextLine ID="region_1644313627605_8347l8"
                         BASELINE="384,696 483,683 583,674 682,665 782,658 882,650 981,646 1081,642 1180,638 1280,635 1380,633 1479,632 1579,630 1678,630 1778,629 1878,628 1977,628 2077,628 2176,628 2276,626 2376,626"
                         HEIGHT="216"
                         WIDTH="2028"
                         VPOS="521"
                         HPOS="366">
                  <String ID="string_region_1644313627605_8347l8"
                          HEIGHT="216"
                          WIDTH="2028"
                          VPOS="521"
                          HPOS="366"
                          CONTENT="oft die hadde genoeten mijdie affairens my"/>
               </TextLine>
               <TextLine ID="region_1644313627605_8347l9"
                         BASELINE="404,804 509,795 615,786 721,779 827,774 933,769 1039,764 1145,761 1251,758 1357,756 1463,756 1568,754 1674,754 1780,754 1886,752 1992,752 2098,752 2204,750 2310,750 2416,748 2522,746"
                         HEIGHT="181"
                         WIDTH="2152"
                         VPOS="675"
                         HPOS="387">
                  <String ID="string_region_1644313627605_8347l9"
                          HEIGHT="181"
                          WIDTH="2152"
                          VPOS="675"
                          HPOS="387"
                          CONTENT="niet pernmitteer ende van te connen atsent"/>
               </TextLine>
               <TextLine ID="region_1644313627605_8347l10"
                         BASELINE="404,928 508,920 612,910 716,903 820,898 924,892 1028,888 1132,884 1236,882 1340,880 1444,877 1548,875 1652,874 1756,872 1860,869 1964,866 2068,864 2172,860 2276,857 2380,851 2484,846"
                         HEIGHT="191"
                         WIDTH="2114"
                         VPOS="743"
                         HPOS="388">
                  <String ID="string_region_1644313627605_8347l10"
                          HEIGHT="191"
                          WIDTH="2114"
                          VPOS="743"
                          HPOS="388"
                          CONTENT="wesen wel wenschende mun huyt vrouwe"/>
               </TextLine>
               <TextLine ID="region_1644313627605_8347l11"
                         BASELINE="376,1068 481,1053 587,1040 693,1031 799,1021 905,1014 1010,1010 1116,1006 1222,1002 1328,1000 1434,1000 1539,998 1645,998 1751,998 1857,996 1963,995 2068,992 2174,990 2280,986 2386,980 2492,974"
                         HEIGHT="226"
                         WIDTH="2151"
                         VPOS="863"
                         HPOS="356">
                  <String ID="string_region_1644313627605_8347l11"
                          HEIGHT="226"
                          WIDTH="2151"
                          VPOS="863"
                          HPOS="356"
                          CONTENT="conde disponeeren om de solemnteye "/>
               </TextLine>
               <TextLine ID="region_1644313627605_8347l12"
                         BASELINE="386,1162 484,1158 582,1152 680,1149 779,1144 877,1139 975,1136 1074,1132 1172,1128 1270,1124 1369,1122 1467,1118 1565,1116 1663,1114 1762,1112 1860,1110 1958,1110 2057,1110 2155,1110 2253,1110 2352,1110"
                         HEIGHT="224"
                         WIDTH="1998"
                         VPOS="991"
                         HPOS="370">
                  <String ID="string_region_1644313627605_8347l12"
                          HEIGHT="224"
                          WIDTH="1998"
                          VPOS="991"
                          HPOS="370"
                          CONTENT="tot Brussel en accosp te willen gaen bij"/>
               </TextLine>
               <TextLine ID="region_1644313627605_8347l13"
                         BASELINE="318,1290 421,1284 525,1278 628,1272 732,1267 836,1263 939,1259 1043,1255 1146,1252 1250,1248 1354,1246 1457,1243 1561,1240 1664,1238 1768,1236 1872,1234 1975,1232 2079,1230 2182,1226 2286,1224 2390,1222"
                         HEIGHT="183"
                         WIDTH="2106"
                         VPOS="1109"
                         HPOS="301">
                  <String ID="string_region_1644313627605_8347l13"
                          HEIGHT="183"
                          WIDTH="2106"
                          VPOS="1109"
                          HPOS="301"
                          CONTENT="woonen die nietsmin ue d coee te"/>
               </TextLine>
               <TextLine ID="region_1644313627605_8347l14"
                         BASELINE="384,1386 492,1388 601,1388 709,1386 818,1382 927,1378 1035,1373 1144,1368 1252,1364 1361,1359 1470,1354 1578,1350 1687,1348 1795,1346 1904,1346 2013,1348 2121,1352 2230,1357 2338,1366 2447,1377 2556,1392"
                         HEIGHT="211"
                         WIDTH="2202"
                         VPOS="1234"
                         HPOS="369">
                  <String ID="string_region_1644313627605_8347l14"
                          HEIGHT="211"
                          WIDTH="2202"
                          VPOS="1234"
                          HPOS="369"
                          CONTENT="bedancken ende ievenoime de famisie te "/>
               </TextLine>
               <TextLine ID="region_1644313627605_8347l15"
                         BASELINE="354,1526 458,1520 563,1516 668,1511 772,1506 877,1501 982,1497 1086,1492 1191,1489 1296,1486 1401,1482 1505,1480 1610,1476 1715,1474 1819,1474 1924,1472 2029,1470 2133,1470 2238,1470 2343,1470 2448,1472"
                         HEIGHT="226"
                         WIDTH="2123"
                         VPOS="1344"
                         HPOS="338">
                  <String ID="string_region_1644313627605_8347l15"
                          HEIGHT="226"
                          WIDTH="2123"
                          VPOS="1344"
                          HPOS="338"
                          CONTENT="groeten n trato in myn faveur £52:8"/>
               </TextLine>
               <TextLine ID="region_1644313627605_8347l16"
                         BASELINE="390,1632 498,1632 607,1632 716,1632 825,1632 934,1630 1042,1628 1151,1626 1260,1624 1369,1622 1478,1619 1586,1616 1695,1614 1804,1610 1913,1608 2022,1604 2130,1602 2239,1599 2348,1596 2457,1594 2566,1592"
                         HEIGHT="258"
                         WIDTH="2211"
                         VPOS="1465"
                         HPOS="372">
                  <String ID="string_region_1644313627605_8347l16"
                          HEIGHT="258"
                          WIDTH="2211"
                          VPOS="1465"
                          HPOS="372"
                          CONTENT="dato 24 sber  dato op heurii todrgne hebbe"/>
               </TextLine>
               <TextLine ID="region_1644313627605_8347l17"
                         BASELINE="366,1776 465,1767 565,1760 665,1755 765,1750 865,1748 964,1746 1064,1745 1164,1744 1264,1744 1364,1744 1463,1744 1563,1744 1663,1742 1763,1741 1863,1738 1962,1734 2062,1730 2162,1722 2262,1714 2362,1704"
                         HEIGHT="241"
                         WIDTH="2029"
                         VPOS="1585"
                         HPOS="349">
                  <String ID="string_region_1644313627605_8347l17"
                          HEIGHT="241"
                          WIDTH="2029"
                          VPOS="1585"
                          HPOS="349"
                          CONTENT="geaccepteert becoemen aer voor sal ue"/>
               </TextLine>
               <TextLine ID="region_1644313627605_8347l18"
                         BASELINE="316,1918 420,1904 524,1893 628,1884 733,1878 837,1872 941,1868 1046,1864 1150,1862 1254,1860 1359,1860 1463,1860 1567,1860 1671,1860 1776,1860 1880,1860 1984,1858 2089,1856 2193,1854 2297,1850 2402,1846"
                         HEIGHT="182"
                         WIDTH="2117"
                         VPOS="1742"
                         HPOS="300">
                  <String ID="string_region_1644313627605_8347l18"
                          HEIGHT="182"
                          WIDTH="2117"
                          VPOS="1742"
                          HPOS="300"
                          CONTENT="noodighe sorghe draeyken hebbe ue voor"/>
               </TextLine>
               <TextLine ID="region_1644313627605_8347l19"
                         BASELINE="484,2050 581,2033 679,2019 777,2009 875,2001 973,1996 1071,1992 1169,1990 1267,1990 1365,1990 1463,1990 1560,1992 1658,1992 1756,1994 1854,1992 1952,1991 2050,1988 2148,1981 2246,1975 2344,1964 2442,1950"
                         HEIGHT="250"
                         WIDTH="1991"
                         VPOS="1859"
                         HPOS="467">
                  <String ID="string_region_1644313627605_8347l19"
                          HEIGHT="250"
                          WIDTH="1991"
                          VPOS="1859"
                          HPOS="467"
                          CONTENT="D7:- la int wissel gedebiteert "/>
               </TextLine>
               <TextLine ID="region_1644313627605_8347l20"
                         BASELINE="320,2186 426,2179 533,2174 639,2167 746,2162 852,2156 959,2151 1065,2146 1172,2142 1278,2138 1385,2134 1491,2131 1598,2127 1704,2124 1811,2121 1917,2118 2024,2116 2130,2114 2237,2112 2343,2110 2450,2108"
                         HEIGHT="274"
                         WIDTH="2164"
                         VPOS="1986"
                         HPOS="299">
                  <String ID="string_region_1644313627605_8347l20"
                          HEIGHT="274"
                          WIDTH="2164"
                          VPOS="1986"
                          HPOS="299"
                          CONTENT="die  Charles Rourpors van Ronten"/>
               </TextLine>
               <TextLine ID="region_1644313627605_8347l21"
                         BASELINE="366,2308 473,2306 580,2304 687,2300 794,2296 902,2292 1009,2286 1116,2280 1223,2274 1330,2268 1438,2264 1545,2260 1652,2257 1759,2256 1866,2254 1974,2256 2081,2260 2188,2264 2295,2272 2402,2281 2510,2294"
                         HEIGHT="223"
                         WIDTH="2175"
                         VPOS="2119"
                         HPOS="350">
                  <String ID="string_region_1644313627605_8347l21"
                          HEIGHT="223"
                          WIDTH="2175"
                          VPOS="2119"
                          HPOS="350"
                          CONTENT="ue voor he eekent betaelt heeft "/>
               </TextLine>
               <TextLine ID="region_1644313627605_8347l22"
                         BASELINE="396,2432 490,2425 584,2420 678,2415 773,2410 867,2406 961,2401 1056,2398 1150,2394 1244,2390 1339,2388 1433,2384 1527,2382 1621,2378 1716,2376 1810,2374 1904,2372 1999,2370 2093,2368 2187,2366 2282,2364"
                         HEIGHT="235"
                         WIDTH="1918"
                         VPOS="2260"
                         HPOS="380">
                  <String ID="string_region_1644313627605_8347l22"
                          HEIGHT="235"
                          WIDTH="1918"
                          VPOS="2260"
                          HPOS="380"
                          CONTENT="Blijve van herten in alle doccasien"/>
               </TextLine>
               <TextLine ID="region_1644313627605_8347l23"
                         BASELINE="1376,2548 1424,2544 1473,2541 1521,2538 1570,2534 1618,2532 1667,2529 1715,2526 1764,2525 1812,2524 1861,2522 1909,2520 1958,2518 2006,2518 2055,2516 2103,2516 2152,2516 2200,2514 2249,2514 2297,2514 2346,2514"
                         HEIGHT="204"
                         WIDTH="1002"
                         VPOS="2370"
                         HPOS="1357">
                  <String ID="string_region_1644313627605_8347l23"
                          HEIGHT="204"
                          WIDTH="1002"
                          VPOS="2370"
                          HPOS="1357"
                          CONTENT="Ady 4 xber 1717"/>
               </TextLine>
               <TextLine ID="region_1644313627605_8347l24"
                         BASELINE="272,2602 310,2596 349,2591 388,2588 427,2584 466,2581 505,2578 544,2575 583,2572 622,2571 661,2568 699,2566 738,2565 777,2562 816,2559 855,2557 894,2553 933,2550 972,2544 1011,2540 1050,2534"
                         HEIGHT="250"
                         WIDTH="816"
                         VPOS="2413"
                         HPOS="251">
                  <String ID="string_region_1644313627605_8347l24"
                          HEIGHT="250"
                          WIDTH="816"
                          VPOS="2413"
                          HPOS="251"
                          CONTENT="Lven p. mys"/>
               </TextLine>
               <TextLine ID="region_1644313627605_8347l25"
                         BASELINE="346,2722 447,2718 548,2713 649,2708 750,2706 852,2702 953,2698 1054,2695 1155,2692 1256,2688 1358,2686 1459,2682 1560,2680 1661,2676 1762,2674 1864,2671 1965,2668 2066,2665 2167,2662 2268,2660 2370,2658"
                         HEIGHT="272"
                         WIDTH="2057"
                         VPOS="2504"
                         HPOS="329">
                  <String ID="string_region_1644313627605_8347l25"
                          HEIGHT="272"
                          WIDTH="2057"
                          VPOS="2504"
                          HPOS="329"
                          CONTENT="ck hadt betwanht het gelijck van ue eens"/>
               </TextLine>
               <TextLine ID="region_1644313627605_8347l26"
                         BASELINE="298,2838 407,2830 516,2824 625,2818 734,2811 843,2806 952,2801 1061,2797 1170,2793 1279,2790 1388,2786 1497,2784 1606,2782 1715,2778 1824,2776 1933,2774 2042,2772 2151,2770 2260,2768 2369,2766 2478,2764"
                         HEIGHT="225"
                         WIDTH="2214"
                         VPOS="2657"
                         HPOS="281">
                  <String ID="string_region_1644313627605_8347l26"
                          HEIGHT="225"
                          WIDTH="2214"
                          VPOS="2657"
                          HPOS="281"
                          CONTENT="over te sien ende te connen sprecken dat et"/>
               </TextLine>
               <TextLine ID="region_1644313627605_8347l27"
                         BASELINE="290,2938 397,2933 504,2928 611,2923 718,2918 826,2914 933,2909 1040,2905 1147,2902 1254,2898 1362,2894 1469,2891 1576,2888 1683,2886 1790,2884 1898,2882 2005,2882 2112,2880 2219,2880 2326,2880 2434,2880"
                         HEIGHT="169"
                         WIDTH="2175"
                         VPOS="2788"
                         HPOS="274">
                  <String ID="string_region_1644313627605_8347l27"
                          HEIGHT="169"
                          WIDTH="2175"
                          VPOS="2788"
                          HPOS="274"
                          CONTENT="ue reminde mij verclaers heeft niet te connen"/>
               </TextLine>
               <TextLine ID="region_1644313627605_8347l28"
                         BASELINE="322,3038 430,3034 538,3032 646,3029 755,3026 863,3022 971,3018 1080,3015 1188,3011 1296,3008 1405,3003 1513,3000 1621,2996 1729,2994 1838,2990 1946,2988 2054,2986 2163,2984 2271,2984 2379,2984 2488,2984"
                         HEIGHT="222"
                         WIDTH="2196"
                         VPOS="2885"
                         HPOS="307">
                  <String ID="string_region_1644313627605_8347l28"
                          HEIGHT="222"
                          WIDTH="2196"
                          VPOS="2885"
                          HPOS="307"
                          CONTENT="geschieden door ue meeniijk vuldighe oecuparies"/>
               </TextLine>
               <TextLine ID="region_1644313627605_8347l29"
                         BASELINE="292,3156 399,3150 507,3145 615,3140 723,3135 831,3130 938,3126 1046,3120 1154,3116 1262,3112 1370,3108 1477,3104 1585,3100 1693,3096 1801,3094 1909,3090 2016,3088 2124,3084 2232,3082 2340,3080 2448,3078"
                         HEIGHT="195"
                         WIDTH="2189"
                         VPOS="2983"
                         HPOS="276">
                  <String ID="string_region_1644313627605_8347l29"
                          HEIGHT="195"
                          WIDTH="2189"
                          VPOS="2983"
                          HPOS="276"
                          CONTENT="choe ick haer geper sijndeer hebbe oft niet"/>
               </TextLine>
               <TextLine ID="region_1644313627605_8347l30"
                         BASELINE="288,3272 400,3263 512,3254 624,3246 736,3238 848,3231 960,3225 1072,3220 1184,3214 1296,3210 1409,3205 1521,3200 1633,3196 1745,3192 1857,3190 1969,3186 2081,3184 2193,3180 2305,3177 2417,3174 2530,3172"
                         HEIGHT="203"
                         WIDTH="2275"
                         VPOS="3095"
                         HPOS="272">
                  <String ID="string_region_1644313627605_8347l30"
                          HEIGHT="203"
                          WIDTH="2275"
                          VPOS="3095"
                          HPOS="272"
                          CONTENT="esoo en heefts sohaer niet connen resolveeren"/>
               </TextLine>
               <TextLine ID="region_1644313627605_8347l31"
                         BASELINE="352,3368 461,3359 570,3350 679,3342 788,3333 898,3326 1007,3319 1116,3313 1225,3307 1334,3302 1444,3297 1553,3294 1662,3290 1771,3287 1880,3286 1990,3284 2099,3284 2208,3284 2317,3284 2426,3286 2536,3288"
                         HEIGHT="170"
                         WIDTH="2219"
                         VPOS="3199"
                         HPOS="333">
                  <String ID="string_region_1644313627605_8347l31"
                          HEIGHT="170"
                          WIDTH="2219"
                          VPOS="3199"
                          HPOS="333"
                          CONTENT="te coopen als vier laekens en eenen Coschiper "/>
               </TextLine>
               <TextLine ID="region_1644313627605_8347l32"
                         BASELINE="324,3476 436,3470 548,3463 660,3456 772,3448 885,3440 997,3433 1109,3425 1221,3418 1333,3412 1446,3406 1558,3400 1670,3396 1782,3392 1894,3390 2007,3388 2119,3388 2231,3390 2343,3392 2455,3396 2568,3402"
                         HEIGHT="235"
                         WIDTH="2277"
                         VPOS="3294"
                         HPOS="305">
                  <String ID="string_region_1644313627605_8347l32"
                          HEIGHT="235"
                          WIDTH="2277"
                          VPOS="3294"
                          HPOS="305"
                          CONTENT="baye dal verhoetre ue wel sullen sjn geworden"/>
               </TextLine>
               <TextLine ID="region_1644313627605_8347l33"
                         BASELINE="312,3582 419,3574 526,3565 634,3556 741,3550 849,3542 956,3536 1063,3528 1171,3522 1278,3516 1386,3511 1493,3506 1600,3502 1708,3498 1815,3495 1923,3492 2030,3491 2137,3490 2245,3490 2352,3490 2460,3492"
                         HEIGHT="209"
                         WIDTH="2177"
                         VPOS="3413"
                         HPOS="297">
                  <String ID="string_region_1644313627605_8347l33"
                          HEIGHT="209"
                          WIDTH="2177"
                          VPOS="3413"
                          HPOS="297"
                          CONTENT="en waer van iue hier onder heeft de saluire"/>
               </TextLine>
               <TextLine ID="region_1644313627605_8347l34"
                         BASELINE="328,3676 438,3664 549,3654 660,3646 770,3638 881,3631 992,3626 1102,3622 1213,3618 1324,3614 1435,3612 1545,3610 1656,3608 1767,3606 1877,3604 1988,3602 2099,3602 2209,3600 2320,3599 2431,3597 2542,3594"
                         HEIGHT="203"
                         WIDTH="2249"
                         VPOS="3483"
                         HPOS="311">
                  <String ID="string_region_1644313627605_8347l34"
                          HEIGHT="203"
                          WIDTH="2249"
                          VPOS="3483"
                          HPOS="311"
                          CONTENT="bedraeghende in wisselgelde 5:9: gelieft die"/>
               </TextLine>
               <TextLine ID="region_1644313627605_8347l35"
                         BASELINE="362,3750 471,3750 580,3748 689,3745 799,3742 908,3738 1017,3735 1127,3732 1236,3728 1345,3724 1455,3722 1564,3718 1673,3716 1782,3716 1892,3714 2001,3716 2110,3716 2220,3720 2329,3722 2438,3727 2548,3736"
                         HEIGHT="183"
                         WIDTH="2215"
                         VPOS="3608"
                         HPOS="348">
                  <String ID="string_region_1644313627605_8347l35"
                          HEIGHT="183"
                          WIDTH="2215"
                          VPOS="3608"
                          HPOS="348"
                          CONTENT="goederen eens wel te restecteeren ende naer"/>
               </TextLine>
            </TextBlock>
            <TextBlock ID="region_1644313636653_8350"
                       HEIGHT="3803"
                       WIDTH="2438"
                       VPOS="28"
                       HPOS="2642">
               <Shape>
                  <Polygon POINTS="2642,28 5080,28 5080,3831 2642,3831"/>
               </Shape>
               <TextLine ID="region_1644313636653_8350l1"
                         BASELINE="2676,172 2786,172 2897,174 3008,174 3119,174 3230,172 3340,172 3451,172 3562,170 3673,170 3784,168 3894,166 4005,166 4116,164 4227,164 4338,162 4448,162 4559,162 4670,162 4781,162 4892,162"
                         HEIGHT="159"
                         WIDTH="2247"
                         VPOS="50"
                         HPOS="2660">
                  <String ID="string_region_1644313636653_8350l1"
                          HEIGHT="159"
                          WIDTH="2247"
                          VPOS="50"
                          HPOS="2660"
                          CONTENT="te sien oft ue beeter coop sijn leven is bedien "/>
               </TextLine>
               <TextLine ID="region_1644313636653_8350l2"
                         BASELINE="2670,304 2777,308 2884,308 2991,310 3098,310 3206,310 3313,310 3420,308 3527,306 3634,304 3742,302 3849,300 3956,296 4063,294 4170,290 4278,286 4385,283 4492,280 4599,276 4706,272 4814,268"
                         HEIGHT="211"
                         WIDTH="2176"
                         VPOS="153"
                         HPOS="2653">
                  <String ID="string_region_1644313636653_8350l2"
                          HEIGHT="211"
                          WIDTH="2176"
                          VPOS="153"
                          HPOS="2653"
                          CONTENT="geweest. Ick hebbe geerne vernoemen dat de "/>
               </TextLine>
               <TextLine ID="region_1644313636653_8350l3"
                         BASELINE="2682,456 2789,451 2897,446 3005,442 3113,438 3221,434 3328,430 3436,428 3544,426 3652,423 3760,421 3867,419 3975,418 4083,416 4191,414 4299,412 4406,412 4514,410 4622,408 4730,407 4838,404"
                         HEIGHT="255"
                         WIDTH="2190"
                         VPOS="282"
                         HPOS="2665">
                  <String ID="string_region_1644313636653_8350l3"
                          HEIGHT="255"
                          WIDTH="2190"
                          VPOS="282"
                          HPOS="2665"
                          CONTENT="goederen die ue eans hadde sitgecoght ne"/>
               </TextLine>
               <TextLine ID="region_1644313636653_8350l4"
                         BASELINE="2714,600 2818,589 2923,579 3027,572 3132,565 3237,560 3341,554 3446,552 3550,549 3655,548 3760,546 3864,546 3969,544 4073,544 4178,544 4283,544 4387,544 4492,542 4596,542 4701,540 4806,538"
                         HEIGHT="275"
                         WIDTH="2125"
                         VPOS="404"
                         HPOS="2698">
                  <String ID="string_region_1644313636653_8350l4"
                          HEIGHT="275"
                          WIDTH="2125"
                          VPOS="404"
                          HPOS="2698"
                          CONTENT="gedebiteert waeren ende dat ue vervolgens"/>
               </TextLine>
               <TextLine ID="region_1644313636653_8350l5"
                         BASELINE="2712,726 2819,716 2927,705 3035,697 3143,689 3251,682 3358,678 3466,674 3574,670 3682,668 3790,666 3897,666 4005,666 4113,666 4221,666 4329,668 4436,669 4544,670 4652,672 4760,674 4868,676"
                         HEIGHT="205"
                         WIDTH="2188"
                         VPOS="565"
                         HPOS="2696">
                  <String ID="string_region_1644313636653_8350l5"
                          HEIGHT="205"
                          WIDTH="2188"
                          VPOS="565"
                          HPOS="2696"
                          CONTENT="wel een gante nieuw sortiment stoodigh heeft"/>
               </TextLine>
               <TextLine ID="region_1644313636653_8350l6"
                         BASELINE="2700,854 2810,841 2920,830 3030,820 3140,813 3251,808 3361,803 3471,800 3581,798 3691,796 3802,796 3912,796 4022,798 4132,798 4242,800 4353,802 4463,805 4573,808 4683,810 4793,812 4904,812"
                         HEIGHT="196"
                         WIDTH="2233"
                         VPOS="676"
                         HPOS="2685">
                  <String ID="string_region_1644313636653_8350l6"
                          HEIGHT="196"
                          WIDTH="2233"
                          VPOS="676"
                          HPOS="2685"
                          CONTENT="dat isde reeden dat aen jot ue aeminde "/>
               </TextLine>
               <TextLine ID="region_1644313636653_8350l7"
                         BASELINE="2642,964 2753,956 2864,950 2975,944 3086,939 3197,936 3308,932 3419,930 3530,928 3641,926 3752,926 3863,928 3974,928 4085,930 4196,933 4307,936 4418,940 4529,944 4640,949 4751,956 4862,962"
                         HEIGHT="194"
                         WIDTH="2249"
                         VPOS="831"
                         HPOS="2627">
                  <String ID="string_region_1644313636653_8350l7"
                          HEIGHT="194"
                          WIDTH="2249"
                          VPOS="831"
                          HPOS="2627"
                          CONTENT="de faiture nies en hebbe gesvert ende dat sck "/>
               </TextLine>
               <TextLine ID="region_1644313636653_8350l8"
                         BASELINE="2692,1090 2802,1081 2913,1071 3023,1064 3134,1058 3244,1054 3355,1052 3465,1050 3576,1050 3686,1050 3797,1050 3907,1052 4018,1054 4128,1056 4239,1058 4349,1060 4460,1063 4570,1065 4681,1066 4791,1068 4902,1068"
                         HEIGHT="217"
                         WIDTH="2241"
                         VPOS="955"
                         HPOS="2676">
                  <String ID="string_region_1644313636653_8350l8"
                          HEIGHT="217"
                          WIDTH="2241"
                          VPOS="955"
                          HPOS="2676"
                          CONTENT="getouhaitteert hebbe ue die tesenden in eens"/>
               </TextLine>
               <TextLine ID="region_1644313636653_8350l9"
                         BASELINE="2712,1204 2818,1193 2925,1184 3031,1178 3138,1173 3245,1170 3351,1167 3458,1166 3564,1166 3671,1166 3778,1167 3884,1168 3991,1170 4097,1172 4204,1176 4311,1178 4417,1180 4524,1182 4630,1184 4737,1186 4844,1186"
                         HEIGHT="162"
                         WIDTH="2161"
                         VPOS="1058"
                         HPOS="2697">
                  <String ID="string_region_1644313636653_8350l9"
                          HEIGHT="162"
                          WIDTH="2161"
                          VPOS="1058"
                          HPOS="2697"
                          CONTENT="te sehrijven ende te laeten weeten dat ick"/>
               </TextLine>
               <TextLine ID="region_1644313636653_8350l10"
                         BASELINE="2704,1338 2817,1325 2931,1315 3045,1306 3159,1298 3273,1293 3387,1288 3501,1285 3615,1283 3729,1282 3843,1282 3956,1282 4070,1284 4184,1285 4298,1288 4412,1290 4526,1292 4640,1294 4754,1296 4868,1300 4982,1302"
                         HEIGHT="255"
                         WIDTH="2309"
                         VPOS="1165"
                         HPOS="2688">
                  <String ID="string_region_1644313636653_8350l10"
                          HEIGHT="255"
                          WIDTH="2309"
                          VPOS="1165"
                          HPOS="2688"
                          CONTENT="ugn de negorie van laekens scheyge vervolgens "/>
               </TextLine>
               <TextLine ID="region_1644313636653_8350l11"
                         BASELINE="2694,1450 2805,1440 2917,1433 3028,1427 3140,1422 3251,1418 3363,1416 3474,1416 3586,1414 3697,1414 3809,1416 3920,1416 4032,1418 4143,1420 4255,1422 4366,1424 4478,1426 4589,1426 4701,1428 4812,1428 4924,1428"
                         HEIGHT="202"
                         WIDTH="2258"
                         VPOS="1280"
                         HPOS="2680">
                  <String ID="string_region_1644313636653_8350l11"
                          HEIGHT="202"
                          WIDTH="2258"
                          VPOS="1280"
                          HPOS="2680"
                          CONTENT="ingevalle dat ue belieft eens over te coemen"/>
               </TextLine>
               <TextLine ID="region_1644313636653_8350l12"
                         BASELINE="2710,1568 2811,1560 2913,1554 3015,1548 3117,1544 3219,1540 3321,1538 3423,1536 3525,1535 3627,1534 3729,1534 3830,1536 3932,1536 4034,1538 4136,1540 4238,1542 4340,1544 4442,1546 4544,1548 4646,1549 4748,1550"
                         HEIGHT="164"
                         WIDTH="2065"
                         VPOS="1414"
                         HPOS="2696">
                  <String ID="string_region_1644313636653_8350l12"
                          HEIGHT="164"
                          WIDTH="2065"
                          VPOS="1414"
                          HPOS="2696"
                          CONTENT="en mij te helften iy te vopen dat het ue "/>
               </TextLine>
               <TextLine ID="region_1644313636653_8350l13"
                         BASELINE="2694,1696 2806,1690 2919,1683 3032,1678 3145,1674 3258,1670 3370,1668 3483,1666 3596,1664 3709,1664 3822,1662 3934,1662 4047,1662 4160,1662 4273,1664 4386,1664 4498,1664 4611,1664 4724,1664 4837,1664 4950,1664"
                         HEIGHT="189"
                         WIDTH="2285"
                         VPOS="1527"
                         HPOS="2679">
                  <String ID="string_region_1644313636653_8350l13"
                          HEIGHT="189"
                          WIDTH="2285"
                          VPOS="1527"
                          HPOS="2679"
                          CONTENT="ivrrest en advantagie dat weeten ende dat "/>
               </TextLine>
               <TextLine ID="region_1644313636653_8350l14"
                         BASELINE="2686,1818 2799,1812 2912,1808 3025,1804 3138,1800 3251,1797 3364,1794 3477,1792 3590,1790 3703,1788 3816,1786 3929,1786 4042,1786 4155,1786 4268,1786 4381,1787 4494,1788 4607,1792 4720,1794 4833,1797 4946,1802"
                         HEIGHT="222"
                         WIDTH="2291"
                         VPOS="1667"
                         HPOS="2670">
                  <String ID="string_region_1644313636653_8350l14"
                          HEIGHT="222"
                          WIDTH="2291"
                          VPOS="1667"
                          HPOS="2670"
                          CONTENT="Ick het ue uyt genegent heyde liever als aen"/>
               </TextLine>
               <TextLine ID="region_1644313636653_8350l15"
                         BASELINE="2722,1936 2836,1938 2950,1938 3064,1938 3178,1936 3293,1934 3407,1932 3521,1930 3635,1927 3749,1924 3864,1922 3978,1920 4092,1918 4206,1916 4320,1916 4435,1916 4549,1916 4663,1919 4777,1922 4891,1927 5006,1932"
                         HEIGHT="194"
                         WIDTH="2315"
                         VPOS="1786"
                         HPOS="2706">
                  <String ID="string_region_1644313636653_8350l15"
                          HEIGHT="194"
                          WIDTH="2315"
                          VPOS="1786"
                          HPOS="2706"
                          CONTENT="andere dhabbe te dsonnen ende ue iets aenstaen"/>
               </TextLine>
               <TextLine ID="region_1644313636653_8350l16"
                         BASELINE="2694,2064 2807,2062 2920,2060 3033,2058 3146,2056 3260,2053 3373,2050 3486,2048 3599,2048 3712,2046 3826,2044 3939,2044 4052,2044 4165,2044 4278,2046 4392,2046 4505,2048 4618,2051 4731,2054 4844,2058 4958,2064"
                         HEIGHT="174"
                         WIDTH="2296"
                         VPOS="1935"
                         HPOS="2678">
                  <String ID="string_region_1644313636653_8350l16"
                          HEIGHT="174"
                          WIDTH="2296"
                          VPOS="1935"
                          HPOS="2678"
                          CONTENT="de alls onder de merckt selfs sal laeten"/>
               </TextLine>
               <TextLine ID="region_1644313636653_8350l17"
                         BASELINE="2714,2178 2778,2180 2842,2180 2906,2182 2970,2180 3034,2180 3098,2178 3162,2178 3226,2176 3290,2174 3354,2171 3418,2169 3482,2166 3546,2164 3610,2161 3674,2159 3738,2157 3802,2156 3866,2154 3930,2152 3994,2152"
                         HEIGHT="190"
                         WIDTH="1314"
                         VPOS="2053"
                         HPOS="2697">
                  <String ID="string_region_1644313636653_8350l17"
                          HEIGHT="190"
                          WIDTH="1314"
                          VPOS="2053"
                          HPOS="2697"
                          CONTENT="tot ue goveno en blyve"/>
               </TextLine>
               <TextLine ID="region_1644313636653_8350l18"
                         BASELINE="2658,2324 2768,2317 2879,2311 2990,2305 3100,2300 3211,2296 3322,2292 3432,2289 3543,2288 3654,2286 3765,2284 3875,2282 3986,2282 4097,2280 4207,2280 4318,2278 4429,2278 4539,2276 4650,2274 4761,2272 4872,2270"
                         HEIGHT="178"
                         WIDTH="2248"
                         VPOS="2168"
                         HPOS="2640">
                  <String ID="string_region_1644313636653_8350l18"
                          HEIGHT="178"
                          WIDTH="2248"
                          VPOS="2168"
                          HPOS="2640"
                          CONTENT="Brussel Joannes Haghins, Ady 4 xber 1717"/>
               </TextLine>
               <TextLine ID="region_1644313636653_8350l19"
                         BASELINE="2656,2468 2770,2458 2885,2446 3000,2440 3115,2433 3230,2428 3345,2424 3460,2422 3575,2420 3690,2420 3805,2418 3919,2420 4034,2420 4149,2420 4264,2420 4379,2422 4494,2422 4609,2420 4724,2420 4839,2417 4954,2414"
                         HEIGHT="196"
                         WIDTH="2330"
                         VPOS="2271"
                         HPOS="2641">
                  <String ID="string_region_1644313636653_8350l19"
                          HEIGHT="196"
                          WIDTH="2330"
                          VPOS="2271"
                          HPOS="2641"
                          CONTENT="Te dest mijnen laesten 3 Augusn laest hebbe"/>
               </TextLine>
               <TextLine ID="region_1644313636653_8350l20"
                         BASELINE="2696,2560 2811,2552 2926,2546 3041,2541 3157,2537 3272,2534 3387,2532 3503,2532 3618,2532 3733,2532 3849,2532 3964,2532 4079,2532 4194,2534 4310,2534 4425,2534 4540,2534 4656,2532 4771,2530 4886,2527 5002,2524"
                         HEIGHT="186"
                         WIDTH="2334"
                         VPOS="2430"
                         HPOS="2682">
                  <String ID="string_region_1644313636653_8350l20"
                          HEIGHT="186"
                          WIDTH="2334"
                          VPOS="2430"
                          HPOS="2682"
                          CONTENT="e niets vernoemen ick hadde gedaght "/>
               </TextLine>
               <TextLine ID="region_1644313636653_8350l21"
                         BASELINE="2694,2660 2805,2654 2916,2650 3027,2646 3138,2644 3249,2642 3360,2640 3471,2638 3582,2638 3693,2638 3804,2638 3915,2638 4026,2638 4137,2638 4248,2638 4359,2638 4470,2636 4581,2634 4692,2632 4803,2628 4914,2624"
                         HEIGHT="110"
                         WIDTH="2251"
                         VPOS="2555"
                         HPOS="2678">
                  <String ID="string_region_1644313636653_8350l21"
                          HEIGHT="110"
                          WIDTH="2251"
                          VPOS="2555"
                          HPOS="2678"
                          CONTENT="dat ue al eens soude hebben dver ge coemen om"/>
               </TextLine>
               <TextLine ID="region_1644313636653_8350l22"
                         BASELINE="2690,2762 2804,2758 2919,2752 3033,2748 3148,2746 3263,2744 3377,2742 3492,2742 3606,2742 3721,2742 3836,2742 3950,2742 4065,2742 4179,2744 4294,2744 4409,2744 4523,2744 4638,2744 4752,2742 4867,2742 4982,2738"
                         HEIGHT="173"
                         WIDTH="2323"
                         VPOS="2622"
                         HPOS="2675">
                  <String ID="string_region_1644313636653_8350l22"
                          HEIGHT="173"
                          WIDTH="2323"
                          VPOS="2622"
                          HPOS="2675"
                          CONTENT="winter goederen te coopen daer ick ue can dienen"/>
               </TextLine>
               <TextLine ID="region_1644313636653_8350l23"
                         BASELINE="2702,2866 2813,2862 2925,2860 3037,2856 3149,2854 3261,2852 3372,2852 3484,2850 3596,2850 3708,2850 3820,2848 3931,2848 4043,2848 4155,2848 4267,2846 4379,2846 4490,2844 4602,2842 4714,2840 4826,2838 4938,2834"
                         HEIGHT="99"
                         WIDTH="2264"
                         VPOS="2765"
                         HPOS="2688">
                  <String ID="string_region_1644313636653_8350l23"
                          HEIGHT="99"
                          WIDTH="2264"
                          VPOS="2765"
                          HPOS="2688"
                          CONTENT="weest wel. verseekert dat en vervens soo goedere"/>
               </TextLine>
               <TextLine ID="region_1644313636653_8350l24"
                         BASELINE="2698,2970 2810,2965 2923,2960 3036,2957 3149,2954 3262,2952 3374,2948 3487,2948 3600,2946 3713,2944 3826,2944 3938,2944 4051,2942 4164,2942 4277,2942 4390,2940 4502,2938 4615,2938 4728,2936 4841,2932 4954,2930"
                         HEIGHT="175"
                         WIDTH="2288"
                         VPOS="2833"
                         HPOS="2682">
                  <String ID="string_region_1644313636653_8350l24"
                          HEIGHT="175"
                          WIDTH="2288"
                          VPOS="2833"
                          HPOS="2682"
                          CONTENT="coopen sal bedient worden hebbende &amp; van alle"/>
               </TextLine>
               <TextLine ID="region_1644313636653_8350l25"
                         BASELINE="2698,3078 2809,3070 2920,3065 3032,3060 3143,3056 3255,3053 3366,3050 3477,3048 3589,3048 3700,3046 3812,3046 3923,3046 4034,3046 4146,3046 4257,3044 4369,3044 4480,3042 4591,3040 4703,3037 4814,3034 4926,3028"
                         HEIGHT="153"
                         WIDTH="2258"
                         VPOS="2939"
                         HPOS="2684">
                  <String ID="string_region_1644313636653_8350l25"
                          HEIGHT="153"
                          WIDTH="2258"
                          VPOS="2939"
                          HPOS="2684"
                          CONTENT="voor ten geries tot ue dienste ick sal in een "/>
               </TextLine>
               <TextLine ID="region_1644313636653_8350l26"
                         BASELINE="2702,3170 2808,3168 2915,3166 3021,3164 3128,3162 3234,3160 3341,3160 3447,3158 3554,3157 3660,3156 3767,3156 3873,3154 3980,3152 4086,3152 4193,3150 4299,3150 4406,3148 4512,3146 4619,3143 4725,3140 4832,3138"
                         HEIGHT="201"
                         WIDTH="2162"
                         VPOS="3040"
                         HPOS="2685">
                  <String ID="string_region_1644313636653_8350l26"
                          HEIGHT="201"
                          WIDTH="2162"
                          VPOS="3040"
                          HPOS="2685"
                          CONTENT="dagh aelwe trecken aen d'ordre sacomo"/>
               </TextLine>
               <TextLine ID="region_1644313636653_8350l27"
                         BASELINE="2700,3278 2813,3272 2927,3270 3041,3267 3155,3264 3269,3264 3383,3262 3497,3262 3611,3262 3725,3260 3839,3260 3952,3260 4066,3258 4180,3256 4294,3254 4408,3252 4522,3246 4636,3241 4750,3234 4864,3227 4978,3216"
                         HEIGHT="178"
                         WIDTH="2308"
                         VPOS="3139"
                         HPOS="2684">
                  <String ID="string_region_1644313636653_8350l27"
                          HEIGHT="178"
                          WIDTH="2308"
                          VPOS="3139"
                          HPOS="2684"
                          CONTENT="Rousseau te betaelen ƒ 400:-wisselg prekenl "/>
               </TextLine>
               <TextLine ID="region_1644313636653_8350l28"
                         BASELINE="2674,3392 2789,3385 2905,3380 3020,3374 3136,3370 3252,3366 3367,3364 3483,3361 3598,3358 3714,3356 3830,3355 3945,3354 4061,3352 4176,3350 4292,3348 4408,3344 4523,3342 4639,3338 4754,3333 4870,3329 4986,3322"
                         HEIGHT="177"
                         WIDTH="2342"
                         VPOS="3263"
                         HPOS="2659">
                  <String ID="string_region_1644313636653_8350l28"
                          HEIGHT="177"
                          WIDTH="2342"
                          VPOS="3263"
                          HPOS="2659"
                          CONTENT="ick bidde ue de goetheydt te hebben de seve romp"/>
               </TextLine>
               <TextLine ID="region_1644313636653_8350l29"
                         BASELINE="2662,3490 2779,3484 2896,3478 3013,3474 3130,3470 3247,3464 3364,3462 3481,3458 3598,3456 3715,3454 3833,3452 3950,3450 4067,3448 4184,3448 4301,3446 4418,3446 4535,3446 4652,3444 4769,3444 4886,3444 5004,3444"
                         HEIGHT="185"
                         WIDTH="2373"
                         VPOS="3320"
                         HPOS="2646">
                  <String ID="string_region_1644313636653_8350l29"
                          HEIGHT="185"
                          WIDTH="2373"
                          VPOS="3320"
                          HPOS="2646"
                          CONTENT="te verceren want men can geen geldt invoorderen"/>
               </TextLine>
               <TextLine ID="region_1644313636653_8350l30"
                         BASELINE="2670,3582 2785,3574 2900,3569 3015,3564 3130,3560 3246,3556 3361,3554 3476,3552 3591,3550 3706,3548 3822,3548 3937,3547 4052,3546 4167,3546 4282,3546 4398,3544 4513,3544 4628,3543 4743,3542 4858,3540 4974,3536"
                         HEIGHT="159"
                         WIDTH="2336"
                         VPOS="3452"
                         HPOS="2654">
                  <String ID="string_region_1644313636653_8350l30"
                          HEIGHT="159"
                          WIDTH="2336"
                          VPOS="3452"
                          HPOS="2654"
                          CONTENT="daer men wel soude willen oock weet ae wat"/>
               </TextLine>
               <TextLine ID="region_1644313636653_8350l31"
                         BASELINE="2736,3668 2849,3664 2962,3662 3076,3660 3189,3658 3303,3656 3416,3656 3529,3654 3643,3652 3756,3650 3870,3650 3983,3648 4096,3646 4210,3644 4323,3644 4437,3642 4550,3640 4663,3638 4777,3636 4890,3634 5004,3632"
                         HEIGHT="133"
                         WIDTH="2300"
                         VPOS="3557"
                         HPOS="2720">
                  <String ID="string_region_1644313636653_8350l31"
                          HEIGHT="133"
                          WIDTH="2300"
                          VPOS="3557"
                          HPOS="2720"
                          CONTENT="un mij over lanck beloeft heeft en wat considerane "/>
               </TextLine>
               <TextLine ID="region_1644313636653_8350l32"
                         BASELINE="2708,3754 2818,3753 2929,3752 3040,3750 3151,3750 3262,3748 3372,3748 3483,3746 3594,3746 3705,3744 3816,3744 3926,3742 4037,3742 4148,3740 4259,3738 4370,3737 4480,3736 4591,3734 4702,3730 4813,3728 4924,3726"
                         HEIGHT="100"
                         WIDTH="2245"
                         VPOS="3641"
                         HPOS="2693">
                  <String ID="string_region_1644313636653_8350l32"
                          HEIGHT="100"
                          WIDTH="2245"
                          VPOS="3641"
                          HPOS="2693"
                          CONTENT="ick gehadt hebbe en de doorgaens gebrive meer"/>
               </TextLine>
            </TextBlock>
         </PrintSpace>
      </Page>
   </Layout>
</alto>
