5211 3832
473 43 2231 215 jespere que ne me refuseriz passe servne que

527 207 2113 163 me pouvec rendre & luy faire paycer ie uiz

537 296 2065 155 me doibt de ret  bien que la vallur de

535 453 2094 174 son acceptanon surditte je vous le supthiz

550 543 2033 196 aultant que ie puis car ie veut avoir n

529 650 2185 209 lunne ou lautre maniere voicy unne imelus

531 761 2147 252 pour luy que ie vous soire luy aire mettez

552 903 2087 201 et ains ne manquez pas a me sairer

572 1022 2045 213 sil est poosible etie vous en auray de

539 1149 1726 205 obepatio 2 inie ie sir

559 1257 1258 203 een ingesloeten cassien

470 1369 2204 208 pour vous faire plaisir ie vous es crivre la

519 1478 2131 236 luy de la sorne je vous fair le maisire

498 1631 2140 201 dagir comme pour vous propm nourveu

531 1710 2027 250 que iepuis a voir sansfacuoit

514 1851 2217 146 et quil ny as pas a cradre aultrement

535 1940 1999 186 te sence me fauver d'anstant quie vous

535 2060 868 185 Lerge possible

454 2143 2123 166 London le che Thomas Scawen Ady 12 gbre 1718

521 2273 2061 164 Jay bien receu lhonneur de deux vossdes 3 et

581 2371 2019 175 dbre je vous envoye done cy incluse les deux mes

521 2483 1998 183 procurations pour recevoir les intrests tant des

530 2608 2063 151 annuities stef £2000:- des lotteries que de   £500:-

530 2697 2162 146 annuities de la banque passee p vre grace sur mon

513 2801 2065 163 homet en mon pouvoir cela se pouvoit interer

554 2913 2052 141 dans les entorieures procurations que ie vous ay

537 2989 2126 218 passée et envoyeet pour les faire mettre sur moy

571 3097 2129 186 et je suis mary qque cela ne s'est fait ainsy ces sont

568 3205 2097 188 des frais m'at apropis. re payeray a la presentation

563 3316 2169 141 vre traitte sur moy est faveur mons. Jacobus iout

563 3416 2172 190 £30:- an 36:1 les fallires considere bles arrivees

560 3520 2099 194 chez vous et en hollande ont tellement allarmce

579 3628 2047 152 p.: icy tout le monde qu'il ny a plus dr credt

2868 70 2118 121 et que la pluspart fera revenir son capitat

2857 150 2226 175 et poiurt san raison grace a dieu ie ny suis illement

2875 268 2185 143 intresses fusquet as tresent et lespere que le Bou dres

2858 386 2147 187 m'en preserver car een best pas le temps pour

2877 493 2139 216 pouvoir perdie on sen pouvoir remettre cariz

2878 617 2178 233 ny arien araine ny gagner p le commerce en is

2878 726 2182 225 pays ett hors du pays le bonheur est davoir de

2900 833 2106 218 bons et suffisans correspondenis et d'estre entre

2867 980 2186 150 les maiges dhonnestes gent comme onvois toutt les

2881 1064 2100 210 jours p experience  je vous salue et

3028 1225 1945 209 opye van de procuratie heden gesonden om

2926 1353 2132 218 t ontfangen de intresten van  1000: lotterge

2912 1491 530 158 Annitiet

2878 1585 2077 166 know all men by these presents that I Pedrolijn

2899 1720 2179 116 of Antwertr mercht de make constiit and appoinn

2907 1818 2126 146 S. thomas Scawen of London knight and alderman

2895 1951 2104 111 my lanfule asiney for me in my nam aud on oing

2891 2051 2141 134 behalf to receive and give receips for ell paymenis

2913 2142 2060 136 ol annuities due and to gros de payable for ang

2925 2240 2083 156 linr est or sheares which I have had, now have or

2895 2341 2154 174 shall have in the capital or soiynt stock crecued by

2890 2459 2193 116 adr act ofpartrament of aseat bustain tor tre georg

2898 2557 2162 121 made Jamongst ofher things, for redecmaigghe

2917 2673 2104 111 doities revennes and annuities there in mentiones and

2911 2748 2135 186 for establishing a general yearly find for trefrder

2900 2846 2178 197 aument lusies as lave rorrez to be payable

2917 2951 1893 177 and ransserable at the banck of england ates

2905 3037 2094 169 redeemable by parliament and to do al lanfrill

2882 3146 2207 138 aits for affeenne the pins les. rasein9 and confir111:9

2865 3279 2214 133 all that the sall do be verinchere ofts in wirnels when

4824 3361 150 84 Ans

2894 3392 2167 88 of I have here unto set my hand and seal the 1H. vau

2968 3483 2091 119 & gber one shousand levan heundred and listeen nen stil

2840 3580 1396 121 sealed and delivredin the protence of

4436 3553 536 187 & Meijn.

2896 3633 782 133 Jac0b8 de conines

3230 3654 1009 110 noysens nosardus resus

3001 3729 113 40 2to
