5056 3835
559 71 2113 192 oft sult de selve conforen vevinden en approbeeren

527 216 1974 153 waer over ue advies te gemoet sien het il

547 294 2111 183 voor waer van wijnighe importantie dat ue die

584 407 2065 211 jaer met mij gedaent heeft verhoepe het niewe

596 474 2065 260 ue favorabelder occasie sal geven om meerder

577 643 1785 194 te employeeren waer toe ue mijn dienst

580 733 2032 237 presonteere ende belieft ue mij op londonte

558 855 2004 177 laeten afgeven vooor ue reken. ick sal uee

585 977 2066 168 vaste en goede brieven altijdts besorgheen in

576 1067 2005 198 als ue mij eenge postdaeghen will in geven

551 1198 1989 215 Ick sul selfs vor een half ipercento voor de

578 1295 2047 215 selfde instaen aengaeeyde mijn drowighe

591 1406 2037 186 rekent bidde ue andermael ick eens een einde

585 1518 2007 159 magh hebben en isser est in casse dat ue my

592 1642 2075 164 het selfde beliefde te remitteeren. ue recipreque

596 1738 2012 152 wenscheure het saliah nicuave jaer met vele

610 1858 2046 134 volgende en prosperiteydt tot contememeert

595 1962 1137 169 en salighe st ƒ6

908 2006 1103 234 Ad Maroreen Des

941 2175 1232 192 Der parceque virginis

1239 2292 460 193 Matt

1025 2391 1133 179 nonorem aet Guiam

1080 2553 1005 171 Anno Do aun

1302 2687 284 130 1725

1928 2764 727 186 6 Janueen 1721

458 2732 1274 249 Brusselle Francoij era

602 2869 2055 208 ses ud mijl den mor de ceue de goethert geheeft

559 3003 2090 163 van mijn sctoon moeder te schijven dat de 3 distens

582 3068 2070 147 brieven van lijf rente op de eende van aelst ue be

599 3172 2064 161 kent geroet waeren, ende dat de selve  capitae

557 3263 2112 173 wiss hede gecort worden op den well die

590 3325 2071 209 mijnen schoen morder tot lasten den selve cande

596 3439 2058 173 ten handen heft ten 10 deser binnen gent be

580 3532 2048 170 laelt moeten woreen reden ick ue ben ver

587 3639 2052 151 soeckende dat ick ditto rente nevende quitte

2859 76 2101 221 het iol doeninge der selve magh hebbe en x

2879 191 2132 210 reicheeren oft alles wel en behoerelijck forme

2846 321 2127 197 tipuleert is al voorens van penneng te

2841 406 2167 215 beteelen bidden de ditto breven door eermyn bolde

2821 516 2195 277 nevend quittantie hoeeerdir hoe leeve n

2817 597 2181 290 behandight norden om naer deteen ien offil

2846 716 2156 262 altijt te rescontres & ue sal mij groetelij

4374 933 554 114 ehrestelyck

2829 833 2052 289 verobliigeeren die naer troetenisse blijve

2847 954 2144 295 daer moet quittantie oft ten minsten ordre

2893 1086 1927 297 bij wesen van ditto penningen aen de

2879 1217 2113 245 wedue Broeckmans voor reken van ditto

2884 1331 2103 233 landen te betaelen op cortinge van haeren

2879 1468 2123 213 wisselbrief die de selve wedus ten lasse de

2868 1607 2071 197 selven lande ten onderen is hebbende tot ue

2909 1745 798 196 d gouverno

4134 1864 645 173 8 Januany 1721

2807 1861 903 212 In B. de aedelaer

2876 1973 2110 173 en antwoont op die aen te eeme 3 court sien ue ap

2875 2083 2101 166 probutie te gemoet oer mijne gesondene niick als

2874 2176 2090 187 med ingevalle ue my iets voor mijne reck conde

2885 2269 2144 187 nemitteeren maecke nota vanden brief van st £159

2895 2392 2069 187 door ue geaccepteert bij mij addres maer en wecte

2886 2526 2046 118 mij daer naer niets te informeene alsoo iohn ft

2852 2584 2090 190 dharles horisen Comp. aun wie die geaadoiseert is

2882 2688 2138 156 tot londen woonaehtigh sijn daertegens remitteert

2872 2804 2047 167 ue mij op reken voor sijne reken £200 op lours

2857 2898 2077 171 francois de Coninck waer van voldaen sen. wille

2863 3002 2052 134 ue geerne altijdts de wissel cours noteeren dogh bij

2852 3085 2115 143 deese consoneture van tijdt en gelijck het mj eenige

2844 3192 2025 125 maenden gegaen heeft soo en is daer geenen

2855 3286 2153 146 staelt te maeken den laesten noet is im londo

2849 3367 2152 159 gedaen 2 usos 233:8 733:10 ¾ 34 peden 332:8233:

2854 3475 2141 169 a 133:11 tsserdans banco laeste post 2a2

2840 3612 2100 104 courant 2 parijs brieven in gelde volgens

2778 3676 2109 112 oaet laesse diess 44 a 45 ½ geldt tot sso blijve
