<?xml version="1.0" encoding="UTF-8"?>
<alto xmlns:xsi="http://www.w3.org/2001/XMLSchema-instance"
      xmlns="http://www.loc.gov/standards/alto/ns-v4#"
      xmlns:page="http://schema.primaresearch.org/PAGE/gts/pagecontent/2013-07-15"
      xsi:schemaLocation="http://www.loc.gov/standards/alto/ns-v4# https://www.loc.gov/standards/alto/v4/alto.xsd">
   <Description>
      <MeasurementUnit>pixel</MeasurementUnit>
      <OCRProcessing ID="IdOcr">
         <ocrProcessingStep>
            <processingDateTime>2022-02-11T21:33:59.292+01:00</processingDateTime>
            <processingSoftware>
               <softwareCreator>READ COOP</softwareCreator>
               <softwareName>Transkribus</softwareName>
            </processingSoftware>
         </ocrProcessingStep>
      </OCRProcessing>
   </Description>
   <Layout>
      <Page ID="Page1" PHYSICAL_IMG_NR="1" HEIGHT="3830" WIDTH="5184">
         <TopMargin HEIGHT="0" WIDTH="5184" VPOS="0" HPOS="0"/>
         <LeftMargin HEIGHT="3830" WIDTH="0" VPOS="0" HPOS="0"/>
         <RightMargin HEIGHT="3830" WIDTH="0" VPOS="0" HPOS="5184"/>
         <BottomMargin HEIGHT="0" WIDTH="5184" VPOS="3830" HPOS="0"/>
         <PrintSpace HEIGHT="3830" WIDTH="5184" VPOS="0" HPOS="0">
            <TextBlock ID="region_1644324654989_9347"
                       HEIGHT="2472"
                       WIDTH="3144"
                       VPOS="691"
                       HPOS="1048">
               <Shape>
                  <Polygon POINTS="1048,691 4192,691 4192,3163 1048,3163"/>
               </Shape>
               <TextLine ID="region_1644324654989_9347l1"
                         BASELINE="2160,868 2237,873 2315,876 2393,881 2470,884 2548,888 2626,890 2703,894 2781,895 2859,896 2937,898 3014,898 3092,898 3170,898 3247,898 3325,896 3403,894 3480,892 3558,889 3636,886 3714,882"
                         HEIGHT="173"
                         WIDTH="1589"
                         VPOS="788"
                         HPOS="2144">
                  <String ID="string_region_1644324654989_9347l1"
                          HEIGHT="173"
                          WIDTH="1589"
                          VPOS="788"
                          HPOS="2144"
                          CONTENT=" en  ju d to19"/>
               </TextLine>
               <TextLine ID="region_1644324654989_9347l2"
                         BASELINE="1186,902 1232,902 1278,904 1324,904 1370,906 1417,908 1463,908 1509,909 1555,910 1601,910 1648,910 1694,912 1740,912 1786,912 1832,910 1879,910 1925,910 1971,908 2017,908 2063,906 2110,904"
                         HEIGHT="201"
                         WIDTH="955"
                         VPOS="758"
                         HPOS="1171">
                  <String ID="string_region_1644324654989_9347l2"
                          HEIGHT="201"
                          WIDTH="955"
                          VPOS="758"
                          HPOS="1171"
                          CONTENT="Dh Fans ioumau"/>
               </TextLine>
               <TextLine ID="region_1644324654989_9347l3"
                         BASELINE="3082,978 3108,978 3135,978 3162,978 3188,978 3215,979 3242,980 3268,980 3295,982 3322,984 3348,984 3375,985 3402,986"
                         HEIGHT="118"
                         WIDTH="357"
                         VPOS="894"
                         HPOS="3064">
                  <String ID="string_region_1644324654989_9347l3"
                          HEIGHT="118"
                          WIDTH="357"
                          VPOS="894"
                          HPOS="3064"
                          CONTENT="dto"/>
               </TextLine>
               <TextLine ID="region_1644324654989_9347l4"
                         BASELINE="1998,978 2024,978 2050,978 2077,978 2103,978 2130,978 2156,979 2182,980 2209,980 2235,982 2262,982 2288,982 2314,984 2341,984 2367,984 2394,984"
                         HEIGHT="133"
                         WIDTH="433"
                         VPOS="888"
                         HPOS="1980">
                  <String ID="string_region_1644324654989_9347l4"
                          HEIGHT="133"
                          WIDTH="433"
                          VPOS="888"
                          HPOS="1980"
                          CONTENT="ur aepooka"/>
               </TextLine>
               <TextLine ID="region_1644324654989_9347l5"
                         BASELINE="1326,1072 1446,1071 1567,1069 1688,1068 1808,1066 1929,1066 2050,1066 2170,1066 2291,1064 2412,1064 2533,1064 2653,1064 2774,1063 2895,1062 3015,1062 3136,1060 3257,1058 3377,1056 3498,1054 3619,1050 3740,1048"
                         HEIGHT="207"
                         WIDTH="2448"
                         VPOS="915"
                         HPOS="1307">
                  <String ID="string_region_1644324654989_9347l5"
                          HEIGHT="207"
                          WIDTH="2448"
                          VPOS="915"
                          HPOS="1307"
                          CONTENT="Mijne hier ue aengenaem en me. hebbe wel en songen"/>
               </TextLine>
               <TextLine ID="region_1644324654989_9347l6"
                         BASELINE="3818,1102 3846,1104 3875,1099 3904,1091 3933,1083 3962,1078"
                         HEIGHT="151"
                         WIDTH="198"
                         VPOS="979"
                         HPOS="3781">
                  <String ID="string_region_1644324654989_9347l6"
                          HEIGHT="151"
                          WIDTH="198"
                          VPOS="979"
                          HPOS="3781"
                          CONTENT="6d6"/>
               </TextLine>
               <TextLine ID="region_1644324654989_9347l7"
                         BASELINE="1404,1170 1532,1172 1660,1172 1788,1172 1916,1172 2045,1172 2173,1172 2301,1172 2429,1170 2557,1170 2686,1170 2814,1168 2942,1168 3070,1166 3198,1165 3326,1164 3455,1162 3583,1162 3711,1162 3839,1160 3968,1160"
                         HEIGHT="143"
                         WIDTH="2599"
                         VPOS="1062"
                         HPOS="1386">
                  <String ID="string_region_1644324654989_9347l7"
                          HEIGHT="143"
                          WIDTH="2599"
                          VPOS="1062"
                          HPOS="1386"
                          CONTENT="ue aouseert sich ick en e ne rreyet v £1000:- opgeset e"/>
               </TextLine>
               <TextLine ID="region_1644324654989_9347l8"
                         BASELINE="2776,1220 2801,1218 2827,1218 2853,1218 2879,1219 2905,1220 2930,1220 2956,1220 2982,1220 3008,1218 3034,1217 3060,1216"
                         HEIGHT="97"
                         WIDTH="318"
                         VPOS="1153"
                         HPOS="2760">
                  <String ID="string_region_1644324654989_9347l8"
                          HEIGHT="97"
                          WIDTH="318"
                          VPOS="1153"
                          HPOS="2760"
                          CONTENT=""/>
               </TextLine>
               <TextLine ID="region_1644324654989_9347l9"
                         BASELINE="1378,1276 1510,1274 1643,1270 1776,1268 1909,1268 2042,1268 2174,1268 2307,1268 2440,1270 2573,1271 2706,1272 2838,1274 2971,1274 3104,1274 3237,1276 3370,1274 3502,1274 3635,1272 3768,1268 3901,1264 4034,1258"
                         HEIGHT="129"
                         WIDTH="2689"
                         VPOS="1200"
                         HPOS="1360">
                  <String ID="string_region_1644324654989_9347l9"
                          HEIGHT="129"
                          WIDTH="2689"
                          VPOS="1200"
                          HPOS="1360"
                          CONTENT=" in san mij dat noegt bewijlen  dat ick ue oft ue mist. vay ledert"/>
               </TextLine>
               <TextLine ID="region_1644324654989_9347l10"
                         BASELINE="1408,1366 1535,1366 1662,1366 1789,1368 1916,1368 2044,1368 2171,1368 2298,1370 2425,1370 2552,1370 2680,1370 2807,1370 2934,1370 3061,1370 3188,1370 3316,1370 3443,1370 3570,1368 3697,1368 3824,1368 3952,1366"
                         HEIGHT="127"
                         WIDTH="2575"
                         VPOS="1279"
                         HPOS="1392">
                  <String ID="string_region_1644324654989_9347l10"
                          HEIGHT="127"
                          WIDTH="2575"
                          VPOS="1279"
                          HPOS="1392"
                          CONTENT="niet en hebbe gerepliceert is geweest geen oecasie hadde ue te "/>
               </TextLine>
               <TextLine ID="region_1644324654989_9347l11"
                         BASELINE="1414,1472 1544,1472 1675,1474 1805,1474 1936,1474 2067,1474 2197,1474 2328,1474 2458,1474 2589,1473 2720,1472 2850,1472 2981,1472 3111,1470 3242,1470 3373,1470 3503,1468 3634,1468 3764,1466 3895,1466 4026,1466"
                         HEIGHT="139"
                         WIDTH="2646"
                         VPOS="1379"
                         HPOS="1397">
                  <String ID="string_region_1644324654989_9347l11"
                          HEIGHT="139"
                          WIDTH="2646"
                          VPOS="1379"
                          HPOS="1397"
                          CONTENT="schrijven het is waer ue d. hier sende gelief de mij te segghen "/>
               </TextLine>
               <TextLine ID="region_1644324654989_9347l12"
                         BASELINE="1388,1580 1510,1576 1632,1572 1755,1568 1877,1567 2000,1566 2122,1566 2244,1566 2367,1566 2489,1568 2612,1568 2734,1570 2856,1570 2979,1572 3101,1572 3224,1572 3346,1570 3468,1568 3591,1564 3713,1560 3836,1554"
                         HEIGHT="164"
                         WIDTH="2482"
                         VPOS="1459"
                         HPOS="1370">
                  <String ID="string_region_1644324654989_9347l12"
                          HEIGHT="164"
                          WIDTH="2482"
                          VPOS="1459"
                          HPOS="1370"
                          CONTENT="dat voortaen niet meer als urans  conde goet doen"/>
               </TextLine>
               <TextLine ID="region_1644324654989_9347l13"
                         BASELINE="1426,1668 1551,1666 1677,1665 1802,1664 1928,1664 2054,1664 2179,1666 2305,1666 2430,1668 2556,1670 2682,1670 2807,1672 2933,1672 3058,1674 3184,1674 3310,1674 3435,1674 3561,1672 3686,1671 3812,1668 3938,1664"
                         HEIGHT="134"
                         WIDTH="2548"
                         VPOS="1590"
                         HPOS="1408">
                  <String ID="string_region_1644324654989_9347l13"
                          HEIGHT="134"
                          WIDTH="2548"
                          VPOS="1590"
                          HPOS="1408"
                          CONTENT="het discompte e cossy soo sijnde sch depliceerde de wul c "/>
               </TextLine>
               <TextLine ID="region_1644324654989_9347l14"
                         BASELINE="1362,1770 1495,1766 1629,1764 1763,1762 1897,1762 2031,1762 2165,1762 2299,1762 2433,1764 2567,1764 2701,1766 2834,1768 2968,1768 3102,1770 3236,1771 3370,1772 3504,1772 3638,1774 3772,1774 3906,1773 4040,1772"
                         HEIGHT="142"
                         WIDTH="2713"
                         VPOS="1692"
                         HPOS="1344">
                  <String ID="string_region_1644324654989_9347l14"
                          HEIGHT="142"
                          WIDTH="2713"
                          VPOS="1692"
                          HPOS="1344"
                          CONTENT="overwaght hadde voorsooveel ue mijn bsoeder ee door en ci naest"/>
               </TextLine>
               <TextLine ID="region_1644324654989_9347l15"
                         BASELINE="1434,1874 1555,1870 1676,1868 1797,1868 1918,1866 2040,1866 2161,1866 2282,1866 2403,1866 2524,1868 2646,1868 2767,1868 2888,1868 3009,1870 3130,1870 3252,1868 3373,1868 3494,1866 3615,1865 3736,1862 3858,1860"
                         HEIGHT="164"
                         WIDTH="2458"
                         VPOS="1762"
                         HPOS="1416">
                  <String ID="string_region_1644324654989_9347l15"
                          HEIGHT="164"
                          WIDTH="2458"
                          VPOS="1762"
                          HPOS="1416"
                          CONTENT="gaende hadde geschreven ende dancq mij datr mette loyde "/>
               </TextLine>
               <TextLine ID="region_1644324654989_9347l16"
                         BASELINE="1408,1966 1540,1966 1672,1966 1805,1966 1937,1968 2070,1968 2202,1968 2334,1968 2467,1968 2599,1968 2732,1968 2864,1968 2996,1968 3129,1968 3261,1968 3394,1968 3526,1968 3658,1968 3791,1968 3923,1968 4056,1968"
                         HEIGHT="144"
                         WIDTH="2682"
                         VPOS="1885"
                         HPOS="1392">
                  <String ID="string_region_1644324654989_9347l16"
                          HEIGHT="144"
                          WIDTH="2682"
                          VPOS="1885"
                          HPOS="1392"
                          CONTENT="vergehoegen in confimeeren en enver op geretmeert sijne"/>
               </TextLine>
               <TextLine ID="region_1644324654989_9347l17"
                         BASELINE="1406,2080 1536,2080 1667,2080 1797,2080 1928,2078 2059,2078 2189,2076 2320,2075 2450,2074 2581,2072 2712,2072 2842,2070 2973,2068 3103,2068 3234,2068 3365,2066 3495,2066 3626,2066 3756,2066 3887,2068 4018,2068"
                         HEIGHT="142"
                         WIDTH="2646"
                         VPOS="1996"
                         HPOS="1390">
                  <String ID="string_region_1644324654989_9347l17"
                          HEIGHT="142"
                          WIDTH="2646"
                          VPOS="1996"
                          HPOS="1390"
                          CONTENT="sereef ie ick hebbe in inte soo gepirmmijecre dte tuoes voor"/>
               </TextLine>
               <TextLine ID="region_1644324654989_9347l18"
                         BASELINE="1390,2214 1523,2207 1656,2202 1789,2196 1922,2192 2055,2188 2188,2185 2321,2182 2454,2180 2587,2178 2720,2176 2853,2174 2986,2174 3119,2172 3252,2172 3385,2172 3518,2172 3651,2172 3784,2172 3917,2172 4050,2172"
                         HEIGHT="143"
                         WIDTH="2693"
                         VPOS="2121"
                         HPOS="1372">
                  <String ID="string_region_1644324654989_9347l18"
                          HEIGHT="143"
                          WIDTH="2693"
                          VPOS="2121"
                          HPOS="1372"
                          CONTENT="n dan hebbe laet passeeren alnoewel ue ddevoor den "/>
               </TextLine>
               <TextLine ID="region_1644324654989_9347l19"
                         BASELINE="1402,2304 1534,2302 1666,2299 1798,2296 1930,2294 2063,2292 2195,2290 2327,2288 2459,2286 2591,2284 2724,2282 2856,2280 2988,2278 3120,2278 3252,2276 3384,2276 3517,2275 3649,2274 3781,2274 3913,2276 4046,2276"
                         HEIGHT="198"
                         WIDTH="2676"
                         VPOS="2157"
                         HPOS="1386">
                  <String ID="string_region_1644324654989_9347l19"
                          HEIGHT="198"
                          WIDTH="2676"
                          VPOS="2157"
                          HPOS="1386"
                          CONTENT="verval daeghe van 13 shiguin niet engeseydt hebben de soude"/>
               </TextLine>
               <TextLine ID="region_1644324654989_9347l20"
                         BASELINE="1460,2394 1591,2396 1722,2398 1853,2398 1984,2398 2115,2396 2246,2396 2377,2394 2508,2392 2639,2390 2770,2387 2901,2384 3032,2382 3163,2382 3294,2380 3425,2380 3556,2380 3687,2380 3818,2380 3949,2384 4080,2386"
                         HEIGHT="120"
                         WIDTH="2652"
                         VPOS="2307"
                         HPOS="1443">
                  <String ID="string_region_1644324654989_9347l20"
                          HEIGHT="120"
                          WIDTH="2652"
                          VPOS="2307"
                          HPOS="1443"
                          CONTENT="tot A presevant hast jae volgende deobligeert geweest"/>
               </TextLine>
               <TextLine ID="region_1644324654989_9347l21"
                         BASELINE="3588,2442 3613,2442 3638,2444 3663,2446 3688,2446 3713,2448 3739,2451 3764,2453 3789,2454 3814,2456 3839,2457 3864,2457 3890,2456"
                         HEIGHT="118"
                         WIDTH="339"
                         VPOS="2366"
                         HPOS="3569">
                  <String ID="string_region_1644324654989_9347l21"
                          HEIGHT="118"
                          WIDTH="339"
                          VPOS="2366"
                          HPOS="3569"
                          CONTENT="he"/>
               </TextLine>
               <TextLine ID="region_1644324654989_9347l22"
                         BASELINE="1466,2488 1571,2494 1676,2497 1782,2500 1887,2502 1993,2504 2098,2504 2203,2504 2309,2504 2414,2504 2520,2502 2625,2500 2730,2498 2836,2496 2941,2493 3047,2490 3152,2487 3257,2484 3363,2480 3468,2478 3574,2474"
                         HEIGHT="152"
                         WIDTH="2144"
                         VPOS="2381"
                         HPOS="1448">
                  <String ID="string_region_1644324654989_9347l22"
                          HEIGHT="152"
                          WIDTH="2144"
                          VPOS="2381"
                          HPOS="1448"
                          CONTENT="hebben oodar sulcax meer gaet in mijn als in ue"/>
               </TextLine>
               <TextLine ID="region_1644324654989_9347l23"
                         BASELINE="1458,2600 1589,2604 1720,2606 1851,2608 1983,2608 2114,2606 2245,2605 2377,2603 2508,2600 2639,2598 2771,2594 2902,2591 3033,2588 3164,2585 3296,2582 3427,2580 3558,2578 3690,2576 3821,2576 3952,2576 4084,2576"
                         HEIGHT="197"
                         WIDTH="2661"
                         VPOS="2457"
                         HPOS="1441">
                  <String ID="string_region_1644324654989_9347l23"
                          HEIGHT="197"
                          WIDTH="2661"
                          VPOS="2457"
                          HPOS="1441"
                          CONTENT="preiuditte veer van daer dat ick nogh soude die sutche anck"/>
               </TextLine>
               <TextLine ID="region_1644324654989_9347l24"
                         BASELINE="1478,2704 1588,2704 1698,2702 1808,2702 1918,2702 2029,2701 2139,2700 2249,2700 2359,2698 2469,2696 2580,2695 2690,2694 2800,2692 2910,2690 3020,2688 3131,2684 3241,2682 3351,2678 3461,2676 3571,2672 3682,2668"
                         HEIGHT="132"
                         WIDTH="2238"
                         VPOS="2602"
                         HPOS="1461">
                  <String ID="string_region_1644324654989_9347l24"
                          HEIGHT="132"
                          WIDTH="2238"
                          VPOS="2602"
                          HPOS="1461"
                          CONTENT="van 3 cusi tot 15 sber sabiiet moeter weten "/>
               </TextLine>
               <TextLine ID="region_1644324654989_9347l25"
                         BASELINE="1462,2794 1588,2796 1714,2796 1840,2798 1967,2798 2093,2796 2219,2796 2346,2794 2472,2792 2598,2789 2725,2786 2851,2784 2977,2780 3103,2778 3230,2776 3356,2773 3482,2771 3609,2770 3735,2768 3861,2766 3988,2766"
                         HEIGHT="204"
                         WIDTH="2560"
                         VPOS="2610"
                         HPOS="1444">
                  <String ID="string_region_1644324654989_9347l25"
                          HEIGHT="204"
                          WIDTH="2560"
                          VPOS="2610"
                          HPOS="1444"
                          CONTENT="het en remt mij op die tijdt niet aen oft dat en wille ick"/>
               </TextLine>
               <TextLine ID="region_1644324654989_9347l26"
                         BASELINE="1450,2898 1575,2902 1700,2904 1826,2906 1951,2906 2077,2904 2202,2902 2327,2900 2453,2898 2578,2895 2704,2892 2829,2889 2954,2886 3080,2884 3205,2882 3331,2880 3456,2878 3581,2879 3707,2880 3832,2882 3958,2886"
                         HEIGHT="208"
                         WIDTH="2543"
                         VPOS="2781"
                         HPOS="1433">
                  <String ID="string_region_1644324654989_9347l26"
                          HEIGHT="208"
                          WIDTH="2543"
                          VPOS="2781"
                          HPOS="1433"
                          CONTENT="niet moveeren aengaende den intrest die daer van can"/>
               </TextLine>
               <TextLine ID="region_1644324654989_9347l27"
                         BASELINE="1360,3006 1386,3006 1412,3006"
                         HEIGHT="154"
                         WIDTH="87"
                         VPOS="2897"
                         HPOS="1343">
                  <String ID="string_region_1644324654989_9347l27"
                          HEIGHT="154"
                          WIDTH="87"
                          VPOS="2897"
                          HPOS="1343"
                          CONTENT=""/>
               </TextLine>
            </TextBlock>
         </PrintSpace>
      </Page>
   </Layout>
</alto>
