5061 3841
1707 62 873 111 eyn saet a sone masiere

597 99 2091 158 recce mais port la valeur je ne scay  dese au

602 159 2079 201 verachte tache d avoir satisfaction sil vs plais

598 248 2050 189 vs me marque que ne mes pouvois remetre a ƒ36

586 399 2052 111 a  jaye esxhe vos mains il ne veut pas be

585 438 2058 192 peine die actremont je sa  meillus

599 544 1920 181 occarions devoir de retous les pettste de

573 654 1979 172 panee de la frorique au sollul ne vaillent

594 720 2030 231 checus quaes livre et ell rendre i £11:2½

589 849 2002 204 de change de mie g'leerues ce que rende

587 970 1917 189 aun sp 100 au cours de  34 come il est a

573 1072 1926 181 present ƒ 100 de change du profit si vs faittes

593 1178 2053 197 quelle  sniculations et avez occations a mon

586 1292 1949 200 verer je vs seroit remises au reccu in accurte

473 1394 2120 226 a ujous et ns partagerons le geyne ensemble

600 1481 1984 187 ou a deux vs m' avoncl. l'employ de c  j'ay

593 1590 2026 186 en de vos main des obligation de la compay

607 1689 1896 212 mees es suds les quelles  a 13 pr cent de dex

600 1808 2031 126 dome. et les quelles doiven este jiay aue bou

604 1909 1996 205 d'un ans adec l'ixtrest de 5 prcent et tenis

590 2007 1877 225 sn pr  emplye ave et sans resque e

626 2099 1889 235 moy jene my connois point aur sont outre

611 2208 2047 187 ies des ordres arrive dans les actiors font ne tres

628 2317 2007 165 mairvais en re mitation en la compagncede

566 2421 2031 240 fud p four l europe cependant come jer

629 2540 1898 209 q'ne me conseiller pas mal et g conse

610 2640 1955 200 doit ser a cesamis vous on negobier pis

617 2765 1953 231 feter je suis content p v y employes au re

636 2896 1899 169 ecu de la menne a q jas bon en re vos

635 2974 1982 176 mairy mais pas d'avantae ne vs presse pas

634 3094 2008 211 tachen de le faire a la plus lavorable occa

611 3204 1912 222 tion et faittes pr moy come pr vs mesme

605 3333 2078 169 attendant de vos nouvel et et ce qul sera puss

632 3475 323 203 et suis

4073 65 721 168 18 Janu a 1721

2817 96 904 207 Gent J. Ben de saede lade

2866 203 2088 166 met ue aene n me 1s court becoemen ne  2

2835 259 2133 196 deser  d'atops coeuraert en soon in aute de

2847 339 2069 235 hollants wae ƒ621 die tot 3 met ue schaede hebbe

2862 410 2107 260 ingetrock en ue gereditert ul ae £100:93

2841 495 2136 288 het is mij benue oppasselick tijt geweerst veke

2859 625 2068 275 ie voor nie geparsie en de deue mj capen

2865 707 2095 326 gaende sal connen beantworden om conform

2840 813 2057 299 de reck mat ue gedonde te sluyten dan te t

2874 919 2083 292 moet san ingesteltn den riey hien las ten dne

2877 1054 2055 263 mij voldoeen Thijt 15d 4  ƒ 34: & vlaems wed.

2853 1137 2110 301 £200 soe als megelieft te crediteeren die blijve

2890 1255 2102 286 cloue op port daegen schrijft den wort ue al hot

2890 1451 1027 166 de wis cours genoe

2770 1462 2152 292 London Scaven en Comp Ady ay fanuier 171

2792 1653 2071 230 ie me refere a ma deriere 11 du courant et quoy

2795 1763 2156 210 que ie n'ay de vos nouvelles ie remarque bsen piles

2778 1915 2141 167 advis que nous avons reccu que ne pourrez trat

2795 1999 2089 216 accomplis mon ordre pour acho ter  £500:-

2820 2131 2167 143 en cletions de la  compe des indes or entaley

2796 2236 2079 199 pour quel suiect de prenne la sbertes vous

2811 2354 1883 192 prier pr. celle dackepier pour  £500:

2769 2466 2178 198 Annusies ou les mayque ja 9 ie nccror pasequez

2777 2578 2050 193 y a in peril de nesire nemboussee dans les

2793 2687 2055 178 consunemre presente et comme il ny a pas de

2789 2796 2140 187 lque daps cette ia faire je vous plue le fatre

2812 2906 2105 194 et les passer su mon noim et en mot

2808 3022 2032 162 pouvoir comme vous avez fait mes aultres

2772 3101 2159 162 lafin que mon argent pis gagner un iures

2793 3273 2119 103 ie vous envoyeray ma procurationn a cette fin

2788 3333 2080 138 d'abord que jen auray vre advis pour scavoir

2792 3434 2052 173 si vous achepter  Amne ie  de

2789 3533 2044 192 de la banque comme sont mes  £780:-

2807 3653 1487 131 en attendant de me dit
