5211 3832
477 33 2275 178 Mons Cssbert Largle Ady 14 Janier 1719

586 154 2165 227 Je vous ay tescript asteur tant  lestres pour

561 269 2170 168 avoit da factioez de £7:13:4 et it vat ant dr

550 418 2182 191 temps que me le divez et me lavez promist

536 491 2224 201 le messager Jonaert me lenvoycer que l'estune

586 666 2134 140 Rousse ie vous le prie deree het p celle cy de

601 753 2129 170 con caur aultrement ie setuiobligee vous

577 884 2108 184 faire aen dneer pour avoir sand faction

606 1004 2159 190 pestons au moin de dieu bons etrims et faittey

589 1121 2095 165 a vre prochante comme vous lounuitte

563 1212 2182 221 que sion vous fasse ie seray attendant a

552 1326 2224 162 grace que ie vous deman de vous souhtten

584 1452 2140 187 touttes sorses de bonhacer en cette nouvelle

587 1569 1954 198 Trnee et baaucours Luvantes ie me dt

489 1651 2204 208 Rotterdam Jacques Meyers Ady 26 Janu 1719

552 1777 2217 244 Ick hebbe ue aengenaeme van 2n en 24 deser wel ontfangen

556 1904 2134 170 ende daer ofs mijne refterie genoemen, Ick hebbe door

565 2011 2184 135 mons scarelle de credsieuren waeher gemaeckt en naer

571 2099 1974 156 myn oordeel sullen hunde meeste conformeeren

538 2203 2178 145 alvoerens te beginnen in rechte moeter seekerlijck

564 2247 2132 184 met rechtsyeleerde geconsilteert worden lefts de

547 2378 2149 195 laeke rs sorme van guerer opgestelt tot Brussel

563 2469 1899 214 gesonden en advies van genoemen worden

565 2563 2188 140 maer dit is tot terchtoe de saeke niet he tgenoegh

544 2659 2173 168 dat sulckx hier kammelt be privisie en het de

577 2753 2177 148 ertgenaemen ter weete coenst ick geloove die

593 2840 2123 223 helte daer door sullen worden ons met den,

577 2959 2191 171 alles metter minnen te tracteeren ende te assapeeren

584 3067 2149 182 ende dat betouwe ue ede en de oed. Peeter lenger

570 3168 1999 187 aprofaue sal wesen als het fackelick can

549 3250 2193 215 geschreven: op dat van weterick ende totsien

561 3357 2209 185 seynde hebbe & heer blebaen van laesder afgenaemen

570 3453 2183 185 haet en daert gaen aprecken en met den selven

585 3558 2053 159 een lange conterentie gehouden die sich nie

594 3660 2053 110 ongenolgen soonde om met mij daer sver te :

2815 73 2201 150 willen handelen dogh seggende met niemandt anders

2826 126 2262 196 alsoo twee inge bekende van de crediteuren hem wat

2821 216 2152 242 hebben gebrusyneert ten wille wel segghen dat ditto

2823 331 2221 236 heer cibaen bj ul voor een schrander man ieboeck

2822 474 2119 170 staet ende het vervoorderen van proeesten seer

2825 590 2116 234 sijn en subuel daer hebbe ick mote experscntie van

2830 665 2230 220 soo dat men moet sien wat mem beginte Ick hebbe

2815 796 2127 176 dan sin Eesal verleekert dat het dercrediteuren

2847 925 2233 173 intentie niet isderfgenaemen over hoopte suyten

2833 1023 2248 173 maer met hun naer Godt en conscientie te heuwelen

2840 1126 2273 234 Ick hebbe hem aengetoont dat het claeris dat de credieuren

2848 1239 2023 219 in rechte connen ageeren en ontfangen sullen

2863 1360 1996 187 worden en het een onreedelijcke saekens dat de

2848 1483 2152 188 eifgenaemen uijt een cappitael van ƒ a0000:- 25

2856 1571 2113 198 sarets heerende het restcerende paissbel souden

2868 1684 2153 178 behouden verdert dat ue aelfit van Aen van

2868 1779 2226 206 mons legrelle in faveur van e rediteuren gereet

2838 1889 2237 181 was onm door hem gepasseert te worden waer ujtse

2832 1975 2253 245 crediteuren ten eersten londen maghigh worden

2864 2143 2220 129 om alles te doen vercoopen en pernningen vinden

2853 2195 2276 199 om het gemett proces te entameeren en uyt te voeren

2822 2327 2147 189 dat de selve aleedese onejlen connen ontgaen

2871 2412 2141 208 merez en pren instantelijk te betaelen en e

2844 2539 2261 169 resteerende p contraet op hunte nemen te voldoen

2864 2626 2272 196 als sy in stelt sullen wesen sijn eern antwoordens

2892 2734 2219 207 da het waer is dat hj den laet ende dae van die

2869 2846 2217 174 familie is dat hu de selve dat te gart wel ageerendie

2856 2957 2179 186 heeft bevonden dat de kinderen voor hunne

2873 3085 2073 162 moeder gewerckt hebben ende het cappstael

2873 3178 2178 201 gewonnen dat door sijnen haesten indnchedderee

2922 3271 2118 204 betaelde loggpep sijn geschiet en debe 20 prets

2888 3386 2156 175 uyt consideratie vns capoitael bij jestament an

2843 3484 2212 151 de credieurer ge maeckt dat aen termijn van n

2917 3591 2183 172 laer en  genoemen op dat de crediteuren de selve
