5052 3902
610 96 2038 201 London th Scuwen En Coeutr Ady 17 ul 1720

709 182 1992 238 Jay receu lhonneur de deum cheres voupres 3 may

661 316 2072 242 et d fsuin ie vous as debitee de  £50 an dietnes

634 454 2068 213 des mu a portiter de slotteries  £2000

684 551 2004 185 eespitat et  - 12:10 jour an dinssest debe

637 686 2059 177 £700 des Aminite de banqeu ie scay qui son

662 773 2027 166 a garyne aros dans les fonds publieys aussy

641 861 2063 269 p les sousseriptions dans la comp de la mer

636 985 2051 181 dh Ludymais Monsieur ce la est bien pour

666 1096 2046 214 lespaisonnes les quelles y sont presentes en

678 1202 2031 255 qui menagent  eur intrests etcesne sot

695 1298 1986 249 pas des attaires de sestrangers. il est vray

650 1432 2025 192 vous me donnez advis de ce quil si passe

647 1536 2082 177 mais jamais consiel a enpeprendre quelque

679 1628 1940 236 case si vous auriez eu la bontes pre

655 1760 1929 193 mander des lonsselque vous aurrez en

678 1868 1956 208 la bontee a faire des employees comme

653 1969 2068 250 pour vous mesme de n'auray pas pr ansue

647 2091 2048 201 ivous en tourr et vous laistes faire car

706 2172 1944 233 ie nay manque depuis long temps vous

662 2292 1887 213 eserine ie tors prie mad vanler det

652 2420 2019 213 paogens a faires valoer de sar9 rt et vous

689 2559 1912 178 e lavez a mais fait asteur mon frere

648 2643 1982 221 me fait voirinhe de vos lettres quila

681 2729 2044 239 reccu cejourd huy p laquelle vy luy marque

681 2889 2038 210 que les aunuities de 5 lat 4 pouvieux son

702 2998 1940 207 haudsee de 94  106 et quelle hausseront

680 3103 1915 170 encer cause quil y'at un bruit que la

674 3211 1982 193 comp de la mer du sud leur fera faite de

681 3310 2033 268 propositions   le admettre dans leure

688 3471 1993 201 compt p des soud teripions. a cela de vous

700 3559 1808 189 diray que ie ne me veu positivement

750 3658 1903 160 engayer dans laditte u sil seroit a

2780 98 2200 222 &deux centt mesme et que ie ne douhaitte & e

2775 212 2214 223 profiter et estre asseures de mon sond  comme

2795 347 2026 179 ie suis d'apresent a 5 pourcent  ie vous es =

2806 474 2162 200 cognue que ie nay dendue mes actions dans la

2837 568 1929 191 comp de lorient du desindes que pour

2805 709 2077 210 mastirer du cappital et pour avoir un

2828 802 2075 247 foud abseuree les perpetiell et un intre 1t de

2807 917 2061 208 5 pourcent et si ie le pas conserver ie ne

2811 1062 2097 205 m'en desereray tamais mais si la comp.

2802 1155 2140 209 me reeu bourseroit estant presentement

2824 1303 1896 194 aythorisee a c clte et que vous en servez

2807 1384 2174 200 asseuree que cela le fera il seroit conssellable

2821 1528 2126 184 a vendrte a profit que destre omiae

2844 1620 2145 221 et a le faisser rembourser au pair cepoers

2830 1763 2167 227 oy ie vous prie de grace a voulos mena

2800 1871 2020 235 faer nos inbest la dedans comme les

2832 1961 2084 223 vostres propres. les gens soort avenu

2828 2088 2160 192 et onne voit que des folies p. conscypence

2815 2236 2182 149 ie lepourroit que cet apsitez monsero

2846 2299 2122 204 bien host dabbord que la compt du sud sen

2815 2423 2154 211 la proposenos. alors le souhaitterois de vendre

2852 2547 2027 200 et de propter de occasion et pour ne pas

2842 2672 2107 162 manquer le coup envoyez moy en responce

2866 2749 2068 166 de cette mle forme de procuraion pour

2848 2843 2156 186 vendre et en mes me temps vre advis touchan

2858 2969 1948 179 cceque ie vous demande cat si ie pas

2866 3082 2038 203 Iwarder et en rester les maipre de mes

2829 3196 2129 183 Mont a lintrest de 5 pourcent et quleng

2852 3279 2142 167 a pas depers  qu'il me remboaneront

2866 3401 2083 170 ie ne men veu quitter sil seroit a ƒ30 a 140

2838 3507 1464 220 dour vre governe ie surte
