5179 3869
626 74 921 185 Ghend Jde saldelver

1729 108 921 147 Ady 3 Augusti 1722

657 165 2048 194 ue puissijve 24 pass hebbe wel onffangen met remise

629 322 2089 143 selven dato  dato op Jean van heyck hollants conr

631 390 2077 187 ƒ 817:- die om decllinigheydt niet voor heden hebbe

620 489 2091 174 comen nr ende dat tot 4¾ prete ue schaede

636 598 2075 146 mons. sira hadde mij beloeft desen naer middagh

653 692 1992 193 naer te coemen en een nemoirhey te maeken

650 792 1925 175 noepens den verscoon soo als ue my vraeght

665 889 1940 164 ende niet toekoemende sal ue het selfs

645 982 2012 207 naesten afsende. ingesloeten de brief men

642 1078 2070 175 laste bij mij addres heden door mij voor ue ek

696 1200 2012 184 voldaen  s £150:15:- a ƒ 36:2 vlaenes £ 272:12:7

611 1318 2029 167 waer voor mij conform gelieft te crediteeren

654 1416 1360 194 blijve naer groetenisse e

597 1476 2098 224 Dendermonde Francois Feraerts Ady6 cugut 172

639 1646 1993 170 hebbe ue heden acht daeghen geschreven ende

636 1737 2029 170 te kenney gegeven hoedat schipper joos borpeliy

654 1858 1847 174 van telt tonte quistanties der bekende

641 1974 1849 199 liufrenten ten laste den lande van ce

647 2072 1919 234 heeft wedergebrocht segghende naer alle

621 2198 1871 179 gegaene devoiren de selve op geene

605 2276 2007 232 commoiren geen registreert roche behem

652 2387 1967 228 en heeft gesonden selfs niet by dh. vilein

636 2540 1892 188 die de quittantte heeft gegeven een van

632 2646 1965 204 onte penning en gledissooneert ick hebbe

628 2758 1855 206 ue versocht de goetheyt te hebben aen

631 2864 1899 202 edieeren te schrijven die de omteinge

668 2972 1897 210 gedaen hebben ende sonde fante mj te

615 3094 2077 189 gwillen antwoorden ende tot verwonderige

638 3183 2001 206 geene genoch becoemen reden deser advonir

578 3306 1993 150 aes ue huy fop dender monde addreseere

658 3443 1876 161 by gapte mijne rovens. dde aen ue op

635 3513 1842 153 ghenot ge consigneert bbe ue niet en

637 3622 1784 154 ewaere behandight biddende soo veel

703 3735 1921 93 goetheyt te hebben mij iito ecladiemt

2766 64 2179 238 te geven hoe dese saeke staet om mijne mesures

2749 199 2162 227 haerad venant te connen nemen want de

2765 312 2113 229 penningen hebbe ick onder ue direcste ehopue

2773 387 2132 230 suraedinghe gesdhoeten als oock mijn broeder

2787 549 2193 159 ende scl vindewaer bo soo weyns ch vergehoeg

2795 607 2179 246 inte soo groote verlinthjt dat ick ten cersien

2775 744 2182 214 op etch sal vertrecken ten sij door ue beteere

2772 858 2217 211 lani facue becoeme de niet bidde tn dilayeeren

2798 973 2108 222 in antwoort deser mij te lenden blijv van

2791 1142 348 170 herten

2786 1112 2198 251 Brussel ni colas van dersdorght Ad  1723

2787 1301 2125 148 in antwoort op ue acergenaeme vn  ese

2769 1388 2165 234 ijbe heden occasie gevonden te trecken soo als

2782 1442 2142 249 ue my ordinneert in brief ordre meruf de wedue

2788 1585 2191 239 Theodof Broeckmans £79:11:6 elasens wj volglde

2796 1703 2148 215 op s duto die dan conforim gelieft te betallenn

2798 1790 2126 215 de parige volgens de facture bedraeght ƒ 40d:2 oft

2821 1927 2116 207 £7:17:- hebbe gedesalkeert volgens ue beseerte

2814 2012 2016 271 ƒ 1113 of ƒƒ8:6 dus coemt wisselgelde

2817 2164 2182 216 £79:11:6 ½ als ue sal overcoemen bidde mij veee

2835 2251 2135 214 te doen van eens naer te coemen ick groete ue

2810 2383 2216 209 van herten oock ue suster en bljven alte occasien

2788 2498 2185 170 op Ghendt Trascois eraerts Ady 11 Augusti 1722

2799 2600 2117 168 Bussch lem op 6 deser op der monde noch icj hebbe 3

2798 2693 2122 152 geschreven die hy niet en beantwoort aengaen

2788 2833 2095 111 sijne missier van gisteren not akendt dat ick daer

2801 2876 2212 195 bij geen suristaens en hebbe dat hij het sllk noch heeft

2836 2981 2168 170 geschreven dat het niet genoegh is te segghen das tor

2816 3068 2161 157 gond is dat de lioftenter op Helst moesten betoacke

2816 3179 2156 168 wesen maer dat ick presendiere te weeten waer so

2799 3251 2183 200 geenre gistreet en waer ick mij jaerlijckx voor

2803 3341 2166 138 de erriser moet addresteeren dat u hem nogh maet

2798 3434 2195 137 in ant woort deser versoeke oft dat ick naer

2799 3526 2097 181 slfs moet vertrecken want da het op de s

2790 3628 2008 156 mani er son goet is als met mant den geen

2818 3644 2075 162 sckeeren. dat ick diu win sal sprhen noepens de
