5050 3884
534 109 979 209 Rotterdam Jendrers

2031 142 599 200 10 meert 1721

601 265 2074 176 conform ue aengenaeme 7 court en conform ue

629 378 2052 207 pitire ordr hebbe met d'erve de wed:. de schte

652 493 2019 214 geapointeert sin een capitaede sommen weel

655 614 2030 204 geglisseert ue sijvreden hebbende en en u

641 717 2024 170 verdre af als ondre volgen ic en soude e

652 834 2000 213 niet gedaen hebbe inegesloetene copje van as

627 954 2039 212 signatie aen min ordre en quittantie deu

641 1080 2044 168 versoycke ued so van sijn eysere handt gelieve

625 1203 1964 228 ste schiven neven eenen pariueleren

655 1320 2015 198 missve aen hiern dat ue de eie aen mijn

627 1418 2009 218 ordre gemackt heeft hien adviserende ue

641 1549 2007 201 de selve sal involdoeninge van alles ere

662 1677 1882 160 diteren en saldeeren het sijn onnoosel

652 1754 2001 291 penimen se die satisfactie herle

649 1928 2014 239 opdes ontfancke en by overly eringe herle

641 2051 1910 230 nom beloft wonsdagh te scklen betael

648 2183 2021 205 daen oft ick het  sal connen ontfang

643 2316 1956 179 alsoo het sthienten eyse p casse  en weete

643 2406 2032 176 ick et daerom en oet ue het niet verwonde

659 2515 1976 162 nen mage valle ue donder daghonier adviseerde

615 2637 2043 210 het geene uyt geschrapt hbbe inde fom clecte

635 2739 1962 194 en moet un niet d'insereee want heue don

632 2864 1970 186 tjt niet te veranderen oft an het nek le gredt

504 2961 2016 188 Rotterdamm Jacques Meiers Ady 13 meert 1722

596 3074 2062 232 Ick hobbe ue Ed. aengenaenie de dato ricurants

618 3189 2006 192 wel ontfangen met ue e astignatne aen mjn

566 3292 1890 231 ordre te betaelen op dervey de niedue de

599 3402 1918 205 schepper in voldoeninge van alles totalles

576 3510 1900 166 datt ise 2 den laste den voorss Joanne

601 3599 1931 210 Jacomo de schippers en voldoeninge van alles

626 3698 1835 138 tot alles dat ue hie ten laste den voors

2731 94 2172 248 vannes jacomo de schipt proft sijne wed hadde

2703 238 2153 204 aipetendeeren scohforul de transaen aet

2765 334 2179 258 hijnne sunderen door my en vordere creditenrer

2798 472 2120 210 volgens ue procuratro uyt ue naem aengegaen

2793 552 2083 258 ver somme van elf duysens wijfen dt stigh

2811 696 2076 239 guldent die op myne qui tantte hebbe

2778 826 2158 244 ontfangen en ue ct in rekenl getrenteert

2810 915 1997 225 11 ƒ1642:10:- wisselgelde waer von

2795 1042 2106 207 ue de gelieve te dixponeeren naerarder

2798 1186 2040 189 nart geraeden sult vinden en alsijns

2798 1276 2012 223 te commandeeren die ben van nsten

2742 1457 478 156 nt

2754 1458 2196 276 Antwerpen wd. £ verschieden Antwerpen 14 mert 1711

2772 1580 2205 265 thoewel uomet hebbe gesprocken nochte geschreven

2776 1740 2197 170 doo en vergeete ick niet nochte het en eschappeert

3923 1863 94 60 e2

2746 1843 2228 187 mj de memojie niet hoe wijt lange jaer len elaeen

2780 1952 2114 225 gestaen hebben ende noch staen en wat ue mij

2771 2079 2121 187 menighmae heeft geschreven het is goet een

2789 2174 2188 208 den een dienst te doen maer het behooren reeeptip

2760 2281 2187 247 de wesen seder het jaet 4 en hebbe son dat niets

2786 2402 2126 196 van belangh g slvert nocht er t daer

2790 2527 2179 153 over de aeht jaeren geledenddonsrdere &naer

2779 2616 2188 190 an niest alrate van 3 prese intaer wat dat

2768 2734 2201 154 sulckx voor een somme niet en sal uyt mat hen

2790 2846 2192 205 in plaersche van aen mijne considert en oientt

2762 2946 2174 155 dite ue bewesen hebbe te correspondeeren e

2778 3079 2143 151 dunckt aj dat ue opt mij niet meer en penst

2789 3152 2030 204 it ost ue my rier vrauldigh en waere

2790 3256 2127 151 wyne ue dan vidden van mij te voldoen

2788 3358 2086 143 want ick present sid veel als mandt ae

2798 3445 2203 176 contatte oenningen verlegen ben welck afwaghten

2756 3566 1201 209 de blijve
