5199 3815
592 34 2025 190 achepter a moy et en recomsiense vous me faittez

598 179 2109 172 perdre plus sur l'est de mon argent qpie yat

637 242 2123 187 a proffiter de su a marchandisen il gat l

633 358 2076 182 de la fustice la dedans= est il honneste faire

608 486 1946 227 promesses de temps en temps et au bont du

637 586 2154 208 compte n'en ien faire  fault il vous pou rsue

634 701 2081 201 en puraie pour e le mien 2 ma fois is

616 796 2177 233 le fera car ie remarque que ne faitte auree

585 945 2190 206 ment on ne te smoignez que de vous raillier de

621 1062 2119 202 mog. ie pretende estre satisfait et ie vous e

548 1114 2240 268 coomande encor unne fois de grace et enattre

568 1300 802 178 da de medit

1991 1335 739 236 ij1 Aprien9

554 1416 770 181 mons F Cnot

600 1473 2173 246 Jay receu l'honneur de la vre e4 du courant avec remile

628 1613 2113 187 a charge mons Jean vander Elst de ƒ407:13 argent

651 1711 1966 203 courant fom ay receu la valeur est ie vous en ay

628 1795 2114 220 crediteer en compte en argent de change ƒ399:82

627 1927 2057 173 d £55:4:4 ie nay presentement pas de cet

668 2009 2067 222 petittes bayes blanches su perfinnes. cq n'est parla

613 2095 2178 220 saison bulire elles sont prop chereses trop mondre

659 2203 2111 179 pour leur prix on voira pour la saisoin de sbre

635 2305 2102 222 sou re ce quil en sera ie vous salue et suis

1744 2406 924 201 Ady 21 April 1719

555 2468 654 184 Brussel u. 4 last

671 2495 2111 253 Ick hebbe ue aengenaeme 22 meert wel ontfangen

582 2633 2098 214 gelieft een ste considereeren wat dienst jck bue doen

638 2722 2151 176 ende dat ick ue laete betaelen naer ue commoditeydt

636 2822 2117 215 opreken en vervolgens dat ue wat conside

653 2939 2015 198 moet hebben want door gaents meer verliesen

665 3028 2030 168 en toegeven ot den inprest dat en can niet

655 3109 2131 191 blijven duren daerom bidde ick ue op alle civilige

595 3212 2125 240 da id niet buyten spoerigh met mij en gelieft

664 3288 2136 197 handelen waer op icq sal berrouwen en afwaeten

684 3436 2080 157 beijve met offers mijns dienst in alle occasien

2830 49 1999 166 Rotterdam Jacques Meyers Ady 24 april 1719

2883 127 2126 159 deere van ue missie dato 28 pas. hebbe het sijnen tijde

2888 251 2218 149 becoemen vervolgens naer het arrivement van dh. Peeter

2904 382 2166 157 geelandt hebbe met sijn bde geconfereert en bij middel van

2867 428 2248 173 acommodement niets meer als ick te voeren comene, voorde

2882 529 2161 191 aeu C door dien partje sich van snbeeldt dat men in rect

2867 630 2170 173 sal afgewesen worden  hebben ont te saemen bij der

2858 748 2240 156 advocaet van min geaddresseert die de obieenen ende de

2874 896 2233 124 swaerigheden die dr uelandt advanceerde superabon

2853 957 2266 195 dantelijck heeft gesolveert en weghgenoemen bestaende

2887 1068 2246 173 in de clausule met de welcke de fhijvighe haer crediten

2860 1188 2139 133 ven by haeren restamente in de 25 prete vinculeert

2856 1309 2277 119 dat men by requeste in den souver eynen raede van Braban

2872 1389 2123 136 alvoerent sal permisste versoeken om daer in niet te

2888 1499 2159 162 vervallen welck acobtineert sijnde men voorst sal

2871 1593 2229 109 gaen op den senden teneur om relevement te becoemen

2870 1685 2095 160 avort dat afgeslaeghen de saeke sal wesen als nu

2882 1787 2102 154 ende de crediteuren ongepresusicceert noopende de

2871 1869 2218 115 gemaeckte 25 preto. wt het velwement geoblineert

2887 1969 2072 131 van salmen met geen weynighe hoepe van succes

2894 2054 2195 200 procedeeren alhoewel  oordeele dat partje als dan

2894 2161 2214 150 vraeta belder sal wesen en het proces selfs sal traghten

2928 2252 1991 154 te voorcoemen dh Peeter gelandt is op heden

2873 2350 2238 179 vertrocken en sal aen derven de wed pPeeter desagher

2893 2507 2210 92 op sijn retour rapport doen ende de selfde aenraeden

2882 2566 1975 171 aen der. de vos hunne procuratie te senden

2872 2643 2062 173 ue Ed geraeden vinden te can de sijne atsenden

2891 2689 2138 247 het waere oock noodigh soo als aen de dh beelandt

2894 2859 2061 186 geseght hebbe dat wel cerven voorss oft ue de als

2902 2965 2163 155 weesende de principaelste aen zijde Dorpereschreven

2877 3052 2148 194 op dat hiy sijn vrint abhier mede volmaghtighde sonder

2886 3156 2228 144 uytstel op dat men die drij procuratien conde eachibeeren

2901 3263 2055 211 bij de cerste couvoeaue der creditieren om het

2909 3387 2095 180 voorgemelde int werck te legghen, en procuirte te

2902 3503 2109 138 connen voorts gaen dit is alles wat ue  noopende

2914 3635 1992 130 de bewuste affairent can commpe
