5143 3892
685 107 1998 154 nieuwe laer aduistement hebben ick bidde

680 196 1770 185 ue ustelijck ten dien eydeen te willen

697 314 1876 190 irdigeeeren want het & dhij maenben

679 432 1894 188 seer naer dat sulckx getraineert heeft

693 530 2002 142 en gaet veer ussen rede in verwact

649 652 1987 190 blinge van het gepasseerte soo groete

682 770 1557 162 u en blijve in salle occasienn

638 857 1948 253 Ghendt Bde Saedelaer Ady 6 xber 1722

721 998 2023 190 nmiosive dato in laest hebbe wel ontfange

693 1116 1962 191 met een briefso op de Jan van Delft £25:

705 1226 2007 210 waer voor ue gecrediteert hebbe gisteren

674 1353 1899 224 mij den tijdt men heerende soo sende

690 1505 1958 178 ue nesen ingesloeten den brief i en laste

662 1589 1964 196 door mij voor ue Reken. voldaens sa £100

657 1721 1908 193 as 235:4 laems £ 179:11:8 bidde mij te

665 1822 1149 224 rediteeren en blijve

1177 1935 168 71 1vel

569 1939 1983 193 adnon se en cocqpeet 6 vre 1721

683 2059 1870 180 Jay reccu lhonneur de de ux cherez vostres

1328 2166 394 91 25 octoust

672 2189 1951 149 jojgulliet et  en son temps. toutie

658 2263 1994 188 que m'escrives pouchant ca d'amme chepman

640 2369 2046 213 donnepeu de saslaction a monse veraepteren

613 2477 1941 211 du quel sant eu la lettre de change a vous

669 2589 1878 164 connue oe disant que les  £50:- quelle

666 2693 1939 160 avoit payee ne sont pas emdrouillu r la

660 2813 1976 197 mars bien p la fautte de vos graces tellement

653 2891 1957 220 quil est dannion que vous auttres metticens

648 3013 1933 227 les luy davez faire bon ensuitte a vos lettres

612 3130 1912 211 Cenpremier instant comme de larzent

676 3218 1939 206 vous aviez receuoil mat obiger depuis

657 3321 1955 202 longemnt e vous escrire sur ce suicet ie

687 3468 1841 231 que jay dilayera cause de son absence de

688 3609 1918 160 quelques mois qu'il est en hollande sestant

714 3676 1927 127 marss avec masmossr van henun sorr

2891 89 1999 209 du si van hse de meurant icy courme d

2871 175 2057 222 secroj en peu du retour ie n'ose plus tardes

2866 294 1782 194 alin d'avoir vos lettres a me usie

2878 365 2020 249 si vous 'aurez renvoyée la lettre en protest

2862 468 2081 229 le jour de son escheence ie n'auroit point eu de

2874 597 1849 220 quethonni vous non plus. il est esseure

2862 708 2116 200 sque vous avez exppaordinairement n cau

2867 808 2015 182 scette a ffaire: en resgaurd des mes oblgations

2875 902 2017 223 du sur entre voernains ie voudrois quelles

2883 1004 1920 206 auroient este du nombre des semtoursces

2880 1058 2130 239 et en sou temps vous en receverez le rembour

2867 1190 2091 260 sement. ie ne souhaitte point a les prolonget

2862 1304 2018 190 au cotraire si vous pourriez m'en betaird

2874 1367 2012 255 aj pair du a quelqque chose depestes saut

2879 1510 2052 220 lintrest depuis quelles ont c buta pour onoy

2895 1630 1937 232 vous me ferespplusir ie lempsbaeray en

2877 1749 2006 217 aenous de la compt. du sud presentement

2866 1821 2119 229 si cette occasion le presente vous le pouvez

2871 1957 2123 214 librement faire et achepter tusptes a me

2880 2071 2059 205 cents livres dactions dans ba comp. du sud

2894 2194 1897 219 pour mon compte pourveu que le pra

2874 2301 2158 196 mexcese point lesscent laissant a vre direcu

2869 2402 1939 200 datterdite le coup a faire quant vours le

2870 2515 2087 217 jugern estre le plus profpable  comme cet

2892 2609 2072 214 aln onsout u  4 et presente naela ge

2875 2715 2071 209 elles penvent encor taissser et darsivez vous

2884 2824 1984 217 iffres pour moy comme sereous

2879 2907 1946 207 mesime dont ie me repone donteretdie

2869 3031 2100 140 sur vous. en eas de ts de cette e

2860 3153 2173 133 compustion ily aura quely ardent mon pre

2857 3230 2172 196 vos mains que ces £400:- ce puesuadqpi ene

2841 3392 2072 126 pour faire la somme voaste jsvez tirer

2845 3429 2049 199 sur nen attendont i fos nouvelles

2858 3560 1906 181 sur su et l'auters chapitre. ie me vit
