5150 3897
269 68 2220 202 Gheudt J Baps eSaedelaer Ady 10 April 1717

309 198 2243 174 voort briefken op ater wood dat ue y remitteert

326 314 2232 217 met ue van gisteren op d sicht van ƒ300:- wisselg

311 448 2020 149 lalt noodigh besorghen ue ordre was voor

290 591 2205 140 London geliniteert 34:16. nu stelt ue totr ƒ335

305 670 2232 180 soo dat ue ingesloeten remitteere als aenden

328 802 2226 184 voet deser st £100:- a ƒ334:11 vlaems wisselgelde

329 891 2215 218 £174:11:8 waer voor mij gelieft te crediteeren

336 1011 2201 192 verders sende ue ingesloeten om acceptatie

306 1126 2251 158 aen briefen tnen laste van  £100:- ende een

298 1241 2072 195 op 4 ke ledure ste £201:4 welcke mij

301 1370 2254 186 geaccepteert oft vel met roest gelieft weder

328 1467 1547 183 te senden en soo blijve

1762 1562 589 146 13 avril 1717

251 1593 1126 169 toannay la reuve S. Donne

225 1707 2285 152 lhonneur de la vre 10 du cour  mes pairainiece

242 1806 2308 132 linstant, y melige un affignation de o0 arnent cout dhol

272 1888 2275 161 lande a charge  gelliaume  lteu o

285 2026 2205 114 agent en la haye la quelq ie suis oblige vs renvoyer icy

287 2080 2189 140 incluse a cause q vre grace a pr abes oblie de mettre le

302 2170 2240 126 om de donne outre vs m'ordoinne si positivement

306 2271 2208 155 de la negotier este vs je affure mad q lagent je ra preste

307 2361 2196 115 a lase presentention en cas de de faut seavez ie

306 2492 2252 113 bien quilsy en aura beaucoup de fraise et guant en net

278 2545 2188 144 une lettre q lon la fut protister au moindre reflis

280 2631 2275 145 outre il y a presentement 4 a 4¼ pr cente de perte sur la

281 2732 2202 114 hays je vs prie de piendre reslexion la de sus et en me

296 2841 2246 116 la renvoyant duement endosse me faire connoistre vre

294 2931 2237 125 resolution ce q je seray en attendant en reponce de cette

300 3001 2165 137 a lagand du geton dont nu fait mention vs ne ditte

280 3106 2237 156 pointe de quelq natun de negpce  le parents le souhait

433 3216 160 79 bien

283 3183 2265 201 teriez quoy q ie sera tres diffe cule non obstant vre ne pone

283 3304 2199 151 jesferez mes devoirs et sil y a autre lieir vs pouvoir vs

286 3355 2248 155 rendre service commandez librement en tout occasion iay

289 3458 2242 147 de tres jole nouvelle marchandises d'anleterre de touts

287 3533 2254 182 sortes de nature aussy drap noirs et bleure en as glavez

277 3625 2240 127 besoing sayez pasuane q gerez tous jouss res bien et tres

920 3703 1434 89 escactement servie de celus que se det

4059 91 551 82 13 apri1713

2617 88 895 135 Brusselle Jneckmans

2623 121 2356 224 het is on begrijgepelijck ende niet te geloeve dat men ende we

2627 230 2306 207 relt indelijcke mensche soude connen vinde geloef ee

2643 327 2227 152 ue kenne en alhijts geseent hebbe die soo turedelijck

2641 401 2240 217 soude connen ageren gelijck ue niet mij comt te doen

2662 478 2311 184 als men sulckewel in sich dan en ist niet te vereron

2677 582 2233 191 deren dat men seen andere benedictie en hebbe

2665 625 2304 217 het en is geen const te segge ick en wel nochte ensat

2675 722 2264 209 niet betaelen de met de maeke daernen mede meet

2679 812 2229 216 salmen geneeten worden het gene ick ue op reck va

2666 881 2286 236 soecke te betaelen is al onder halft jaer geleden dat ick

2691 973 2277 209 ue het goet gelevert hebbe ende ue is mij noch genoch

2680 1050 2293 237 schuldigh om geens csie te nemen op het adgies te

2670 1154 2305 200 ment wille ck s ue senge wat ter schoot dat wij te groot

2679 1228 2296 241 sot wesen om ue te bichveerdigh te crediteeren ende

2673 1329 2293 198 andere eyser wesen die ue breeve doen eepteeren

2690 1420 2245 192 daer ue soo veel weock meden heeft omm te betaelen

2688 1503 2256 215 dat men mij van de sehonderen weyst met friaule

2689 1631 2281 154 retente ie non payer est dilagen ick hebbe ue niet

2690 1733 2274 120 alle beleefheyt 2 brieven geschreven ende ick en wect

2690 1816 2213 119 niet dat ue mijn leven soo daenigh getraetent hebbe

2703 1886 2266 146 dat ick geen antwort meriteeren nu ast mijn vrage

2700 1976 2237 163 eyndelijck oft ue de ƒ300 gelieft te voldoen ofte niet

2675 2066 2257 172 op reck aen Dhr Jacomo Rousseau ende om ue te ad

2681 2156 2290 125 varteeren dat ue niet quaelijck en soude nemen dat ick

2694 2252 2234 158 dan middelen bijder handt nemen om tot het mijne

2677 2344 2298 152 te gpraecken faute in gevelle ue in mora blijft ick en hebt

2700 2432 2275 135 het mj nleven niet moeten doen ick en hoepenit dat c

2685 2513 2292 127 mij daer toe sal foreeren doch als het sal noeten sijn

2693 2616 2286 137 dan sal ue s mijne condaite genohaere ory mijne

2683 2689 2292 174 callanten en voor gehaele de swerelt connen qurtaiceeren

2684 2768 1749 160 en daer op 6 af waenten de ue reolietie blijv

2609 2841 2327 172 Londonhatles Bollenyier Ady 14 April 1717

2630 3014 2336 170 Ick hebbe ue ed. mistive dato 15 past. wel ontfange

2630 3104 2333 170 ende seer gemortiticeert geweest te vernemen dat

2628 3211 2339 142 ue mijne commissie hadde voltrocken in soo een

2634 3319 2290 174 ongestaedighe consonenire et daelende cours gelijck

2622 3435 2354 173 heeft gebleken die op 95 geweest gf te mier omdat

2619 3547 2344 158 mij alans op ue geroeden vinden hebbe geacg

2630 3627 2342 156 ende ten lelven tijde voor mij incoopende aen andere
