5175 3877
566 102 2053 134 Ick en versoeke naer eens saemen geaspisteert

570 147 2048 210 te hebben voor lven en sterven daer ich us bidde

573 272 2126 152 op te wercken ende can hoepm sck dat my weterom

560 361 2025 170 dat wij wederom als voerens mennee m

586 482 2093 208 sul len maeken en met vrintschap contnneeren

561 645 2049 107 gelieft devoiren te doen din eeien de charde

563 702 1989 171 brief door de heeren staeten van raba

585 825 1940 196 geaccepteert te becoemen dan connen

559 922 2049 201 afrekenen ende de penningen die ue daer by

604 1065 2075 149 dan moogen coeen salmen ue advanceeren

585 1129 2081 168 en soo eene generaee ap rekeninge maeken

575 1231 2135 204 Ick hebbe den vrint gesprocken die ousequittanten

587 1347 2093 163 op etelst heeft valsonden en seght my in handen

583 1468 2031 187 van zeekeren Joos ornelis schipper elt

544 1608 2071 148 wesen ick bidde ue de goetheyt te hebben

517 1690 2099 175 daer voor te sorghen dat wj de betaelinge

570 1823 1745 136 becoemen want hy en sent noch de

586 1912 1967 174 quittanties wederon nochte geldt gelijck

571 2004 1856 206 ick over eenige daeghen geordonneert

554 2123 2033 163 hadde den selven joos cornelis soude doen

576 2241 1317 180 ue groetende bijve

550 2276 1972 299 Lstend vijn Tedert M slelin Ady 11 pulri1

571 2470 1914 224 geantwoort si twee brieeven 17 en 20 deser

561 2594 1797 189 dat het weers ons speculatte mis suchtis

529 2711 1896 194 dat men patsentie sal nemen dat onse

578 2824 1961 171 ordres tot den incoop van thee niet geereen

581 2901 1951 218 teert connen worden ot den gelimiteerden

578 3037 1860 229 pMijs. ist niet tot negotie dat derise to

603 3145 1797 198 sjn playir mach dienen. dat hu gelieft

596 3280 1777 176 eenige pondeen groenen en eenige ponde

571 3371 1850 199 hee bou voor de menagie inteloopen om

587 3472 1718 144 onder de voins en te verderlen endet

566 3585 1822 167 letten voor eenigh poscelijn in te coopen

592 3666 1908 125 soo at hem mondeling r

2740 71 1998 228 Amsterd Franc. Rousseau Ady 23 Julis 1723

2740 179 2205 241 be autevoort sijne swel brieven 16 en 26 sulst en gesonden

2754 281 2023 235 eenisse de van mijn broeder Jan michiet ujt

2762 395 2086 213 ostende voorder hem geseft dat ons la

2763 508 2155 190 en ordres voor incoot van thee mislucht sijn

2771 602 2178 244 hen gesonden om acceptatie aen briefie oor coeu

2774 725 2047 205 yaere van son van £300:- van 18 deser

2777 841 1943 185 voor mijn sehoonmoeder voor de rest uyt

2786 938 2137 237 speculatie verder en breeder geschreven sonder

2778 1039 1881 203 wat het selfde eenigh verant voorden heeft

2770 1155 1968 220 Ghendt ƒ3 de saevelaer Ady 24 melr 1722

2787 1211 2048 223 31 deser hebbe ue gesonden brief st £520:

2763 1358 2093 203 6:1 vlaerms £234:10:10 ingesloeten dien va

2780 1464 2149 199 £100:- a36 vlaems £180:- heden door mij

2790 1557 2138 178 voor ue reken voldaen waer voor mij gelieve

2792 1715 1237 177 te crediteeren en blijve

2782 1791 2119 194 ostende mijn broedeAn Melijn Ay 24 pulr 1722

2793 1880 2113 218 beantwoort sijne missives dato 21 22 en 23 deser

2790 2041 2160 176 dat hj ot maisr gedaen heeft ons te suler meeren

2797 2104 2115 227 nopens de vendiie, datter niets aenselegenit hy

2819 2230 2129 172 niets can incoopent dat wy de rehint sullen van

2812 2332 2087 174 ons paert fan dat schip afwachter en

2809 2455 1916 210 ontaette vercogpen dat sijn brief aen r

2818 2528 2131 216 rousseau onder mijn alivert hebbe versonden

2799 2677 2181 179 dat hij gelieve volgens dese noestse ntecoope

2808 2777 1966 195 doch niet als tornedelijcken prijsen vn

2825 2890 2192 156 beste goet anders niet et conilteeren mot

2838 3005 1876 159 den mackelaer pe teherboom op dese

2823 2989 2116 287 memorie het priceyn en shie dat we sullen

2840 3154 2124 207 verdeylen met juf Brockmans dde man

2842 3300 2124 173 en dh pester moeyen dat hy wel weet wer

2843 3357 2118 211 voor sijne menagie noodigh heeft dat hier ey

2844 3448 2176 173 niet en is begiepen dat hy het gelieve aften sehee

2824 3564 2164 183 dat hij besteedt tijft comach te betaelen op dat oet

2817 3651 2199 147 naer dat im ops door de Raeders in get reker vdde hebbene
