5217 3856
749 58 2022 204 ende gecrediteert voor de meergemetde

770 177 1912 199 remise op Amsterianm Banco £300-

775 310 1996 201 voor leden donderdagh tot 1 ¾ pres

779 420 1970 211 advance ingetrochen £305:5:- bie de

772 551 1868 231 twee medegaende bryeffies my met

788 691 1998 202 acceptatie te revoyseren als een

756 818 2024 200 laste t £150 ende ten ladde dhe Band

743 925 1621 239 e febure de £50: 8lijve e

749 1064 2010 232 London hr. scawen Ene myt Ady5 xbre 17

801 1217 1873 203 fauto d'occasion ie nay is responce a

809 1303 1848 220 lhonneur de deux cheres voynes sbr

835 1440 1827 199 et 14 dbres dermer: vous auvez cy encluse

811 1568 1728 197 mon billtet oultre in ae proeure vous

804 1675 1853 194 envoyéee de la n'amiere que vous mes le

2731 1777 47 62 1

786 1775 1786 241 presersvez pour accepter les su ƒ580

793 1895 1831 182 dans la comp. du sud les prelles stoieitt

835 2003 1763 163 en mon nour adant que vous avez

822 2123 1634 189 achepiee les 511 £1000 pr apren

771 2186 1818 251 ie vous ay debitee pour les divrients de

766 2314 1698 229 mes chuputies de banque es lotteste

795 2446 1755 185 escheu le 29 sbre dernier ensuiitte

811 2532 1729 234 vro advis. J'ay veer a la fir de ce

824 2690 1801 234 que son a dit de lons temps au poravant

799 2789 1793 198 que la comp. des poes orieutales nefera

780 2907 1713 218 dores navant le divident & a rato de &

800 3030 1689 239 pourcaut ir Au jay au  as priv le

809 3138 1771 215 maeneur arrivee a leurs valsseaux an

789 3259 1772 227 Put de bonne esperence et jespu dire

794 3394 1778 241 qu ceux quils our vendue leus autions

815 3493 1757 198 oht mijeux fait que n  en

822 3626 1817 193 pte mo uon

2867 85 1922 277 ny peut estre que nous serves encor

2845 175 2114 268 queuu sur le cours des 130 as 5 dapresent

2853 298 2095 254 de vendre et perdre quelque chose queles

2985 424 1924 244 tenent perdre grosp apres donnie

2863 570 2033 233 vous prie me dire vre lentrinent et me

2902 691 2042 210 donner tousiours vre advis comme

2979 806 1978 246 ferie 2 pour vous mesme eu touttes

2966 915 2042 215 oecasions car nous sommes depranegers

2979 1043 1916 194 et n'avons d'auttre ecairsissemen

2999 1172 1826 263 que nos amis ne nous donneu

2995 1302 2030 225 pour nous regler a ladvenataut

2976 1431 1844 202 receu le dividint comme ausey de

2944 1532 2054 241 la comp. d'u sud eschey a e asvenir

2930 1669 1955 256 vous aurez  la bonnce a me simettre

2936 1793 1958 247 ce que jauray bon a vos graces. voirs

2951 1950 1321 176 selvant ie me dit

2951 2036 2081 202 dato hede coppe van procuratie d'op 12

2932 2128 2023 197 al noch aen scawen gesonden om de st£500

2928 2280 1976 198 die onder schalvel en coegual op mijne

2925 2384 1929 208 naem stonden mede met de

2944 2502 2027 149 onder hem te voeghen in eene parsije

2935 2630 2035 181 I dohere by authorite sir chome scavees

2968 2708 1920 204 of onden kknight to xceyve and accept

2962 2810 1954 231 for me and In myname sif 500 soock

2956 2934 1973 157 in the south ken company which alreadg

2964 3049 2061 230 fransterd to me in the boths of the sad

2970 3198 2008 206 compeny wittnot my hand in Anver

2969 3322 1346 217 this 5h day of xber ƒ722

4281 3630 216 130 Ad J 16
