5150 3897
195 72 2263 224 Ghendt J Bapt De Laevelaer Ady 19 April 1715

274 187 2252 195 gedraeghe my aen mijnen dato 17 court het waghten

350 334 2206 197 tot heden profiteert ue eenen grooten voor Londen

340 442 2188 187 werwaehts ingesloeten de versochtest £100-

322 542 2176 212 26 deser 2 usos op D johan chrit hermanse

329 665 2233 187 se conda brief den prma tot london geaccepteert

301 767 2154 244 by Henry Erichs a 34:14: vlaems £174:14:8

319 882 2226 223 waer voor m gelieft te crediteeren ue

263 1001 2292 216 oebiteeren voor den brief ofeobkerwoor

294 1139 2236 244 Lenior En anios in Amsterdam  300 -a 122

340 1244 2089 235 banct £153:15 heden nogh tallen geliek

347 1372 2202 200 voor ue reken a t ac advance ingetrocken

350 1486 2116 231 vlaems £154:6:6 van mijne voorgaende

347 1613 2058 235 remise voor London  18 Joan walcker

335 1730 2207 201 abr. cocke ste 100 ft ue ingesloeten

305 1873 2067 185 de seconde. aen den voet den coursder

327 1965 2020 181 wissels en soo blijve in haeste

1713 2096 594 144 19 april 171

219 2081 1138 218 Brusselle M. vander borght

309 2173 2244 255 gelijck au op 9 deser hebbe geadviseert soo ist het porce

346 2296 2193 184 laerskiens Godt danck tot brugge geenrivert dat nmet hodt

331 2362 2210 206 gratie op morgen oft ten langhsten vemorgen hier sal

342 2454 2133 186 wesen alhowel maer syusterck de staelen hebbe ge

329 2531 2221 188 wegen die ue ingesloeten sende ue hertelijck versooten

307 2647 2239 154 de selve naer te sienende  ende de gene die ue aen

327 2718 2227 197 staen te reckenen ende mij die soo haest mogelijk u

333 2804 2212 183 wereom te sende minder als N13 en can dese purtije

343 2901 2167 181 nees geven alsoo ick aenden maecken in sineerit eyt

342 2978 2212 188 mer moete betaelen als voor gese afwachtende van

238 3103 1106 180 de van ue antwoort blijve

188 3114 2296 289 Ghendt JBapt De Saedelaer Ady 23 April 1717

306 3272 2253 182 vraegie waerom hy mj niet en adviseert den otfans

265 3352 2201 168 van mijn mistive dato 14 deser met de remise van

271 3455 2278 214 st £100 aƒ24:1 die hem gedaen hebbe en voorden

259 3571 2273 185 advies dat hier gieteren wederom op etisterdam tot

354 3647 2081 159 prete avancl voor den brief  banes gedaen 1

2608 77 2256 191 Brugghe Hilles van Boenolle Ady 23  1717

2677 174 2267 215 omporten van brievent contgaen en hebbe nlange ue

2662 305 2147 185 niet geschreven ende diversche van ue miouves niet

2656 427 2276 173 nantwoort voor de oncosten ie ue voor mij voorseden

2640 497 2203 273 gedebourseert hadde op de vierpacken vien

2651 645 2196 217 Nes enen hebbe ue conform gecrediteert volgens

2673 754 2281 183 ue gesonde ue reken alhoewel ue geexadeert heeft

2672 853 2255 185 u het betaelender vraghten van huel en aptere

2667 995 2273 240 cleijnigheden ter somme van wisselgelde ƒ 266:10

2646 1111 2264 205 daer tegent hebbe doch het sijnen tjde voldaen ue

2663 1230 2257 196 trato 22 februarij de jaere 2aD sicht aen

2653 1341 2187 202 Dlr Jacobus de fjninck van gelycke comme

2660 1437 2292 254 ƒ266:10½ dogh de princspaelsie reden van dese

2643 1553 2308 234 mijne mischve is om dat ick ue inden jaere isse

2684 1669 2087 244 hebbe geschreven datter een allis in ue

2636 1783 2301 270 preiudriie ergens in eene Reten gedaen was die

2664 1915 2295 264 ue als doen hebbe aengeweten daer op antwoort

2637 2023 2205 242 ue s ue 1715- ende machte daer bij eene

2652 2139 2225 248 calculatie dat sckue nogh soude eoet weten

2687 2267 2253 232 £ 59:15 dogh ue an considereert niet dat se

2662 2369 2261 266 niet en hebbe willen goetdoen de rechten over

2692 2509 2262 219 ie beschaedighde packen oock een coemen wj

2676 2588 2265 277 gants in Prekens niet over een en versoehende

2680 2734 2182 233 een prompt eynde en avissemint soo sende

2651 2791 2284 304 ue ingesloeten hekent courant van alle de

2647 2978 2266 259 partjen die wij oest te saemen gedaen hebben

2616 3052 2290 250 1 ondat ue die soude naaersien want daer by

2654 3131 2337 279 bevinde ick dat ue mij tot dat deser soude schiedigh

2690 3272 2243 206 wesen £10:3:1 vlaems wisselgelde volgen

2689 3399 2302 173 mijne boecker — ick bidde ue laet ons hier dontlan

2678 3487 2335 184 lwe een eynde machen en n alhanderen want

2659 3582 2265 215 Ick wille positiat voor leven en sulven eften
