5167 3824
628 20 2049 167 London tes lappen tegens detober volgens ue

670 175 2098 130 gevoelen oft well op costy met de vercoop van

679 288 2056 131 de compagen advantagie te geven hebbe

672 361 2133 191 =leven het geval oft waghten voor soo weenigh

682 483 2028 199 tijdts als 2 prote Juyn toetegwe sden

714 580 2061 245 ue bidde dien aengaende mijn intrest wat

730 680 2055 295 te willen bekernghen en mij ist moogelijck

685 835 2089 246 te salveeren daer mij dusnckt bj het algeven

719 954 2082 241 voor londen het beste moet succedeeren

729 1078 2082 226 doghindten gevalle moet ue mij brieven

748 1188 2034 249 senden niet hoogher als van t £100:-

756 1336 1962 205 ider alsoo die willieer alhier wesen

750 1436 1919 253 als by groote partye in een brief te

764 1545 1979 230 laerken sal in antwoort deser aogh

725 1673 1868 237 aens ue gevoelen afwaghten en blijve

627 1842 747 221 Bent Desedelier

1681 1824 740 228 adij 2 2 xber 17

694 1972 2039 166 tot antwoort op ue aengenaeme van 17 deser hebbe het

693 2098 1978 140 bruffe op D'avid en peeten meurant in amsterdam

705 2230 2039 165 van ƒ1239 hollants court gelde op 18 deser eernst inge

685 2326 2076 132 trocken tot 3½ met ue schaede maeckende wisselgelde

665 2384 2057 207 £199510:4  van pruyssen op wie ue mij sicht

673 2504 2090 199 casse voor ue reck remitteert £100 is uyt stadt sal

718 2608 2044 211 daer van de weerde  voorderen en alsoo moor

739 2720 1994 212 gen voor eenige daegen moet buyten wesen en

709 2827 2085 204 vertrecken stelle ordre voor het acquitteeren van

709 2941 1986 185 ue briefe teen lasten bij mij addres  £ 150 a

708 3030 2044 188 35 17 deser vallen die ue op mijn ek. rek

723 3139 2044 227 tour sal toe sende middellert ijt wijl blijve naer

723 3291 741 212 groetenisse

1751 3497 621 164 an 6681

2848 46 1984 217 Ghendt JB de Saedelaer Ady 27 sber 1719

2883 164 2077 156 mijnen laesten is 22 courant sedert op mjn retour

2900 269 2090 159 vinde ue aengenaeme dan selven daer met een briefie

2875 349 2174 207 op Paser plorden Cesniet or ƒ200:- waer van

2892 489 2158 168 voldaen ben als med van £100- op dh Jan stepher

2902 584 2182 224 van Bruyssen ue p mijn voorge gemellt ingeloeten

2900 713 2152 211 den brief uen laste door my voor ue rekent voldaen

2917 877 2093 214 £150:- aƒ ƒ35: 8 vlaems wisselgelde £267:10:

2923 971 2114 240 waer voor mij in biekene gelieft te crediteeren

2917 1080 2121 188 en in alle occasien te commandeeren die blijven

4086 1233 758 195 30 Seprembre 1719

2862 1248 755 227 Mons PB. Cancot

2890 1318 2203 245 en suitte de la chere vre sans data je tire sur 27:9: ce jour

2882 1479 2208 184 dhuj a 2 jours de datte ƒ 300 de change  payez alord

2890 1583 2185 223 de mons francois van de wijngaert je vs priey faire

2878 1697 2162 212 honneur je vs envoyerez sans mancque au premie

2886 1785 2116 267 voyage pr fonairt les 2 flanelles 3 C large super

2889 1913 2205 243 fine a £11: £22 de change je suis maire quil y a

2879 2018 2210 244 si peu de debité je voudroes qune pourez de charge du

2909 2128 2175 272 sonne partie de draps je vs le vendrez tris bon mar

2907 2274 2189 189 he je vs salue de mesme madell vore epouse et tout

2924 2376 1858 200 vre chere famille et me dit en touts occasions

2868 2467 2181 254 Bruxelles sa venteet Rousseau Ady 7 xber 1719

2899 2631 2082 203 quoy que mons: Jacomo vre fils n'est pas en ville

2892 2750 2085 202 sespere que me ferez bien le plaisir de sansfaire

2903 2878 1989 182 pour lir ma traitte a sa charge cei voir dhuy

2907 2966 2144 193 a vect de £350:- de change ordre mad la veue

2900 3104 2147 148 theodor Broeckmans ma belle mere. en de charge

2900 3207 2021 152 le compte de mons. vre fiez suroit et sir

2892 3321 1943 215 so retour il m'en pourra debiter. me
