5184 3815
626 34 2118 175 als protyt ueyt aende hebbe ick wenschte dat ick de ne

617 99 2118 193 gotie sedart de flansche vertrocken wesen als wat

641 205 2003 172 neeo niet eenen stuyver daer meer by geentres

648 291 2028 196 was niet en hadde ondernoemen of daer van hadde

641 403 2003 207 hooren sprecken ick hoedmy wat boser wesen

656 505 2021 176 als ick nu bes dat goedt betere m en moor at

648 613 1935 204 wachtende oft ue oft ue ich maer de nden

666 684 2056 205 wilt fietten scheeten oft niet en mij atistaete

742 858 526 138 even blyve

521 858 2125 312 Ghendo JBe saedelaer Ady P. Julii 1719

649 1041 2045 203 op 28 pass. hebbe ue gesonden t wee brefkens

631 1156 1947 221 om acceptatie oto ludoeus goethals a

621 1271 2132 207 die dor detour verwaght  oock hebbe ick ontfangen

687 1394 2036 186 ue missive van selven dato met remises voor

641 1522 2066 159 ue Rekene als op kater londen eet ƒ500-

640 1614 2032 185 op Hendrick Richaert £70:- on in brief addres

657 1724 1994 218 Jacobus de Coninck f £38 a ƒ 336 £68:8

657 1883 2053 174 waer voorens het noodighe besorghe en

633 1967 2033 187 maeke nota van ue brieven by my addres

685 2088 1698 168 en soo blijve naer groetmidte

1875 2175 832 183 Adij p. Julu 1719

477 2184 1236 212 Brussel Jean haeghens

590 2348 2157 172 n entvoort van ue aengenaeme van gisseren

592 2414 2045 194 segghe dat ick congen houde en mijn brief hebbe

619 2533 2054 160 naer gesien ende dat ue geenreden en heeft mij

642 2641 2007 145 te repliceeren dat mijne brieven met passie

602 2750 2104 212 gemengeldt sijn ue magh van het coopnarie wel

623 2842 2116 201 gepersundeert wesen en seekert sijn datter geen

613 2945 1978 203 quaede tongen te pas en coemen nochte en

598 3076 2065 181 wesen. ue heeft my versocht in den beginnen

577 3189 2048 145 deser jaere alleen ƒ200:- te trecken en tegens

609 3282 2057 190 Paestchen nach ƒ 200:- ick willighe ue dat in

590 3377 2112 217 en ick contormiere mij naer ue versoeck daer

585 3507 2052 188 ick niet beetert en weete oft dat was betaelt

606 3600 2059 155 becoeme ick advies dat ue de laeste nochte en

2843 71 2162 120 hidde nochte en geliefde te accepteeren nochte te

2838 157 2157 140 betaelen naer verloop van soo veel tijdts is dit ul

4289 253 67 82 2

4363 266 56 67 El

2844 268 2195 194 gevoelijck oft niet t sendt tmant met ue volck naer

2844 413 2114 169 Dih Rousseau en accepteert dat op een half uso. ick

2856 519 2252 169 ben te vreden oock voors 300: op reken die ue ingesloe

2844 620 2181 193 ten sende oop 3 usos en sendt mij dte wederom

2855 730 2207 197 miss dat ue de trato aen dordre der Rousseau heeft

2859 851 2176 172 laeten keeren en laet ons machanderen voor

2851 964 2133 164 de rest verstaen want gelooft mij wo hebben

2878 1090 2165 192 het qualt genoeh en sder een kent sich selven

2872 1216 1869 178 het beste& oock can e in alle occasien

2883 1344 2004 133 vondervinden dat ick nieman vatn my al

2887 1471 2201 140 calaisten van gheel mijn zeven qualijck beergent

2937 1552 2042 160 oft mal apropos acchagrineert hebbe ende dat

2904 1591 2202 181 en sal ick noeydt doen als men heden wilt gebruyken

2920 1720 2091 159 maer en gelieft mij niet te segghen dat ue die

2901 1876 2148 127 schildt op mijn versoeck gemaeckt heeft want

2900 1962 2038 200 sedert dat ick ue getogt hebbe dat ick uyt de

2900 2087 2131 169 affairent scheyde en heeft ue niets gecoght ofte

2920 2161 2112 188 gelieven te coopen segghende niets noodigh te

2919 2265 2056 211 hebben. gelieft ue een parteijken goets wij

2921 2389 2180 159 sullen condine machen die ue niets de savanta

2909 2468 2134 226 gieus en sullen wesen niet wenschende als

2911 2580 2189 176 ue mondermeen te connen preen afwagh

2912 2699 840 167 tende blijve

4070 2802 860 172 Adij 3 sullelt 1719

2839 2811 856 187 Monsf Camst

2975 2900 2078 206 le messager Jonaert n 'est veni dire de vre part

2867 3009 2128 182 que ie mis sure ƒ 300:- rg de change celle

2851 3106 2211 163 d'advis que ie les tire cuiourdhuy a our dote ordre

2858 3221 2167 168 francois van de wijngaert ie vous plaira y faire

2857 3359 2214 98 honeur Jaime mi cunque 9 me rencette vous le

2863 3424 2178 150 Bouvez faire avee vre commoditie ette nay pas

2874 3504 2217 126 tous losirs occasion de tirer qpant  a me le permotte

2868 3623 2237 110 Si P. 4 a besoing de flannelles Je faraes d'unerosnnes jen

2901 3660 2242 98 es. ar si belles il p'en trouveses pas pars lills aussy draps pour
