5087 3855
514 55 2191 203 Ghendt  de saedelaer Ady 18 Aprill 1720

687 188 1981 200 met ue aengenaeme 16 courant becoeme voir

737 304 1774 171 ue reken. twee briefkens att een op Paser

735 458 1946 138 lor den ƒ600:- wisselgelde op sicht en een

702 510 1981 219 op 1P sapt franco 5 courant  uso van

699 620 1944 195 £136:- wisselgelde waer van acnppatie

662 731 2045 207 hebbe gevoordent: voorders voort noodighe

699 862 2022 184 sal sorghe gedraeghen worden: als ue adviseer

707 971 1932 200 ue remises te hebben ontfangen weest

737 1073 1898 243 gerust dat die het sijnen tijde voldaen

688 1170 2001 275 lijn als ue geeft advies oft proesten

675 1307 2034 223 Lende Engesloeten de swee brieven ien

672 1420 1981 195 lasse hedes door mij voor ue rekent

679 1537 2034 206 voldaen met quittantie als  £100:13:

677 1677 1932 182 a ƒ36:6 vlaeems wisselgede £153:13:9

706 1781 1908 202 en se £49:7:- ƒ36:6:- vlaems

710 1869 1832 224 £40:1:3 waer voor mij gelieft te

716 1999 1463 206 crediteeren die blijv

1833 2101 861 201 Ady 20 ditosili20

523 2137 1211 221 mons Pfaniat

618 2234 2098 222 en suitte vre ordre du 10 su conr. ie sire cepourdhay

651 2371 2037 244 a 2jours de dgte ordre mons. Francois van den

672 2475 1907 241 wijngaert £600:- de change seavoirs ƒ 300:-

658 2589 2002 244 pour mon compte et ƒ 300 pour comre de

628 2678 2068 252 monsere seaniet mesyn ie vous prie

659 2789 2028 235 y faire honneur et me commander en touttes

580 2932 1110 166 l'occasions p

573 2961 2087 272 de ƒ300: de change que mon frerea tire sorde

2656 3101 63 88 il

601 3122 2056 197 en sa lettre a  jours de date de cegourdhuy a

613 3233 2111 190 dat vril de ƒ600:- moine pour luy etnoire

618 3340 2060 230 pour mogh is vous enendray compte etcelle

639 3452 1838 239 ly vous serve pour quittence ie suit

1750 3538 619 159 estoiet si

2178 3568 388 186 Mesyn

1755 3615 318 160 M

2789 86 2189 233 Ghendt B De Saeoelaer Ady 22 Aprl- 1720

2800 165 2183 251 op 8 conrant hebbe e glsondeer twee frmienven

2791 321 2129 249 door my voor ue Reken geacquisseert als sck

2845 451 2056 218 £100:13: a ƒ36:6 vlaems ƒ183:13:9 en 1

2827 597 2194 225 £49:7a336:6 vlaems £ 90:13:- ingeslo

2797 702 2225 275 aen alnoh brief s £100:- a ƒ336 £ 182:10

2826 849 2187 201 voor deen en dander bidde my te crediteeren

2798 1023 981 178 die blijve

2798 1091 2160 289 London& harles Billengier Ady 27 Anril 1720

2835 1225 1930 252 op 15 deser hebbe ue d. geschreven sedert

2830 1367 2143 210 becoemen ue aengenaeme te contant met remise

2835 1484 2146 194 in ue eygen trato selven dato 2 usos op Dh francois

2836 1613 2148 222 Ignaes de la bistrate st £250:-:- a ƒ 36:6 waer

2841 1732 2104 205 van de acceptatie hebbe becoemen: ick sal dan

2855 1868 2134 173 vordere remises afwaghten verhoepende ue

2853 1978 1980 150 occasio sal hebben tot trecken oft wel in

2834 2083 2005 168 secure brieven te remisteeren dat ue ien

2851 2189 2035 175 yersten recommandeere als nede te

2848 2307 2025 194 envigileeren oft ue eenige penningen op

2893 2412 2020 160 goede sondsen en een gloet intrist dont

2867 2531 2126 192 beleaghen soo ick uyt de gaette resfeiteere

2861 2630 2077 174 sal de visscherge compt. bij het parsament

2873 2745 1996 187 neoetrogeert worden goede occaste sick

2866 2842 1997 195 offereerende recommagoeere ue hertelijck

2869 2941 2119 220 mijn versoeck indaghtigh te wesen en mij met

2821 3077 1932 172 ue advies te honnareeren die blijve

2786 3198 2177 198 Ghendt J De Saedelaer Ady 20 April 1720

2872 3269 2097 191 25 conr. ontfangen met rentise voor ue Rekene op

2863 3385 2095 143 fr Breuyninckn ƒ 580:14 wissel waer van voldaen be

2847 3483 2098 157 en ue rekene gecrediteert ƒ96:16:6: sat den brief men

2836 3597 2167 127 laste geaccepteert biy mij voores van ƒ 1200 wistelgelde voor

2850 3647 2181 100 ue Rekent dato 13 gmey voldoen bidve dogh om myne iekens

2832 3713 2074 81 van goederen iet te moogen slte en bettenen. blijve
