5180 3897
253 68 2160 236 gekeninge hebben daer ick ue can dienst doen

322 201 2175 203 gelief le occasien liber te disponeeren

320 297 2226 195 van die afwaghtende deere van ie antwoort

345 456 506 151 blijve

1621 530 589 157 23 april 1717

283 551 827 230 Mons gh Rolloyen

363 562 2204 294 p lhonneur de la vre 12 du court j'ay reccu remise de me

346 772 2196 107 datte a resence sur le Sr Jean louis person a bruxelles

355 812 2166 147 de ƒ300 de change la quille  'envoyeray p occasion a

356 901 2201 170 mon etmis de Brunelles pour en demander acceptation

340 1008 2215 199 et ensuitte en son temps le payement ie vous ay t envoye

348 1090 2223 180 het uidrasps en rekoppee et marque A  le messages

359 1172 2161 256 tonaer du ballott sons vous avez veu les es hn

292 1297 2263 184 Hillions scavoir N 20 g 28 a 37 ¼ aƒ 2:3 ƒ 80:1½

356 1397 2115 225 de change dont il vous plaira med crediier et

347 1463 2193 227 me commander en tout ce quil s'offre pour

340 1635 681 151 vre service

338 1616 2237 265 ie vous prie rendre lincliste de mons. Caita

1541 1756 943 193 Ady 23 Avrie 1717

232 1795 842 227 Mons fC

307 1888 2115 230 Jay receu lhonneur de la vre 6 de courant ƒ

333 2003 2205 207 fuclute mune remise  jours de veus sus les ea

313 2168 2234 154 jours Pisson  Brunelles de ƒ500: de change dont

338 2272 2202 137 ie vous seray bon la velleur en compe & uant elle

281 2383 2283 154 sera payce nen ayantpes d'advis suispies apresent

292 2484 2196 121 le messager Jonaert ma raportee la ietce

303 2586 2128 126 de drapt doht ie dechargerae  vre comte puis

309 2685 2121 142 que le souhaitsez commezela mais ie suis

327 2774 2133 173 tres surpris a un drap d'unne falle calitie et asi

337 2866 2128 186 bon charche ne vous puis estre profitable. ie

308 2961 2242 187 vois que vous vous plaiguez du uiuge neious

312 3069 2200 151 en flovons pas pout plus et iu il nous fault avois

299 3200 2151 136 passeu deepandant st vous avez besoing de la

256 3269 2302 152 maondre chose commandee moy sill vous plaiser

250 3358 2311 168 Jay de pres solie assorcimeny e tutte sorte d marchan

173 3485 2356 177 Dires ett passonne ne vous servira pamais

296 3556 2173 164 ni e lellieur march que celleur quil le di

3950 85 830 138 24 dAvri£ 1717

2637 87 859 175 Mons A Detoudt

2680 165 2275 212 en responce a lhonneur de la vre 10 desvil ie vous

2675 327 2214 165 diray que sie n estoit pas en consideratton de nre

2666 422 2257 175 ille connoissence et correspondence que ie ne

2676 531 2290 162 voudrois pas ouvoir le ballot pourr 4 p mesme

2652 654 2284 167 a 47 jcattars cependant ie vous les ays envoyee

2660 728 2339 245 pr messager jonaert dans un peut pacquet marque

2666 854 2321 168 de le quel s'espere vous sera parvenue avant

2659 970 2174 188 cette la mieuxe e bas la facture portante

2666 1080 2197 197 en argent de change ƒ299:5: ap un tel prez

2661 1182 2325 179 vous pourez bien me remettre containt comme

2667 1316 2331 169 me prometter 5pour laultre voyage vous aurez

2652 1370 2247 229 let quatte Piesces de caviseey pentes sun voy

2631 1512 2232 211 s'etchantillions. sil y at aultre chose pour

2657 1612 2069 210 vre service commandez oy qui

2614 1723 2250 240 Bruxelles Jacomo Rousseau  24d Ao12 1717

2664 1858 2277 225 ie vois pr l'honneur de la vre 12 du cour que ma remte

2661 1976 2281 187 ƒ500:- a jours de veue sans le s. Pirson estoit accepice

2656 2080 2275 143 ie vous en envoye oy incluse sur le mesme lieur nne

2630 2215 2334 139 aultre de 300½ de change du 12 du cour. ausence donil

2646 2293 2327 155 vous maira procurer l'aceptation la temr sus quis

2629 2375 2121 140 a leschiende et procurer le payement et m ene

2635 2477 2287 149 crediter l est bien que le s vandenclootser avoit

2652 2582 2319 150 acceptee ie ne doubte nullement qui l u a fatislest

2644 2695 2345 121 pour le present mais ie m'esttime du s lindchers

2659 2787 2281 162 quil aecgne a 3 usences anne baga ielle de £18:16:-

2628 2855 2293 158 1: 9 atfornetr dans ce mois que ie luy ena livre

2646 2983 95 71 l

2665 2957 2207 139 lienportence Jayt escrint un peu le rieusement is

2678 3077 2170 146 Becchmans il m'a restondu quil payera

2647 3121 2302 211 au bont de ce mor ou jau plus tars au vos eniers jours

2662 3270 2277 144 du mois asveir ie vous priey vosdoir deoir a

2653 3345 2319 179 main et pr honnorer d mot d'advis et me de

2646 3469 616 147 den exur
