5051 3845
538 55 1513 248 London Jhomas Schawen en compt

2114 111 506 186 27 Jullen

559 218 2110 195 supt reccu de vos nouvelles je nayman

611 349 2050 157 que le  du ourt vs faire reponne dont jp pres

630 433 2055 162 iffere de pars je recove l'honneur de x

609 520 2088 204 vre 79 et 22 court que au mande pou pre voir voss

603 627 2052 185 ces evenemens ou prendre mesures e as te daude

592 718 2081 215 dele m'envoyee de modelles car tamais avie

1080 828 64 101 60

615 825 1986 199 consentiray dans linscription le tout dages

609 921 2053 157 se le rembousement de fera ou point s'il rez

601 1042 2041 200 je fasse pas je suis le plus content du monde

588 1131 2026 230 je ne pretende que de seni mon fond et mon

589 1242 2067 231 intrest sil je fera pr asseurez je voudrois avoi

566 1348 1964 220 pfite de loccasion de 128 u cent et avoir

596 1433 2067 228 vendue pauteestre qon admestra dans la suitte

614 1574 2023 196 encor dus sous   scriptions et que lon

606 1681 1876 192 aure encor loccasion de vendre a rofit

576 1757 2050 224 c'est pour ce la que ie vous ay de mavise vre advis

569 1910 1963 154 et en mesme temps modelle de procuraion

596 2010 1796 192 pour vendre selon vre responce de re

595 2036 2055 243 regleray et plus tost pue de re laissorreoulour

530 2138 2155 253 fer p sorce ie vous envoyeray procurarson

586 2297 1973 217 pour vendre says que le trouverez a ronss

597 2363 1959 181 et le pourrez faite a mon plus granle

615 2465 1971 184 advantage possible ayt eu propde pieme

599 2565 1946 200 a gaignez mon argent pos traire des solie

612 2701 1879 168 le compte touttes les asfae resentez

584 2770 1920 209 de lasler du sud pour des versfables soliez

637 2895 1936 158 et sion me voudroit loumir desaessons

591 2974 1886 219 avoot a condition que ie les gaurderay

619 3081 1917 214 pour mon compte ie ne les voudrois pas

529 3139 2026 279 srvoirp loing que ie m'engaserois a mille

607 3289 1972 224 ou d'avantaie. vous me dirar vous pasrez

587 3397 1956 191 vendre cela est bon pour ceux duils q lout

633 3521 1854 177 presente mais pas pour les tranger

588 3614 2073 170 son les estime tant que son veu et cependant

2754 58 2219 197 caun quils les veullent vendre a prix courant ne le

2775 154 2152 229 groevent pas a argent comptant conssdira

2784 277 2021 207 ou cela sira pour la suitte  ce qudie

2783 423 1986 194 vous recommande est que preschez vre

2770 472 2154 266 mesure selon que ie vous marque et que de

2793 592 2158 269 ne surt pas la dibe et en attendant seme dit

3990 718 847 269 Adyj d ƒ6:120

2772 770 909 216 ikenot j  de saedelaer

2777 901 2153 177 met ue 23 courant becoeme remise sicht op Paser

2782 1025 2158 194 Elowden Jekriet van ƒ1600 wisselgelie waer van

2800 1133 2080 169 voldaen bey en hebbe ue gecrediteert daertegens

2800 1273 2173 189 ue gedebiteert en betaelt den ief men laste hedeen

2794 1364 2171 182 den laesten dagh die ue ingesloeter sende s £500:-

2791 1494 2201 170 a 336:3 a laesns wisselgelde £181:5 het is mj leet

2790 1616 2177 164 te vernemen ue indispositie vertrouue van geen

2802 1738 1377 182 gevolgh sal wesen blijve

2828 1806 2001 218 Brusselle Jaccomo Rousseau 3 d'aoust 1720

2879 1958 2079 187 ayant eu l'occasion de taire d'employ considerable

2902 2041 2103 140 et me trouvant court d'argent je prenne la liberte

2763 2144 2181 135 de tirer sur vre grace ce que je pouve bonscavoir

2907 2192 2100 176 en ma lettre cujours huy a veu ordre mad la

2859 2301 2144 159 Broeckmens £153:6: 7 ie vs prie y ffaire ho

2897 2396 2028 154 neur et moblegerez que suis en toustes occasions

4157 2495 566 176 d agiesty 1720

2784 2527 924 187 Gent J:BBde Saedelaer

2848 2582 2161 210 de passate   mjnen laest hebbe ue geson

2821 2710 2197 225 dan brief tween lasten van £100 ingesloeten dien

2807 2808 2189 221 van stƒ80 a  36:8 £148:13:4 waer voor mij gelieft

4257 2943 623 181 S accqesty 172

2831 2963 809 141 te crediteren blijve

2779 3065 1044 127 Amsterdam francis Rousseau

2838 3063 2186 178 beyde ue aengenaeme 29 pesato en 5 court hebbe wel ontfange

2828 3216 2195 88 wij heben simmer onsen intrest in ue hande gestelf te doen

2824 3275 2179 151 als voor eijgen ende dat wij alles sulen approbeeren want

2828 3347 2204 155 met overe en weder schrijvens verliest mende ocie vintie

2823 3469 2188 109 het geraeden ue magh onseacties tegen3o pret premis

2830 3535 2134 130 op sber te leveren a 300 vercoopen ick ben severte

2848 3628 2116 112 daegen met de corssi ver vallen afwachtende wat dat

2866 3693 1101 100 sal sijn: gepasseert blijve
