5211 3832
1587 55 1106 195 Ady 18bre 1718

448 50 858 191 Ath Andre Cheton

607 176 2128 196 il esrestonpant et vous estez soit ingroit a ie me

570 300 2130 212 point sausfair pus qu'il q a tant du temps que re

595 407 2127 214 vous ay credijcdet cela de la premiere pertte que ie

620 540 2018 198 vous ay livree de mavre vous medivez encor

575 675 1928 168 £44:14:8 de change ie vous prieemeler

580 718 2099 232 remetter et ne plus diluyeer et sil y a lieu pour

587 913 2046 183 vous rendre service evoyez que ie sui zesseray

585 1044 944 171 en touttes occasions

1637 1155 820 166 Adij 11 xber 1718

430 1158 635 199 Lowen C. mid

569 1260 2012 246 Ick hebbe ue missive dato gisteren wel oinfangen

569 1415 1949 188 maer ick ben seer verwondert dat ue claeght

583 1530 1820 151 van den Colchester bage vier Loods tot ƒ42

544 1614 2130 170 dat ue tot dien prijs selfs hondert stucken begeerde

556 1729 2147 202 Ick soude ue saer bedancken ende die niet leveeren

561 1865 2001 187 Ick hebbe het ts aratie en uyt considerane

548 1959 2145 199 gedaen als ue van die soorte beetere en beetere

568 2079 2104 197 coos begeert dan en moet ue geene colchester

543 2187 2130 194 bayen vercoopen: informeert ue eens wel naer

555 2281 2089 219 de qualiteodt en prijs en can ue beeters gelieft

533 2445 2105 162 liber lyek den mijnen weder te senden soo gelijck

568 2554 2148 188 ue mij schrijft maer weedt seekers dat ick ue eertijck

532 2636 2139 191 an wel bedient hebbe het gene ue in alle occasien

528 2779 1993 178 bu mij sult onder vinden heeft ue swerte ft

539 2860 2036 199 roode carseyen noodigh oft andere goederen

525 2983 2065 198 gelieft mij naer te commandeeren die blijve

1697 3083 878 160 Ady 11 xbre 1718

462 3093 940 189 AMm Andre Lison

510 3206 2208 177 Jay receu lhonneur de la vre premier courant en surt

501 3315 2166 124 le cinquieme pr te messager Jaaqies van de Boest let

523 3401 2209 141 cinquante estois q mentionnee en suitte de ma quittence

517 3492 2170 195 que ie luy ay mis et mains mais monsieur si nesca

495 3572 2180 154 et que ce la veudirez ie suis prest a rendre servile

534 3675 2178 90 as mes amis aultant qril im 'est possible coosiderez

2799 39 2257 201 lie patience que j'ayt eu a vie esgaure, ilsy en a daultres

2809 154 2185 195 quils me demandent la mesine grace et pour nous il

2811 269 2249 218 iuy a pas d'eultre moyen que de payeert sousjours contant

2803 397 2274 205 ou le trouver de cette dnaniere l si vous avez besoirey

2793 526 2186 199 des marchandises elles sont a vre service et a tres

2815 652 2195 178 raisonable prix mais ne prennez pas mal que de

2831 774 2156 188 vous prix de grace enfin que me fassiez senir de

2834 923 2196 191 largent au plustoit possible c'est sur cela que ie

2851 1026 2168 188 me te et vous saluant de mesme madinviselle

2830 1126 1138 194 vre espoute ie me dit

2830 1261 2125 155 Londen la chevaleur the Scaeven en Comp 12 p 1718

2871 1374 2184 138 Jay recus l'honneur de lanre  d'aourt de nies p la

2889 1440 2170 189 quelle Jayveu avec beauoup die plais ir  ai passee

2906 1507 2162 149 en nion pouvoir et en mon nom en sui a mon ordre

2928 1597 2137 157 et ma procuration mon co pitael de  £2000 anuet

2944 1673 2120 162 de lett lotteries je vs ay debitee pr s £58 de nican

2777 1761 2287 159 s: nee d'intrest d escheu a le ste Jcan dern

2887 1856 2177 193 moyme g des £25 dienne annee d'intrest reschauc

2916 1942 2148 219 masmes terme pr l'arvenir vs me demander une proce

2939 2044 2126 200 ration pr recevoir les intrest du det capitael ste

2866 2162 2147 220 je vs pie m'envoyeer unne copce ou forme

2935 2234 2125 240 come celle doit estre et je la feragex saldie et vs

2894 2378 2174 192 l' envoyeray mais je m'estonne q vs pouvez sans sell

2914 2467 2129 197 recevoir les intrest des annuales de la rapse

2921 2578 2148 185 m'aves assierce quelle sont du py mins sur monnen

2933 2702 2134 149 en eette a ma procuration vs envoyee en ce senps la

2960 2798 2117 200 mais vs vs n' en n'aves non plus prrecevoir les intres

2955 2888 2119 202 et cependant vs dittez les pouvoir rece voir quantie

2928 2988 2132 220 vs pluist et q me les faittes bon jespere que ne pre

2931 3101 2132 228 net pas mae q ie ns ay tant pace a ne pas man

2955 3190 2118 226 quer a ffaire mettre ces fonds en monnom et m'en

2947 3320 2124 209 faire passer pr le propice faire a cause que je suis

2953 3396 2081 210 d'intention les tener tousjours tombe quil tombe

2925 3507 1988 185 ie ne scay ou le mieux employeer et ie trouve le

2919 3630 2153 131 voy au me d'Angletertre le plus a sseuree. c'est certaineme
