5211 3856
403 56 889 179 Gent J:B dedaedelaer

1868 62 773 169 17 meer ƒ 17188

430 197 2275 163 het ue aenegenaeme van gisteren remitteert ue mij voor s ne

457 266 2189 193 reck in sijn eygen brief 10 daegen dato op Jan Barget

478 353 2209 187 in amsterdamm banco £200 du  tot ¼ ue avante

502 445 2152 166 heeden hebbe ingetrocken vlaeme wisselgelde £201-0

519 550 2148 181 om dat den jever soo een briefie noodigh hadde en

494 656 2207 196 geeft op eenige daese te loopen dat over gaelant moet

495 743 2106 155 gesonden worden andere soude de prijs doode

486 846 2142 224 vallen poyier net hebbe connen mssion terd fuy

485 945 2194 233 p apointe want als men selfs ma oft recken can

503 1051 2188 214 men er allijt bij ede  gerief a t mer beden

495 1179 2066 237 dan bij de maachte brieve soo dat ue gan naerder

501 1257 2153 244 eveurs als by mijnde voisgen en can noteeren dan

513 1393 2102 224 alleenelijck seye dat het presernt soo welligh niet

527 1492 2126 203 en is en meer breeven dan gelt bove de en

549 1594 2043 214 wasser op s'eande for besse heden geer diett

571 1709 2093 210 cout 178- a met engesloetenden brief taenbesten

557 1809 2114 183 heden gevallen in myniddres dan ƒ 400 door n

571 1951 2085 124 ue niet golden ne tnyden seconde waer op de gaet

587 2013 2064 160 tentie sult vinde biddende mij te edereren vlee

596 2099 2025 211 1: 70 en van ontfanck adiis te geven hie de

609 2194 2083 197 aee me de iet sijn boven poulde gemanuer

585 2294 2027 190 heeft te doene van den bref ul daer bij gesonde

590 2394 2111 203 van st £120: a34:6 ƒ 207 gelief ock van

567 2500 2098 222 mij resterende laeckens met dit voort jaerto

585 2591 2119 233 eynde te maecken ende die s  te beae

594 2711 2095 151 ren en eens te melde off ue en occasian en heeft

618 2786 2071 167 oms een partijcken angelsche spacnsohe laecken

613 2890 2088 174 te dibeteeren want ick gebhdoneeren de mani

614 2979 2059 235 facture negotie geheel en al en naer cordiaele

2786 104 2214 189 Ghaudt J Bapt De saedelaer Ady 18 meert 1718

2812 165 2167 256 mijnen van gisteren sal ue heden te kennen

2765 330 2199 235 gegeven hebben dat ue van selve dato de laete

2802 464 2247 204 moeste coemen voor de contra ordre over sulen

2814 585 2212 211 bidde ordre te stellen dat het briefs sjnde ue

2793 696 2280 238 trato geaccepteert en voldaen worde satisop

2803 839 2259 242 dato. ue heeft tijdt genoegh om dat te providee

2738 965 2239 242 =ren en het sal ue profitabelder wesen als

2825 1093 2132 237 het te laeten mist proest cheeren. blijve

2747 1222 2259 242 Bruxells Jacomo Rousseau  dy 19 mars t

2811 1389 2083 226 Jay reccu en son temps lhonneur de la chere

2815 1499 2199 171 vre 9 du courant pr la quelle v 4 me donne

2861 1653 2043 181 advis que le s. Racqhens avoit acceptee ma

2823 1745 2231 204 traitte a usence de ƒ400:- et que les. Broycer

2822 1841 2075 240 accepteroit aussy celle de 400 dont me

2836 1967 2238 227 donneriez advis et comme ie me trouve depuiz

2810 2145 2226 143 sans apeume de cheres vostres ie vous prie

2805 2208 2057 239 me faire la grace a mitformer s'il as

2850 2303 2130 209 acceptee on bien payée carieluy ayt escript

2822 2409 1942 241 a ce suject  j nay responce vou =

2848 2544 1244 215 m'obligerez qui surs

2792 2628 2226 257 Brussel n vander Borght Ady 20 meert 1718

2843 2773 2127 231 consorm ue aengenaeme van 15 deser sende ue

2849 2892 2176 182 ingesloeten de versochte staettiens alwaghtende

2806 3048 369 162 blijve

2747 3058 2207 304 Ghey Rapt desedelet Ady 21 ditt 16

2731 3274 2318 148 & de dato 20 couranten is mi maer heden tegens den

2790 3361 2277 157 middagh behandight met de twee remises voor ue ick

2780 3435 2263 152 als op carlo haeck sicht £50:-:- en op Adriaen

2770 3561 2306 112 Pauis op ½ d sicht £510:- waer van d'accspatie hebbe

2824 3630 2221 142 gevoordert sal het sijnen tijde de noodighe sorghe draeghenes

4540 3711 361 77 blijve
