5182 3871
632 98 2065 192 condinet en pacuten n onse pensimaet

635 146 1997 208 illen ue beloften tendieren maer om tyd

651 280 1989 189 wtet en sijn vrs entclos want ue

672 396 1981 197 n coemt noyt sijn woort te presteeren

609 496 2005 234 aet heeft m over het sack gesiert sond

614 626 2087 177 7008:½ die en een jaer sijn verloesen

611 739 2109 248 gelieft een eynde te macken cn offehainge

631 856 1969 225 hoe eerder hoe liever want hyten

647 988 2010 202 can soo niet blijven staen ue remitteert

627 1098 2050 224 my in briefe Augstn 21usos 3 deser valles te

628 1230 2045 161 £10:2:- op rekent van gevalle croisen

603 1352 1944 180 onter rasten ten laste de landen

627 1459 2046 188 ay dender monde op de wedeheers

617 1610 1973 201 de Chippel waer van het noodigh

621 1720 2007 169 sae desorchen tegens naestee weeke

571 1842 2029 190 de peussemen bij ue laeste mi modeser

591 1936 2049 233 vermeldt te gemoet stende p brede

581 2088 2051 190 die wijst as ue over coemste tot eeene

606 2196 1929 210 sinaele a frekeninge met imparienide

601 2318 1417 194 verwachtende blijve

562 2444 1996 260 Ghendt  de saedeaer Ay 3 xber 1722

568 2589 1852 200 met ue aengenaeme van gisteren

582 2728 1952 141 remitteert e mj wedere £30:-

601 2816 1961 200 deser 4 d. schp Casse op des louve

612 2941 2047 218 candite die maendaght sal presanvan

584 3065 1865 220 ick bidde ue instanstelijck mij sooveel

580 3172 2019 220 te dechargeeren alst hoogelijck is went

575 3309 1997 175 de e llijndsgheden d'agveel moeyten hebben

630 3429 1699 179 van schrijven en presenteeren alt

608 3543 1759 214 groote parsiyent ick groote sie en

644 3658 1456 151 blgve in alles oecasien

2768 81 1937 261 Gendt Jio de saedelaer Ady 6 sber 1722

2759 207 2214 252 bedraeghe mij aen mijnen laester 3 conr becoemen

2759 327 2189 203 ue van selven dato met siwee remie as

2769 436 2064 219 at vrijlinck £60:- morgen te betaelen £70

2758 538 2129 224 sight op pbara qui vas die geacceptiere

2775 644 2235 225 heeft ens niet betaelt ingesloeten de ebrive

2767 791 2185 194 tjen laste byt my addres heden den laesten dagh

2763 859 2200 227 ende door my voor ue reken. voldaen als 00

2774 1022 2172 219 N36 £ 180:- en stƒ £ 50:3:- a  36:1 ƒ 186:18:6

2768 1111 2226 209 saemen £306:18:6 waer voor mj gelset e

2780 1256 1099 208 crediteeren die blijve

2784 1321 2085 282 & uiet Francois Geraerts Ady 18 xber 1720

2778 1457 2099 278 In antwoort op ue missive datap 6 deser

2793 1606 2142 243 uyt ghendt segghe dat hr van Jock ons

2812 1740 2149 226 geschreven heeft dat de acceptarie vien

2801 1846 2188 162 den bekenden de charge brie opp de slaeten

2796 1963 2181 160 van Brabant noch niet hadde becoemen

2781 2093 2208 168 maer p eerste daeghen die van der volle

2786 2191 1967 185 derfBroeck soude beeremen es oms

2799 2292 2179 234 toelendon dogh wyt ompaeree us

2786 2440 2061 215 terende somme op   van Beveren

2802 2552 2128 214 is oock waer den boede du wijn my geasti

2795 2668 2074 219 reert heeft ue met ditto heer geadte tee

2840 2807 2183 203 heeft te acceptatie uyt sijne handen gestoe

2817 2916 2079 235 alest met beloft wons die weende

2829 3056 2125 236 instant lyck seude geremisteert hebben

2844 3178 2077 230 alsoo ue die weelde p eecoutre at

2859 3305 2146 163 selven genoeter heeft wat het is oft detemi

2865 3436 2143 184 en sjn mijne affairens niet. ick hebbe de geaccop

2860 3530 2085 212 ieerde obligatie daer voor van den boede

2843 3642 2178 160 op wan sel: sal hem doen betaelen. tot ue governe

2859 3744 1158 106 ick groete ul en je
