5076 3855
653 72 2055 179 parieur a sasa fit r. het is cxnocquant cgle

674 169 2042 190 het surpasseert alle discretne. ick guoen ue en

668 319 451 138 Blijvee

717 388 1047 187 London Schoppens en Edwards

1970 457 406 126 29 mey 1720

717 514 1984 148 te missires dato  en is court hebbe we ontfangen p den laesten

718 621 2025 113 addressert ue mij tot dien aen mijn broeder dan iel gerarde geschreven oided

703 692 2036 133 salege alle geconsidereert hebbende vinde dat alles te velgee is wat ick ue

713 755 2022 131 huyde geselgereet ende gerecommandeert te doen ick moete patient

734 822 2006 136 hebbe want ick en gehoove niet dat ue selfs soude connen uen med

738 905 1995 170 sien prijse als ue noteert in de octroyerde assurantie comp d'

730 969 2001 162 te neman het geene mij ohagrineert ist dat mijn schoon moeder

742 1096 2004 149 en iett over tijde ue hebbe versocht als ebecaie soude voor coemen

750 1154 1924 140 om va ponninge te disponeren ue soo goet soude wesen ons

742 1240 1955 164 andachtigh te sijn ende te willen advorteeren ue schuyt ue aen

766 1319 1962 188 mijn broeder dat ue voor ue egge  en ditto asurantie comr

1309 1399 110 63 el

762 1403 1973 168 voor  eengee ho genomen tot s£ 1500 headde ue mij dee

770 1512 1959 121 sprincclatie seenbaer gemaeckt. wij soude nevens ue geresolvet hebbe

771 1548 1943 151 ende dat en hadde ue immens niet connen prepedeueeren want

765 1648 1970 109 het sijn giuble que onder neminge daer iver ien even maer is andere r

757 1692 1935 148 soo ick ue verstaen hebben het faveur dat hunne corres pondenten hun

725 1766 1934 160 wat mier genegen hebben gewaest en dat is de neden dat diverse van mij

706 1843 2024 168 behent binnen cantien in ditto compay hebben in geschreven en deel

1217 1935 210 78 hee

718 1932 2032 192 genomen waer van a 10 p die ue nu to notert maer 4½ incosten

721 2042 2017 136 capitael voor capitael wille altijt ics resqueren en onder nemen

687 2106 2022 158 nevens andere maer sonder fondament op ongesonderde verwachtenge

712 2205 1959 99 en wille mij noyt resgueren velter wederone len ditto comp acties

701 2274 2023 131 veranderinge oft presenteert ter sigh andere occasie die ue favora

714 2337 1975 160 bel ordert bedie soo goet te wesen ons bytijde te adviseeren ende

701 2425 1977 158 wij sullen het selve estimeeren niet soecken als  ende ge

696 2522 2030 182 legentheyt omonse comespondentie van meeder vraght te maecken

692 2661 242 151 love

553 2668 2111 229 London CBarles Bollenoier Ady P. JMnii 1720

673 2800 2071 228 In antwoort ver missive dato 34 past sien mijn

670 2928 2006 159 ordre tot den incoors van 1 £500:- banck aenet

680 3021 1934 187 ter gelieniteerie prijse niet en heedde connen

664 3137 2053 137 effectieeren waer by passentie moete nemen

650 3215 2077 155 dogh ue veroblige mij te antwoorden seggende

700 3317 2015 149 alsoo die aetnes als alle andere van tijdt tot tidiaen

692 3402 1938 156 veranderinge suveet sijn sal, in cas die totcte

695 3553 1977 109 lios coemen te daelen doccasie traghten

721 3612 1943 170 waer te nemen. het was op hoepe van dise

2805 88 2221 191 moitteeringe dat die versochte in te coopen bij veranderina

2798 142 2206 213 oft daelinge en hebbe die niet noodigh en mij dunck

2800 293 2158 215 dat sulcke ordres coemen te cesteeren in alle occasien

2814 382 2184 204 asnen die ter ontfanck niet en caneffeeieeren: com mer

2821 481 2197 241 ditis mijne intentie contramendeerende mijne voorgaen

2821 562 2066 280 Jen bidde ue my reken. courant te senden en mijn

2825 704 2204 245 goet vinden by het sulde te willen daer nevens remittee

2828 831 2176 236 eren en weet ue mij eenigh emroge te advanceeren

2864 909 2143 235 ue sal mij sallen tijde faveur mij met ue advies

2830 1041 1746 239 die naengaende te vereeren die blijve

4137 1206 564 135 3 Juny 1720

2836 1208 1240 167 Amsterdam Franusco Rocusseau

2861 1300 2168 152 ue aengenaeme 24 en 30 past hebbe wel ontfangen ende

2875 1393 2127 158 by den laesten gesien den animo inde en gelsghe baenck

2872 1486 2100 124 aeters toe nemt die contant a 190 andere noteeren wel 195

2867 1571 2150 128 vercocht wirden vaste coop op au gusby te leveren 2oo a2l

2880 1631 2149 156 en op premis van 20 a 25 past dat niet wel en begrijne ick

2870 1727 2161 176 verstaen dat het den coopervry staet als dan die se aenveerdee

2887 1805 2122 164 ofte wel nevens sijn premis die te alandonneer  doch in

2884 1887 2090 158 gevalle den cooper die comt te aenveeden oft de premes als

2852 1959 2179 181 dan aenden coop prijs van s00 moet gedafalquert worden oft

2902 2053 2075 193 niet moet die ged falquert worden soo st rotitabeldereon

2892 2165 2054 159 teent te vercoopen wort de premis nevens dere vercoop

2899 2228 2111 188 prijs behouden bij leveringe soo iet de moyte wert den

2901 2335 2119 167 nes ics te loopen ende daer toe soude dan wel resolveeren

2900 2418 2127 166 ue gelieft te melden dat het nae by comt het is waerdoch

2886 2500 2106 123 ue teplaetse sijnde daer diclandel gedreven wort cont

2911 2573 2129 110 betor miseres nemen als ick tot dien og en segge dat omsa part

2897 2635 2138 159 tykens ons costen ten prijse van 115 prek ende dat geerne dobbt

2902 2710 2069 108 eapitael soude maecken ende dat wij bijde u in ue handen

2881 2788 2126 142 stellen en ue daer voor cauthoriseeren te vercoopen op die noc

2897 2886 2078 106 van dobbel cappitael het sj op premis het sj content oft te

2902 2956 2124 105 behouden gelyce het ue sal geraeden vindern sullende altijt

2886 3033 2091 111 approbeeren wat ue daer in voor ons nick sal gedaen hebben voor

2903 3114 2121 102 ider onser 560 capitael compt ue te vercoopen en gelieft on

2891 3164 2078 126 sin breef voor london met de procuratier onder ue betastende

2897 3224 2135 117 niets af te senden voor al ier ue ian ons naerdere antwoort sult

2883 3294 2135 89 hebben becoemen want sal in dien gevall  die doen openen

2893 3362 2138 103 om de rocuraties te exmiere en in qen questie tot londe

2907 3436 2121 119 te geraecken ingesloeten remitteee ue voor mijn nec  350

2906 3499 2078 121 as  36 banco & 630 hoden gevallen op inclchioir de Reesscher

2900 3595 2124 92 waer voor het noodigh gelieft ste besorgen an mij te crditeeren

2905 3657 1680 96 vant passeerende verwachter advis en blijve

3310 3703 1087 98 oock getekent G:m: melyn
