5175 3837
310 70 2230 160 eynde een volontaire condinnatie 3 Augirst

307 162 2202 192 vallen mijn £1000 onder ue ick dencke ue die

324 279 2246 168 wel sal willen profongeeren voor in hat ue dan

345 390 2197 197 voor de gevallen intrest in £20:- debiteeren

253 480 2276 249 Ghendt J Bapt De SaedelaerAdu 23 juli 1715

296 629 2245 255 op 80 deser hebbe ue afgesonden den brief men

192 785 2327 204 laste die dato gevallen ende doer mij voldaen

276 881 2266 200 ste £100:- aƒ 335:2 £ 175:16: 8 ben dedert sonder

289 1013 2091 208 ue antwoort dat torestegenstaende geerne

294 1133 2165 251 hebbe ingesloeten noch brief door mij voor

171 1229 2321 207 ue rekent heden betaelt sr £200:- a 334:8

296 1351 2109 262 vlaems £173:6:8 waer voor mij geliefft te

297 1482 2237 257 crediteeren ue remise op josept de medina

1283 1589 167 115 221

294 1578 2259 273 y hypos in comstere. prsijn voorige gemeldt

187 1693 2318 249 hebbe tot  ue advanie in getrocken  4oo

321 1815 2265 211 a423 ¼ vans £206:5 vlaeems wisselg ƒ 206:10:2

245 1944 1614 235 blijve araghtende antwoort

236 2016 2215 292 London he her Scawenen Cougg Adiy 28d

289 2181 2224 242 ma derniere a vos arnees fut le 5 ae may. jes pere

289 2320 2151 260 quelle vous est ien parvenue en sontemp

316 2431 2253 216 depuis le me trouve sans lhonneur de tousjours

272 2559 2241 182 eheres vossses pour le commerced il vs depir

278 2667 2274 180 en pir en ces quarnest cause que tont le monde

291 2795 2253 205 harché ou ieper de lemploge pour son argent

308 2901 2252 234 ce quil constibue beaucoutseson mon opinion

254 3017 2307 227 monte de vos fonds pribliegs. ie ne me peis que

269 3127 2281 194 Londer de vos bons consiels que m'avez donne de

277 3236 2227 196 ne me nas defaire de mesactions dans la comtr

301 3342 2232 183 des shdes bisentales mais apresent pr me dit que

280 3446 2300 209 en peu on les pourra vendre 200 p. ie ne souhatt

285 3546 2160 193 oint brusoncer la forimne d'austant que dest

1006 3653 1529 125 consoverable pour mas commes

281 3689 179 100 on

686 3709 130 77 vel

2628 87 2175 132 vous est conm. il est bien vray q a 2 ie

2613 130 2277 174 tireray encor 6 pourcent ore  que ie ne

2632 290 2237 146 souhaitte que des emplayes a unstel intrest

2635 394 2290 195 mais depoir que ie sond quil vaillepresente

2619 518 2239 170 ment le sonde du capital ne cadie ie ne

2643 621 2168 205 scay que faire n quelles mesures prendre

2649 735 2245 242 raison que ie prepne recouvre a vos graces

3718 843 145 102 1et

2687 865 2241 194 vous estaitt au lien pouvez juger avec je lus

2662 972 2183 202 du sondement pie ie ne miet faire et me

2649 1067 2314 256 fiant ennerement far vrs conduites ie vous die

2641 1209 2287 219 que ie souhaitte que fasties la de daus comme

2696 1335 2129 206 vous fervez si vous les aviez vous mesre

2654 1474 2203 157 et que ie vous en fait le juge: Si prouvez

2659 1535 2276 223 convenible les verdre vendez les a 2 cent

2646 1661 2292 217 si trouves conemble pour moy les temr

2647 1771 2286 258 & en suit de mesme coment en de les ieudray

2639 1888 2173 234 s: vous vendez donner moy esto advis et

2673 1987 2254 200 ie vous envoyeray qma procuration pour

2651 2107 2177 210 vous mettre ce n estat afin que vous les

2646 2221 2264 238 pourries livrer entre s ie vous debste

2654 2312 2312 202 pour  £50:- pour nou divident

2642 2441 2259 193 le p leandernmertes attendant lhonneur

2675 2580 1474 153 de vos nouvelles ie me dit

2609 2664 2251 189 Brussel h. Bussels Ady 28 Julii 1715

2667 2762 2195 197 tot antwoort op ue missive 25 deser moete ue

2626 2860 2275 209 segghen dat ue mij p stot van rekene schuldigh is

2697 2960 2265 221 £44:1:7 het sal 20 gber twee jaer worden dat ue

2638 3074 2274 260 bij mij niet eenen stuijver besteet heeft ende mi

2615 3202 2302 200 maeckt ue noch questie mijn vrato te voldoen

2633 3304 2321 201 heeft ue ies te pretendeeren ick ben mer een

2637 3399 2283 212 parsoon om ider een sasisfactie te geven en hebbe

2631 3484 2288 208 ick ue soo lanck gecrediteert ick dencke dat ick te

2656 3578 2181 166 minsten bij ue voor ue pretensie soo veel crediet
