5199 3815
560 40 2149 201 Rutrj11 dhujst Elias Grandt grappert Adh 3 mars 119

641 177 2002 194 op ue laeste d ver coemne ck hebbe het gelick niet

621 295 2155 226 gehadt uo iets te connen vercoopen sood inht

621 377 2153 215 van 3sber i7ck gelden is dat ue mj noch schuldigh

609 509 2133 224 leydt £173:18 vlnems wisse lget nd can wel

639 644 2123 204 considereeren datter meer aen intrest toegegeven

629 701 2082 206 wort als op de goederen gewonnen is ick hebbe

640 824 2081 214 alle consideratie moogelijck in bidde uedie

645 915 2119 216 rectproyuden myn Elgnurd te hebben ende aen mi

658 1007 2099 240 het selfde te willen remitteeren ende daer ick us

647 1118 2112 226 can dienen weest wel geasseureert dat niemant

660 1254 1965 184 ue beeter coop nochte evielder alsch en at

510 1305 2254 271 bedienen tek entwijfel niet oft  grandtgreer

640 1448 2119 176 is a costi door dien het nelijck niet gehedt hebbe

650 1549 2104 244 in eeingen teydt hier te sien oock vertrouwe

678 1664 2070 231 ue nu beerer te pas eydt ende dat den goeden hodt

617 1753 2148 225 ue tot voorige gesontheydt sal kersijnen ende ue

648 1878 2111 158 tesaemen voorlange sueren spaerendat ue van

643 1929 2128 255 herten wensche beyvende naer cordieele groeeemde

588 2114 785 161 Londen P de Dorpers

1974 2105 626 155 Ameert 17491

611 2199 2062 166 beyde ue aengenaeme no senuaryen sebruare hebbe wel

627 2284 2087 174 ontfangen waer uyt sien de costen vande nieuwe boterge

632 2401 2109 119 niet als met te geven op gelt en connen becoemen worde

637 2499 2112 133 Ick en bere dat niet seresoveert: en can u niet pan t

636 2566 2073 168 rechten comen soo en begere geen anders parte cospende

637 2659 2126 156 magh ie voor mij 3 aenveerde voorders seeven het jaen

636 2816 2088 111 171¼ van mijn tichel hebbe ontfangen hebbe ue confform

565 2875 2176 114 daer voor gedebiteert nu deneme ick dat die tiekers vr

588 2973 2139 142 de loterye 17s0 bij de fuyts ce comp staen ingetrocken

641 3061 2119 146 te woren en in acties op de selfde tot 117½ p verandert

641 3159 2127 206 Ick en twijffele niet ot het jaer 1718 sal voorens af behaelt

646 3266 2099 186 worden gelieft mij in antwoort dien aengaende eenste in

628 3330 2141 182 formeeren om naer advenant mijne meseres tenemen en deo

631 3416 2123 171 dito compagnie niet gehouden en is het capitael contant de

616 3492 2162 168 nembourseerer aen die de welcke geen acties en soude souheedden

608 3574 2165 185 te hebben een wan niet sulexx staet te gescheeden ue sent p

2849 49 2250 142 sech court en sal die soo niet sluyten want den ontfan

2882 163 2210 113 mu van £10:10 ende de £16:10 voor den aere 1718 die

2892 204 2165 167 ue staet te onffangen ende de veranderinghe van ditte

2898 294 2189 217 te he sal eenige partijen bij brenghek ende hebbe daer

2907 401 2166 204 om liever te weeckten om dae netto reet te

2917 501 2138 218 nen slayten ende dat ue mij goet comn gp selde mij

2912 596 2154 240 remitteert gelijck ue hebbe met mijne voorige ver

2885 715 2244 251 socht ue enschrijft mij niet wegens ue hebbe versocht

2908 810 2206 237 van despannsche laeckens die dek van ue soude

2903 915 2179 239 sendinge nochten onderen hebbe ende die ick niet

2908 1020 2139 253 en can vercoopen om te weten oft ue de self de

2899 1123 2221 229 costij niet beeter voor mijne ick en soude connen

2900 1238 2157 206 benerficieeren want selfs tot merckelijckk verlies

2896 1345 2214 209 en sijn ie hier niet meer te vercoopen niemantwils

2906 1454 2143 242 geene engelscke spaensche laeckens al hier meer

2924 1547 2194 214 besien Ick en twfele niet oft d J:B: mertens ie

2914 1653 2201 208 nior sal ue hebben geschreven ende onderrecht hoe

2913 1754 2102 189 dat de wed: de scheppe aflijwogh  wordere naer

2903 1844 2220 198 laet tusschen de ƒ90 a ƒ10000 ende dat sij haereere

2930 1957 2197 221 diteuren uyt sluyt met 25 prt te betaelen van de cour

2911 2064 2169 223 tresse van hien goet vinde p heer testaminten hoe

2930 2167 2203 176 dat haer schoon soon mons francois le pelle nevene

2912 2300 2207 195 sijn huystroeuve de mederetgenaeme hebben trachten

2924 2384 2175 208 te disponeren om de crediteceeren ten vollen te wel

2948 2448 2138 216 doen enue te vergaet hebben cessie van hierne actus

2944 2545 2114 184 en ditto enfonisse gedaen in faveur de credituren

2933 2642 2179 211 Ick hebbe de commissia van mijn oom dhr Caques mey

2952 2783 2128 167 tot Rotterdam die den meesten geintresseerden ie soo als

2937 2848 2160 129 ue bekent is ende ick geloove dat uu sich sal in die saecke

2946 2932 2087 149 conformeeren met de meeste crediticeren die naer alle

2934 3021 2085 136 apprentie een proseissie sullen moe ten waegen op

2929 3064 2197 186 hoege van ten vollen betaelt te connn worden det hebbe

2935 3180 2119 165 met onnoodigh gedacht ue kenaer te maecken nijue

4313 3291 501 135 4 mears 1719

2834 3313 1211 107 London thomas seaven en com

2926 3333 2157 164 le 12 gbere dernier fat a V: gimaderniere avec procuration

2879 3448 2162 127 p recevoir les intrest des capitael 200d annurties de

2913 3533 2173 99 lotteries sur la banque et  £500 aniucties de a lanque

2908 3630 2206 75 meme quoy que de peu je neuf eu de nou lles je croi

2910 3681 2151 81 quelle vs sera bien parvenue en son temps come je ne doute
