5184 3815
471 35 2241 151 sal accepteeren en daer ick selfs beschaem tover

507 165 2204 136 ben dat ue mij die doet de ƒ300: die ick reets gevoelen

523 264 2177 209 hebbe op reken moet ue betaelen voor de resteerene

520 389 2202 159 comme eaccepteert die in eers twee als drij termijnen

526 466 2147 177 mots dieultima 1719 betaelt wesen icn bente

528 600 1957 179 vreden ue en can van mij met discretie

562 716 2081 180 hiers voorders versoeken: ue heeft aen andere

550 822 2009 187 altijdt geaccepteert en hadde uel mij de seltve

513 931 1952 187 conditie gelijck het recht veerdigh is hadde

558 1054 2117 208 gegeven ick was gelijck het behoorde en moest

550 1168 2121 161 oesen lanck betaelt geweest. cor te rekeningen

525 1278 2134 167 maeken lange vrinsschaep en hadde ick det

514 1371 2076 212 spreckvoort geobserveert ick hadde meer

525 1467 2141 260 prosijdt gehadt en nu niet stanck voor danck

546 1591 2030 193 dat gobt beteere ue groetente blijve

429 1697 2088 208 Monsrf. JalloppnAdy 3 junii 1719

507 1817 2154 178 en responce da lhonneur du 22 du courantte vous

515 1938 2112 209 diray que voyant le peu de commerce le peu

515 2085 2161 183 du profit at le longcredit Jay pris la resolation

531 2188 1988 149 de ne plus faire venir les marchandises

511 2291 2079 208 a moins que le temps ne change jayt encor

544 2457 2060 157 de ffannelles 3 & larges super fmes a £66:-

499 2506 2194 179 la piesce a vre servire mais point de moindre

519 2660 2081 199 prrz car elles nn vaillent rren comme

521 2741 2182 187 1vous le trouverez p expertence jay beaucoup

559 2839 1999 151 des draps et sen voudrois pouvoir m'en

569 2961 2096 175 de faire car on est des goussce du commorce

568 3050 1915 210 j'espere que tiendras parolle et que me

574 3156 2050 211 remitterez au prenner. sur cela de messe

583 3299 1555 152 et me dit eny touttes occasions

2796 62 2041 182 Ghenudt Iode saedelaer Ady 28 Jjuni 1719

2780 160 2299 173 t sedert ue laeste missiee dato 23 ast en hebbe van ue

2832 289 2235 157 de niets vernoemen dat leekers wel aenwijst dat de

2804 423 2135 138 ne gotde a costij soo wel als hier seer sucht moet

2838 504 2181 157 wesen: Godt wilt het beteeren middeller tijdt

2864 597 2193 221 peyst eens op my ende doet mij soo veel plaiser

2864 723 2221 171 dat ick een eynde van mijn openstaende reken

2856 837 2205 163 van goederen magh hebben ingesloeten wee

2864 946 2159 185 wisselbrieven ten laste s sudbeus geethall

2881 1071 2156 170 a costy waer voy versoeke acceptatie te

2865 1178 2158 187 voorderen en bij faute te protesteeren end

2872 1280 2209 195 mij te renvoyeeren sijnde  eene van  £116:0

2875 1394 2097 173 en danders van  £45:7: bese ƒ 336:1-

2893 1494 1714 214 ue van herten groetende blijve

4272 1653 718 162 R 28 Jnly 1719

2844 1626 852 202 BrusselleJ: hadyen

2835 1744 2249 199 al hoe wel ick ue gesterve hebbe geschreven soo wor

2873 1842 2193 206 de genootsaeet heden het selve te doen hebbende tot

2895 1946 2181 154 mijn grate we baesteyt heden van dhr Jacomo Roesseau

2916 2040 2140 171 brief ontfangen met mijn brato daer  doo ue

2903 2123 2162 224 gerefereert ende van hem advis dat ue sehm

2887 2194 2192 189 voorgaende trato van 20 meert la p  sicht

2922 2306 2110 207 op deue van ƒ200 nocht niet en hadde voldatn

2909 2396 2146 184 en noyt en hadde wille accepteeren daer ick te

2902 2482 2186 252 gevoelijck over ben dat ue doet gedaen heeft tege sijn

2929 2577 2162 226 gegeven woort en ditto hier rousseau gesollereert heeft

2912 2679 2138 188 sonder mij oyt seennisse te gegeven te veel goet is

2930 2780 2147 155 inde werelt alf tot ue en heeft saen reden als met mij

2940 2867 2152 124 eerliek te handelen soo als ick met ue gedaen hebbe ende

2912 2963 2113 140 paraet ben te doen doch ick coome ue niet cevilet

2915 3041 2176 145 seggen dat ick pretendeere fabistactie op d'een oft dan

2928 3111 2106 127 den maniere ende en gelieft het ue niet te doen en

2950 3193 2110 143 nemt dan niet sualijck dat nek da medeele byderhant

2944 3296 2122 111 neme om uete doen betaele want ick en can nochte

2963 3388 2059 86 en magh en mijne contientie niet bevinden datter

2942 3466 2088 86 meer hoegegeven wort aen intrest als op de goederen

2949 3516 2124 108 wonnen wort ende dat ick soude mijn capitael ves

2938 3609 2080 91 mee en prepeditie van mijn vrouveen sinderen dat

2916 3681 2048 79 ick met soo veel sorge en arbeyt tot meer schaede
