5199 3815
1640 47 894 199 Adj 16 mey 1714

594 42 829 167 Ghendt Jacob Baut

668 198 2092 120 Ick hebbe met ue aengenaeme 19 courant becoemen

684 297 2071 152 de obligatie oft rete brief  ƒ3000:- courant

687 350 1935 229 gelde voor aen taer a preto in mijn faveur

671 474 2093 190 gepasseert  de collecteurs de reepten van ue

685 546 2083 185 provintie tegens de remise die ue r ten dien

687 672 2075 227 eynde ged aen hadde sijnde ue hd. seef verplicht

664 764 1987 180 voor ue affectio ende goetheydt trieten de by

670 890 2028 174 andere favorabels voorvallende occasien mij

698 973 2070 196 indaghtigh te willen wesen principael in gevalle

663 1087 2073 201 lscheeinge occasie presentsert voor onneminge

690 1225 2037 126 van lijfrenten want hadde geerne eenige

656 1309 1943 171 op de lijven van mijne drehinder eerst

661 1408 2098 204 rue weeden dato 23 deser sien ue er mijne

661 1491 2077 188 remise op franc. neerinckx van ƒ500: court

676 1598 1996 211 hadde becoemen ende het noodigh soude

677 1700 2022 178 besorghen sal het selfde doen voor de ue

644 1802 2125 193 die mij met de selfse sijne t remitteert

680 1902 2063 175 ten laste gillis verbesseent morgen vallende

682 2035 2017 169 bidde soo veel goeheydt te hebben van voor

685 2105 2002 232 mijne ingeleyde quittantie van lifsente te

650 2232 1978 199 caste het comptoaer van  r J Dover soo ts

677 2298 2086 217 van courant gelde ƒ100: met occasie die

691 2452 2063 196 betaelinge te voorderen en mij die ontfang

657 2521 2094 204 sijnde voor de weerde in reken te crediteeren

603 2628 2116 260 en van ontfanck deser aen letter advies te geven

672 2749 2104 183 mis het eene quittantie is te betaelen auporteur

686 2836 2065 230 ue sal mij verobligeeren die ue d nevens de

688 2944 2048 196 gamsche tanmilre ben wenschende het saligh

685 3044 1795 224 woghteyde en blyve in alle occasien

2847 47 2052 246 Atrijck Elias Jrantgneyffer. Ady 27 mey 1719

2872 225 2160 184 Iick hebbe ue missive datul meert wel ontfangen nn

2885 308 2148 206 bj de dre maenden volden. ue weet  consideratte

2884 416 2160 202 en patientie ick gehadt hebbe ick magh ue segghen dat

2885 547 2126 196 oyt den intrest meer toegegeven wort als aen eenige

2884 647 2151 184 coopmanschaps te winnen is. ue weet dat ment sal. ue

2889 772 2099 201 huijsvrouwe de laeste reyse hier sijnde mij voor by

2891 903 2198 176 gegaen is en niet eenen sigver aen goet besteet en

2894 988 2093 168 heeft, dat het nu soo considerabelen tijdt geleden is

2879 1121 2104 167 dat ick haer gecrediteert hebbe ende soo veerde

2887 1223 2107 202 citiliteydt can verejsschen consideratte gehadt

2907 1359 2159 129 hebbe daerom bidde ick haer van herten my ten

2892 1448 2029 201 minsten iets op reseen te willen remitteeren

2901 1569 2209 186 an be haer ivercoemste daer ick haer can dienen

2858 1704 2079 176 dat ick myne goederen haer soo ewiel sal

2910 1785 2146 193 sver laeten  als jmandt int gaitts lands doen

2908 1932 2121 161 sal hier op sal miy verlaeten ende ue beyde

2898 2011 2116 197 van herten groetende ende wenschende het

2881 2136 1779 204 saligh hoogheijdt van sinren Blijve

2835 2231 2120 217 Rotterd. Jacques meyers Ad. 5 panir 1719

2887 2358 2113 237 be hntwoort sijne misd ve dato 26 mer ende

2884 2515 2251 186 aens conge gesonden van den brief die den procuren

2881 2619 2034 180 focquest en Brussel schrift die dato 3 deser

2877 2676 2246 190 dier de tor gepresenteerde requesie des credite

2895 2828 2075 152 in den rasedJan Briebant ten laste derven de

2893 2932 2149 184 wede scheppers hoedat het dfficte fiscael daer

2911 3032 2179 181 van inspeete genoemen hebbende geordonneert

2916 3128 2063 150 heft  aen partie soo dat ue

2917 3212 2176 195 epediteuren van alle penalnijdt gesalveert ijt

2916 3332 2185 178 en in recht aengende men worden ende pare

2954 3458 2038 113 en hoet antwoorden ende dat het et

2877 3515 2124 179 daermede  oootsgaet n staet te beginnen

2953 3646 812 122 tot sijn geven
