5052 3855
625 62 933 213 Rotterdam Jaques Meyens

1950 90 551 189 27 Juny 1720

714 216 2034 196 naer ue 20 court te hebben geschreven, soo hebbe ue procu

702 360 2047 148 ratie gaen naerge naersien ende bevonden dat sa niet

705 413 2036 201 gemachtight en ben daerby om pentiengen te ontfangen

718 534 2028 177 oock weete wel dat naer het verrechten vande trans act

707 675 2006 125 ue d hebbe geschriven de srocuratie me quame te ces

695 731 2036 153 seren Ick hebbe dan aen den voet van citto procura

671 807 2019 186 ratu doen stellen en uijttrecken copie van dien

690 919 2002 183 artical uyt ue missve de dato t court notarielijck

709 1015 1980 194 ende daer ondergestelt mijne quittantie soo als met

706 1120 2006 224 d'erven van schepper benover een decomen volgen

724 1232 2017 181 copie hier ingenoeten sij hebben beloeft heden neer

731 1329 2015 151 den post te sullen betaelen sal hien nevens het

668 1428 2084 156 gelt ditto doeumenten overlveren en ontfange

685 1543 2028 196 hebbende ue e voor de ƒ 4212: wis: in rekk cnede

725 1639 2020 206 teeren, waer af ue dan sal connen de sponeren als

746 1757 1947 206 ue sal believen het is wonder ue ed niet eens ce

733 1867 1974 174 heeft gelieven te adviseeren het op rechten vande

729 1974 2014 198 afsievantce comp a costy hedie het connen wesen

728 2092 2006 151 Ick soude daer secherlijck decl en genoemen hebben

931 2219 55 67 en

743 2192 1988 180 diese en hebbe het niet geweten als doen het te laet

725 2285 2012 182 was biy voor vallen soo bidde soo goet te wesen wat

746 2415 1992 106 en dafereere niets als ocasie om van penningen

736 2491 2002 149 te desponceren by mijn weete en valter in engel

719 2581 2042 214 lant niets meer te doen selfs ick tal partije van

744 2689 2011 206 daer thuys erygen soo de annuetyten geremboussert

754 2803 1990 170 worden want ick en willen ende suyt niet in schip

726 2899 1970 189 ven a nuel prix ende in dandere sonser qun

735 3007 1971 144 deel nemen om den eacessive gour men

735 3118 2021 185 seght dat amsterdam nu wel sal moeten volgen

722 3204 2001 202 om een assurantie comp teadmisteeren gelieft

727 3323 2024 167 mij eens ue gedachten te melden van dat we rck mijn

719 3410 2028 148 vrint aldaer aen wee eenen ingisloten ht de

727 3503 2006 211 laeten voor bj gaens van mijn fonds in de vane

736 3610 1839 179 van londen te vercoopen doen die 450 a 60

2845 77 2132 144 waeren niet genstaenden hij emple com

2842 108 2085 237 hidde te doen wat hij welden soo dat men present

2856 256 2146 183 veel chagrin ops moet echter ick estimere de banck

2848 339 1537 217 het soleste van elle de fonan blijve

4835 547 100 66 17d

2824 431 2114 260 de peoceatie van mejers op mijns gepartert in rotter

2814 564 2177 211 dam onder den notaris sommer van Bortel dato 10moy

2826 651 2132 201 die ongenelijck aen d'erve van schepper hebbe over

2835 729 2138 263 gelevert daer op gestelt mijne quitantie van het

2839 858 2038 210 eers te payement op de maniere alvolght

3623 967 1184 220 copge van de quittantie

2840 1061 2164 209 in gevolge de votrenstaende procuratie en eyt t

2860 1160 2137 206 crachten van de vorer gemelde missive soo betenne

2854 1277 2059 225 ick onderschreven bij desen ontfangen te hebben

2870 1308 2144 252 van : maria, Sr Michvel G: clisa berti ende clote

2876 1442 2132 224 lia de schepper Joannes Jacobus Landeren wijlen daer

2868 1555 2113 174 moeder af was marna therisia de honinek de soim

2869 1698 2107 162 me van 14212 wis voor en in voldoeninge vande

2871 1754 2021 225 25 preet voor het deel van mijnen voorschreven

2888 1876 2103 171 constituant toegeseght te betaelen st Jan nu laestge

2891 1965 2034 206 passeert by sechere transactie op 23 seber laert voor

2881 2067 2095 217 schenenen deser stadt gepasseert sieb ockers en bij de

2900 2190 2090 148 crediteuren geagreert den 30 der selve maent actu

2884 2318 1148 113 in antwerpen 27 luny 1720

2845 2424 1964 191 Amsterdam francisco Rousseau 279 wy 120

2917 2555 2087 98 ue aengenaemen ƒ20 - 21:2¼ iouk hebbe w el ontfangen gecondeert

2907 2661 2103 79 mijne ampele ordres ue gegeven en can ick niets been wat ue gemoot

2912 2692 2086 83 herft salcke tavorable occasie te mancheeren nu seght p messieve van

2927 2769 2030 113 20 wanneer de repen voorleden dijns dagh op 230 a 300 inde banck

2924 2839 2084 100 vaeren et Iak weete de bonne part die op 450 a ƒ60 sijn geweest

2931 2890 2073 108 ende datter contant soo reelijck in vercocht en gecot. tusschen luyden

2932 2977 2080 106 van suffisentie verders het verwondert mij te sien ue ed laesten dat 2

2924 3027 2081 139 hadde ick eens contant e disporneert et ue gelieve te weten dat ick niet

2918 3120 2073 131 alleen voor mij maer voor differenten vrinden van alhier maenighte

2936 3210 2017 94 procuratie hebbe op gesteltdie tot londen geene contredictie en

2941 3292 2065 101 hebben ontmoet ende dat de mijne onder ue  is in gebruycke

2949 3367 2060 105 yose ordre want het is naer een model van londen gesonden en

2943 3406 2059 114 in het engelsch gestelt om dat die in andere saeen moeten over

2924 3508 2025 87 overgeset worden ende dan n contradictie

2910 3551 2099 96 onderhevigh wesen dat ick ue recommanseerde die naer te ien

2918 3629 2060 85 war ujt eniteel seriepuck dat men somwijlen at can ach

2910 3680 2062 65 terlaeten ende ick dochte dat men a costy het engelsch beter ver

3701 3742 1314 48 t ooduite  die door een notans

2920 3746 165 63 1boon

3119 3747 523 61 dan he
