5175 3897
2883 663 1173 208 Padre Melyn merchant

1340 827 2694 136 know all men by these presents that t maria constantia

1332 915 2507 146 ef Antwerps in Brabant do hereby authorise and aptiointand s

3228 963 791 136 an Roppe ce

1349 1022 2631 159 these presents do nominate and aspoint mr. CPasse

2362 1112 244 81 en ther

2659 1112 256 141 ill

2840 1138 986 161 d my true and lanefull

1247 1158 336 129 Adwant

1393 1139 1204 206 of London merchants

1364 1234 2576 182 atforneyt  reeieve all such dividents interest moncy or

1339 1349 2551 213 profits as shall be directed from time to time by y governour a

1370 1453 2641 182 compa of merchants of great Brittan tradeing to y south seas and

1369 1569 2501 166 other parts of eAmeriea and for encourageing the fithery and

1347 1669 2571 216 for me and in my pame or otherwise tot give such discharges

1398 1782 2634 201 receipts or acquittances as shall be required and I do hereby buttely

1383 1882 2275 154 and confume all what my sad att brneyt

1357 2011 2417 152 shall do as ifI my self was present except the selling or

1360 2119 2574 135 disposeiny off my stock br any part. there of in witness where

1352 2207 2552 195 of I have here unto sett my hand In Antwerp this 2 day

1358 2326 1052 176 of Jnn: 1717 new still

1479 2408 393 157 musaale

1335 2435 1219 250 signes in the presence of
