5123 3892
674 96 2055 204 Ghendr Adriaen Du win Ady 8 xber 172

794 206 1927 229 en twisellenmes oft mijn blief dat 2 deser

777 340 1909 208 is ue wel geworsen en ben verwonderet

759 461 1983 189 geen antevoort te becoemen nochte oock e

715 573 2030 143 acceptaties die ue mij beloeft heeft te senden

684 688 2071 172 et ij ne laeste rijse hier sijnde in veerstien

740 781 2008 198 daechen gepasseert. het is nu drij n senden

734 894 1959 185 dat sulckx trdinceert ick soeke van sie

744 991 2000 192 werck een eijnde geaccepteert oft en geacep

676 1114 2069 179 =teert ick versoeke de assinnars is te hebben

752 1224 1468 146 en in atwaghtinge bljve mon

730 1323 968 172 met foorts gekaen

638 1389 2005 237 ghendt Adi het Jrird AAdj 7 eber1

727 1543 1911 170 hebbe ie op 2 deser geschriven het gene

710 1649 2022 175 contsrmere usteren hebbe mte van

710 1738 2035 193 Dr. Ceraerts ontfangen en ick lien dat secken

706 1859 1892 176 estaen als over dn maenden dese dan

709 1950 2000 174 alleen den ne de confirmeeren dat ue niet en

704 2052 1926 139 gelieve te mankeeren tegens sondagh op

688 2184 2022 122 de assignaties over te brengen hersi geaccep

717 2284 2002 165 teert oft ongeaccepteert mits dat in

729 2376 1980 178 saeghen hier niet geweest en is soo dencke

722 2481 2019 191 evau wel tegens sondagh sult overcoemen

681 2598 1927 187 anders gelieft ons die niet aen brief over te

717 2700 1964 178 lenden waer op miy verlaestenie blijve

712 2815 951 176 alls

582 2904 1003 212 Ghendt  de Savelaer

1701 2914 842 207 d 9nberor77

701 3029 2022 172 18 den instant tusschen & D 4 husen naesuullen

683 3159 1922 163 becoeme ue aengenaeme van gisteren met

686 3249 2043 171 een briefie op3 vrijlinck van ƒ900:- dat gealce

651 3343 2096 164 teert 17 A 6 dster 81 dato hem lat

685 3451 1977 204 geen brieven te nemen als sulcke precenies

705 3558 1930 174 te moeten gebruyken soone mij gheldtz heer

731 3704 1967 147 vrij linck ul een braef carels van frays sam te

2786 124 2027 221 en aen frage tansilie borgherlijck getrout

2792 220 2136 221 die raght sijne affairens wel te gaen en wieres

2816 344 1956 255 brieven hierter berte niet weete gewejger

2799 475 1969 204 wrden aen te nemen: blijve in haeste

2798 570 2168 290 Ghedt JB De Saedelaer Ady 8 abes 725

2816 699 2161 227 ue lengenaeme dato 16 deser fecoeme ick snde

2807 833 2166 202 uiddagh met een brefise t't sicht op mintights

2823 926 2205 222 en Londen van 11 £511-ont voe ue rekent

2823 1063 2061 185 in te trecken daer en sijn geen gevers present

2806 1139 2164 189 donssicht ende de wissel aen Mappes ansder den

2837 1253 2133 204 2 usoo tot £35:4 gedaen sal tegens saurdagh

2805 1351 2151 223 sien wat priys sal connen maeke dogh vreese

2844 1464 2048 191 niet meer als op dobbel usa sal comen

2855 1558 2169 210 becoemen noteere den brief ien lasse bij mij

2844 1668 2075 178 addres op gisteren gevallen naer groetenisse

2856 1828 436 184 blijve

2818 1861 2076 261 Ghendt Adriaes Du win Ady 19 xber11721

2798 2006 2077 202 achter volgens ue belofte aaddegisteren oft ten

2835 2116 2120 209 minsten heden van ue advies verwaght oock in

2859 2201 2166 198 contormiteyt van het schrijven van dh. Gerarts

2832 2359 2075 107 de geaccepteerde breves voor ƒ 45000- van

2864 2428 1868 170 de Casselkerye van fotrijck ten minsders

2859 2536 2044 167 veruyts hij mij ppssinet affismeerde soo als

2847 2632 2152 204 ue het oont hebbe  dat die maendagh lesmeden

2815 2747 2163 177 sonden geaccepteert e weest het  ick moet

2813 2858 2074 152 oordeelen de saeke in en selven shaet dats

2822 2974 2202 164 vverens te wesen daerom versoeke in

2847 3059 2177 138 deser mij de bewuste cassignaties alle over te senden

2829 3170 2102 134 ende daer aen niet te willen man quedre

2796 3253 2243 172 oft Dh:. Ceraerts ue ander  wilde pamadeen

2815 3376 2212 170 oft niet oft ick sal verobligeerst weten u

2796 3452 2230 143 recipisse smyt procuratie aeu t tegen

2797 3547 2212 181 sondagh assesenden om de selyde ofte voorderen

2802 3660 2003 138 dat ue adpr. Geraerts can commispiceeren

2806 3751 1723 72 atwaghtende het versochte blijve
