5211 3832
489 75 2191 120 anssy celluy dont nre famille a tirez le is grands

494 108 2096 206 advantagez au resgaurd du dernier ballot q sis

558 234 1973 202 £97:8:10 ddibt estre  £97:2:9 cause que

544 337 2159 201 rentrage 4 derniers pour les eolchester bayes et trois

518 469 2171 195 deniers pour les & wankins bay et fait 13 C: 2 en non

539 573 2166 224 pas ƒ12:3- je vous avorz ordonnée les achpier

539 708 2104 147 apres le reccu des dividents car ie neee avoir

551 818 2166 148 besoing et l'ettoit seulement pour faire bon

543 899 2159 195 enditte somme dot en mamisactures il ny

534 1009 2123 197 a pais rien a faire m a profiber ie suis mary

562 1075 2119 283 que vous en estel en distour ce quoy que c'est

518 1245 2171 231 petittes choses si vous avec occasion le tirer

510 1363 2138 213 p quelque etmis sort veu p caisse vous me

479 1461 2225 178 fera plaiser car cela a strare presentemet

520 1574 2092 211 a le fronvor a remettre javois ren coustrce

533 1694 2020 180 cesturdhuy un billiet de  £30 croiyant

533 1797 2175 209 vous le remettre et la parsonne d'en est

527 1910 2194 164 serve elle metme a la fin tellement quil

521 2027 2141 198 ma fallu avoir patience et vous pries a

517 2107 2144 238 le vouloir assigner 15 quelqanie vous

546 2221 2160 184 salue de sout mon  et suis en attendant

548 2370 1403 184 lhonneur de vre responce

412 2433 2242 248 Bruxelles Jacomo Rousseau Ady 13 xbre 1715

541 2557 2168 198 ea derniere a v9 fut le 10: du coutant avec mon

516 2719 2196 192 assigne en vre faveur sur les Jean Baeckmans

525 2831 2135 181 de ƒ 20: de change dont jiespere vous aurez receu

517 2928 2174 144 la valeur. incluse ie vous remette sur les: P de

1739 3052 111 65 21

492 3053 2137 179 Brogeer ƒ 400:- de change a joura de date estant

551 3158 2168 152 massaitte en vre faveur dont ie vous prie procurer

497 3286 2188 130 lacceptation en suitte le pagement qu son temps

521 3373 2132 192 Cedit lieur m'advisant quil en est content

540 3488 1533 172 vous mr'obligerez qui i suitr

3777 45 895 173 Ady 15 xbre 1718

2782 63 829 136 Mons J Bap. leBleux

2836 189 2144 131 pour responce a lhonneur de la vre 13 du courant

2871 250 1799 215 Jattendray remise a bon compte de ƒ200:-

2918 372 2101 203 croyez que nous sommes tres miserables et que ne

2887 502 2140 165 touvous gainer l'intress de nre argent l 9 a sipen

2881 587 2121 206 de debite picy que sonne la pas ven ainsy le vie

2903 705 1910 185 dhomme pous ne meritons pas le nom de

2885 809 2113 184 marchands car on est des tsepmainnes entreres

2897 924 2107 144 sans voir passonne. oultre les manufactures

2905 1026 2170 171 d'Angleterie sont fort moindres e cheres cause que

2881 1124 1888 187 ie m'en ay fort peu charge. vous ne vous

2880 1256 2146 169 connoisseriez plus aux flannelles de3 sarges

2884 1390 2111 120 et carisees comme ie vous ay bien livre pour

2867 1483 2127 148 moy ie n'en ay que des superfinnes cette Annes

2882 1586 2109 180 Cey  ƒ65:- lariesce bayes deventer de ƒ45

2872 1672 2165 180 a ƒ54 la piesce au redgaurd des carivees ils

2781 1787 2233 165 en a dedivers prix et diverles calisce & ƒ26

2771 1932 2254 163 : jusques a 30 blanche alors on coppels

2811 2018 2232 187 fraix de tienture que prix voules vous donc

2862 2108 2044 181 que ie vous marque 2Si vous en d'onhaiste

2855 2231 1545 197 commendez moy done qui sutt

2824 2310 2218 258 Ghendr 16 de saedelaer Ady 18 xber 1718

2880 2470 2092 207 het overval mijn huysvrouwe overcoemen

2848 2623 2213 125 die sedert sondager machts in doodis ttoot is heeft

2921 2715 2154 190 oorsaeke gegeven dat ue den ingesloeten brief voor

2903 2792 2182 198 ue Rekend geaquitteert st £100:10 a ƒ 335:, elaems

2929 2936 2167 170 £176:5:10 op aisteren niet en hebbe afgesonden

2916 3034 2142 204 ue gelieve mij daer voor te prediteeren die blijve

2887 3189 538 157 in haeste
