5159 3824
688 23 2088 204 gelieft ue die met den rissco soo als ick te aenveerden

539 113 2205 237 Ick sal ue van de selfve souder wiste voorsien

686 214 2035 202 hiers wenschende als mme vriseden reciprouelijck

690 330 2039 197 dienn te doen  ressecteere dan diter pieste

584 447 2194 181 doen en is oni met afgeven op Londoen advan=

661 534 2112 258 fagie te becoemen: k sal dun raken te wien

681 618 1943 261 van £1040: meet de eerste occasie heden

665 782 1866 208 Cureco  naer groetenisse blijve

1833 855 840 273 d 11 bber

572 923 1037 268 Ghend JB De saedelaer

701 1003 2009 221 ue aengenaeme dato 9 contant noldende maer

683 1131 2066 207 op 18 d. te sijn afgegaen en is mij maer echter heden

697 1248 2034 173 tussenen thien en elf hueren behandight waer

681 1342 1887 203 by dit toehoemt en can ick niet bedencken

645 1440 2054 198 daer by remitteert ue my oder ue e

678 1560 2075 243 3 ber 2d chnot  Ccob. de Comnck sber £266:3:4

660 1652 1923 206 brief 9 ditto o Sicht p Jacomo vernimmen 100

666 1735 2073 228 waer voerens het noodigh sal besorghen en £366:13:4

707 1863 1992 152 nota maeken van oier disshet brieven die ue

679 1961 2064 214 geaccepteert heeft brang addres voor het gene

639 2059 2064 189 ue pmynen dato 9 courant versocht hebbe ben

728 2211 2046 144 vere sondert oock geen saufactie oft antwoort

736 2263 1996 177 hebbe becoemen ick recommandeere ue let

688 2377 2078 199 van herten en ben het sellde niet verlangen

706 2479 2010 144 te gemoet siende sende seer wel ue een notars

714 2557 1962 192 noodigh oordeelde daer toe te emploseeren

729 2655 1895 218 het vis ins een en het selfde als alles in syne

722 2755 1877 217 behoorelycke forme geschiet en ick daer or

733 2878 1937 189 magh gerust weten: aenden voer dese heeft

742 2947 1867 245 ewitt van wissels soo heyen gedaen is

727 3092 1803 208 volgens ue versack blijve van herten

657 3159 2121 190 Amsterdam banco a ¼pretn avane voorde braen

1385 3271 1068 180 3½a4 prret schaede

690 3322 389 126 Courant

709 3371 1384 201 London 2usos ƒ35:8½ a3

2844 41 1919 199 London P. de Dorpere Ady 14 8 ber 1719

2879 137 2153 229 mijnen laesten is van 4 pass en niettegenstaende

2870 259 2179 230 mijne gedaene ristanties en hebbe van ue d. noch

2869 393 2088 150 antwoort nochte en sien effeet van het gene

2878 461 2089 191 souhaitteert dat vrij voor mij wat sensibel is

2884 592 2109 205 niet weetende wat dincken ider gouverneert

2889 693 2158 221 sijne affairens naer sijn best geraeden ick soche

2889 802 2156 181 die weerde hier te hebben. Ick hebbe daer facit

2908 929 2141 211 opgemaeckt en van gedisponeert ende dat heeft

2923 1040 2100 203 nu sedirts Juni laest getraincert dt weee

2916 1178 2096 189 dat mijne commisien present van weynigh

2929 1261 2075 220 belangh wesen eenter ue de goerheydt gehadt

2923 1387 2065 189 hebbende ue met die bagarelle te changeeren

2940 1491 2112 207 behoorde mijn intrest waergenoemen te hebben

2924 1610 2088 197 en mijn versoeck voldaen te hebben gelieft ue

2943 1757 2100 150 dan in antwoert deser geen eynde te maeken

2924 1844 2020 202 levert over en transporteert hetoene ue

2946 1953 2051 162 voor mij inde luytgce comp. tenonderen is

2946 2072 2039 215 hebbende aen messe John schoppens en

2946 2186 2138 200 Johs Edwards die castantelijck  mijne comme

2942 2314 1873 173 sullen volbrenghen on mij de weerc

2942 2396 2096 175 remitteeren  verwaght ue dan remise en

2942 2509 1992 204 reken oft wel de over lieveringe aen de

2918 2614 1914 200 metsrs voors blijve van herten

2833 2700 2231 214 London John schon John Edwards Ady 14 ber 1717

2882 2839 2059 211 faiutte van mert brught de connen negosiceren oft

2907 2945 2149 169 eenigh engioge doen is de reden ue de in soo lange

2916 3057 2017 161 niet en hebbe geschreven van de lotterge vant

2909 3141 2158 205 jaer 1710 hebbe 15 lotten oft blanck tiquets gehadt

2909 3241 1956 159 onder derL de Dortiere a costij niet we

2912 3348 2131 134 voordesen in wolle negotie veel hebbe gesaen

2904 3482 2184 121 dat sedert eenige laeren is coemen te cesteeren

2924 3546 2104 144 en vervolgens merneen mijne correspondennie

2948 3615 1982 146 afgetrocken is soo dat het schijt ditto neer
