5070 3850
617 106 2037 193 Ghendttb de Saedelaer Ady 15 gber 1720

702 248 1973 139 het verwondert sedert mijnen 2 courant

667 345 1801 201 geene van ue misswet hebbe becoemen

692 431 1972 229 ingesloetesn den brief men laste heden door

716 553 1947 216 mij voldaen van 1 £160 a ƒ234:10 vlaemey

698 676 1885 201 wisselgelde £278:13:4 waer voor mj

673 771 2030 236 gelieft te crediseeren. bidde mij te providieere

749 913 1915 191 voor den genen die op 19 deser mij sal

686 1017 1996 219 gepresenteert worden en soo blijve

586 1142 2027 270 Ghend JB. de Saedelaer Ady 16ber 1720

705 1295 1831 220 gisteren hebbe ue gesonden brief niet

647 1434 1945 177 s lasse van dtf £100:- aƒ134:10 vlaems

659 1527 1898 191 £238:13:4 heden morden beeveme ue

671 1670 1940 216 aengenaeme selve dato van gisteren

650 1764 2014 239 met remise op lornelis Pick dat

658 1874 1983 260 dato van £500:- en ord den middagh

666 2013 1913 230 eerst ue dato 14 courant met remise

628 2153 2043 212 dato 6 deser dato op mevrouw schoret

665 2253 1982 159 van £54 voor d'een en dander sal het

642 2382 1869 230 noodigh besorghen blijve n haestel

534 2503 2088 282 Ghendi J Bede SaedelaerAdy 19 gber 1720

638 2631 1745 204 mijnen laesten is 18 courant desen tdt

660 2778 1933 175 convert van den brief nien latte door mij voor

664 2869 1878 177 ue reken voldaen van 4 £ 1:a ½4:6

680 2983 1922 188 vlaems £258:15:- waer voor mij gelieft

618 3111 1260 172 te crediteeren die blijve

553 3191 2149 199 Brugghe procurator verhoesmeten Ady 21 gber 177

644 3321 2004 185 alsoo mijn broeder een cleynigh eyt tot Brugghe

659 3422 2013 193 noodigh heeft en het ue bere facrelier is thuys te

673 3528 1864 158 betaelen als het mij in Antwerpen te doen

685 3636 1977 118 tellen soo bidde ue mijn jaer crvise te betaelen

641 3719 1748 79 et mons. laettene van Resterghem

2819 98 2095 207 brengher deser die ue oock mijne quiitantie soet

2824 213 2163 177 overleveres. ue leev sal mij verobengeeredn die

2818 332 2142 178 ien van herten als aln den ey heere pries

2780 458 2169 261 Brussel Pauls de Broyeer Ady 22 gber 1720

2834 581 2071 217 ick ben verwondert dat volgens ue de lofen

2825 713 2132 209 het geaccepteerde briefken tot isse toe iet en

2835 824 2033 186 hebbe becoemen: ick bidde ue dan reden te

2826 942 2090 216 gebrughese ende het selfse in antwoort deser

2825 1068 1129 198 afresenden: blijve

2827 1088 2053 298 Rdte Jan Meges Megers Ady Sxber 1715

2841 1305 2095 225 ue weel aengenaeme 15 octoberen 15 pastot hebb

2841 1371 2135 234 te beaut woorden. met den eersten sendt ue de

2836 1545 2171 206 mij de notariall aete in faveur dessen wed. de

2843 1674 2165 203 schepper gepasseert die hun hebbe overgelevert

2861 1796 2160 206 ne weeden adviseerde ue mij voor syn eeke

2831 1923 2189 211 op mij hebben getrocken op 1a d' sicht in faveus

2843 2053 2177 216 Der jan veetange als ƒ3000 en 220 wisselgelde

2828 2153 2134 203 dde mij maer voorleden maendagh avons sijn

2796 2285 2100 217 gepresenteert ende ter presentae voldaen

2842 2420 2124 174 hebbe en ue d Rekert genebteert in e laerts

2864 2553 1993 205 wisselglde £300:- jevoor over ue

2820 2674 2124 212 conjonchire van tijdt en saeken van gelt

2829 2800 788 171 verant woorden

2775 2928 1252 188 Brussel Paulo de Broyeer

4044 2919 883 201 Adj 7 xber 1720

2808 3035 2194 203 op de maniere soo als ue mij handelt en betaemt

2808 3168 2189 117 niet nochte ick en hebbe dat van ue niet verwaght

2811 3270 2084 182 voor het genejch ue op rekene gevraeght hebbe

2823 3376 2138 116 heeft ue een maent versocht ick Ebbbee

2820 3479 2015 170 toegestaet ende een briefhen gesonde

2829 3544 2154 182 accept eeren, sedert ue noch geschreven mid deler

2829 3680 2168 138 wil heeft ue over geweest sonder mij deere cented
