<?xml version="1.0" encoding="UTF-8"?>
<alto xmlns:xsi="http://www.w3.org/2001/XMLSchema-instance"
      xmlns="http://www.loc.gov/standards/alto/ns-v4#"
      xmlns:page="http://schema.primaresearch.org/PAGE/gts/pagecontent/2013-07-15"
      xsi:schemaLocation="http://www.loc.gov/standards/alto/ns-v4# https://www.loc.gov/standards/alto/v4/alto.xsd">
   <Description>
      <MeasurementUnit>pixel</MeasurementUnit>
      <OCRProcessing ID="IdOcr">
         <ocrProcessingStep>
            <processingDateTime>2022-02-11T21:34:05.303+01:00</processingDateTime>
            <processingSoftware>
               <softwareCreator>READ COOP</softwareCreator>
               <softwareName>Transkribus</softwareName>
            </processingSoftware>
         </ocrProcessingStep>
      </OCRProcessing>
   </Description>
   <Layout>
      <Page ID="Page1" PHYSICAL_IMG_NR="1" HEIGHT="3837" WIDTH="5066">
         <TopMargin HEIGHT="0" WIDTH="5066" VPOS="0" HPOS="0"/>
         <LeftMargin HEIGHT="3837" WIDTH="0" VPOS="0" HPOS="0"/>
         <RightMargin HEIGHT="3837" WIDTH="0" VPOS="0" HPOS="5066"/>
         <BottomMargin HEIGHT="0" WIDTH="5066" VPOS="3837" HPOS="0"/>
         <PrintSpace HEIGHT="3837" WIDTH="5066" VPOS="0" HPOS="0">
            <TextBlock ID="region_1644326559097_10020"
                       HEIGHT="3784"
                       WIDTH="2151"
                       VPOS="52"
                       HPOS="462">
               <Shape>
                  <Polygon POINTS="462,52 2613,52 2613,3836 462,3836"/>
               </Shape>
               <TextLine ID="region_1644326559097_10020l1"
                         BASELINE="540,200 633,191 727,184 821,178 915,176 1009,174 1102,174 1196,176 1290,178 1384,180 1478,183 1571,186 1665,190 1759,192 1853,195 1947,196 2040,198 2134,196 2228,194 2322,191 2416,186"
                         HEIGHT="166"
                         WIDTH="1903"
                         VPOS="93"
                         HPOS="527">
                  <String ID="string_region_1644326559097_10020l1"
                          HEIGHT="166"
                          WIDTH="1903"
                          VPOS="93"
                          HPOS="527"
                          CONTENT="tot mij nen laste ende dat voor y prets"/>
               </TextLine>
               <TextLine ID="region_1644326559097_10020l2"
                         BASELINE="552,324 647,312 743,302 839,296 934,292 1030,290 1126,290 1221,291 1317,293 1413,296 1509,299 1604,302 1700,306 1796,308 1891,308 1987,308 2083,306 2178,303 2274,297 2370,288 2466,276"
                         HEIGHT="202"
                         WIDTH="1943"
                         VPOS="169"
                         HPOS="538">
                  <String ID="string_region_1644326559097_10020l2"
                          HEIGHT="202"
                          WIDTH="1943"
                          VPOS="169"
                          HPOS="538"
                          CONTENT="soo dat mij dunckt icn ue ed. niet spppalijck"/>
               </TextLine>
               <TextLine ID="region_1644326559097_10020l3"
                         BASELINE="582,446 677,435 773,426 868,418 964,412 1060,410 1155,407 1251,406 1346,406 1442,406 1538,406 1633,408 1729,410 1824,410 1920,410 2016,410 2111,410 2207,407 2302,403 2398,398 2494,390"
                         HEIGHT="193"
                         WIDTH="1941"
                         VPOS="305"
                         HPOS="567">
                  <String ID="string_region_1644326559097_10020l3"
                          HEIGHT="193"
                          WIDTH="1941"
                          VPOS="305"
                          HPOS="567"
                          CONTENT="hebbe gerepliceert my met geene clyne "/>
               </TextLine>
               <TextLine ID="region_1644326559097_10020l4"
                         BASELINE="572,572 667,559 762,548 857,538 953,531 1048,526 1143,523 1239,521 1334,520 1429,520 1525,521 1620,522 1715,524 1810,524 1906,526 2001,526 2096,526 2192,526 2287,524 2382,520 2478,516"
                         HEIGHT="206"
                         WIDTH="1935"
                         VPOS="420"
                         HPOS="557">
                  <String ID="string_region_1644326559097_10020l4"
                          HEIGHT="206"
                          WIDTH="1935"
                          VPOS="420"
                          HPOS="557"
                          CONTENT="bagatellen te belasten: mits ick wat sterck"/>
               </TextLine>
               <TextLine ID="region_1644326559097_10020l5"
                         BASELINE="588,694 686,676 785,662 883,651 982,643 1080,640 1179,638 1277,636 1376,638 1474,640 1573,642 1671,646 1770,648 1868,650 1967,650 2065,650 2164,647 2262,641 2361,634 2459,622 2558,606"
                         HEIGHT="224"
                         WIDTH="2000"
                         VPOS="550"
                         HPOS="572">
                  <String ID="string_region_1644326559097_10020l5"
                          HEIGHT="224"
                          WIDTH="2000"
                          VPOS="550"
                          HPOS="572"
                          CONTENT="geoccupeert ben en heeft ue sijne rrcken"/>
               </TextLine>
               <TextLine ID="region_1644326559097_10020l6"
                         BASELINE="556,806 652,790 749,776 846,764 943,758 1040,754 1137,750 1234,750 1331,750 1428,752 1525,755 1621,758 1718,761 1815,764 1912,766 2009,766 2106,765 2203,762 2300,758 2397,749 2494,738"
                         HEIGHT="153"
                         WIDTH="1966"
                         VPOS="681"
                         HPOS="541">
                  <String ID="string_region_1644326559097_10020l6"
                          HEIGHT="153"
                          WIDTH="1966"
                          VPOS="681"
                          HPOS="541"
                          CONTENT=" vuant niet dogh s al die senden soo "/>
               </TextLine>
               <TextLine ID="region_1644326559097_10020l7"
                         BASELINE="592,922 681,906 770,895 859,884 949,876 1038,872 1127,868 1217,866 1306,866 1395,866 1485,866 1574,868 1663,870 1752,871 1842,872 1931,874 2020,873 2110,872 2199,868 2288,864 2378,858"
                         HEIGHT="195"
                         WIDTH="1817"
                         VPOS="746"
                         HPOS="576">
                  <String ID="string_region_1644326559097_10020l7"
                          HEIGHT="195"
                          WIDTH="1817"
                          VPOS="746"
                          HPOS="576"
                          CONTENT="haest moogelijck. ingesloeten de drij"/>
               </TextLine>
               <TextLine ID="region_1644326559097_10020l8"
                         BASELINE="604,1030 699,1016 795,1005 891,995 987,988 1083,984 1179,982 1275,982 1371,982 1467,982 1563,984 1658,985 1754,986 1850,988 1946,988 2042,987 2138,985 2234,981 2330,976 2426,966 2522,956"
                         HEIGHT="210"
                         WIDTH="1948"
                         VPOS="866"
                         HPOS="589">
                  <String ID="string_region_1644326559097_10020l8"
                          HEIGHT="210"
                          WIDTH="1948"
                          VPOS="866"
                          HPOS="589"
                          CONTENT="brrekent hien lat heden door mij voor"/>
               </TextLine>
               <TextLine ID="region_1644326559097_10020l9"
                         BASELINE="612,1142 708,1128 805,1118 902,1111 999,1106 1096,1102 1193,1101 1290,1100 1387,1102 1484,1104 1581,1106 1677,1108 1774,1111 1871,1112 1968,1114 2065,1114 2162,1112 2259,1110 2356,1105 2453,1098 2550,1088"
                         HEIGHT="222"
                         WIDTH="1966"
                         VPOS="983"
                         HPOS="597">
                  <String ID="string_region_1644326559097_10020l9"
                          HEIGHT="222"
                          WIDTH="1966"
                          VPOS="983"
                          HPOS="597"
                          CONTENT="ul  reken voldaen als st £ 90 £55:- en"/>
               </TextLine>
               <TextLine ID="region_1644326559097_10020l10"
                         BASELINE="572,1280 668,1263 764,1250 860,1241 957,1233 1053,1230 1149,1228 1246,1228 1342,1230 1438,1232 1535,1236 1631,1240 1727,1242 1823,1245 1920,1246 2016,1246 2112,1244 2209,1240 2305,1231 2401,1222 2498,1206"
                         HEIGHT="212"
                         WIDTH="1954"
                         VPOS="1115"
                         HPOS="557">
                  <String ID="string_region_1644326559097_10020l10"
                          HEIGHT="212"
                          WIDTH="1954"
                          VPOS="1115"
                          HPOS="557"
                          CONTENT="£52:17:7 saemes a ƒ 197:17:7 a ƒ325:3"/>
               </TextLine>
               <TextLine ID="region_1644326559097_10020l11"
                         BASELINE="586,1372 680,1367 774,1362 868,1360 962,1358 1057,1358 1151,1356 1245,1358 1339,1358 1433,1358 1528,1358 1622,1360 1716,1360 1810,1358 1904,1358 1999,1354 2093,1351 2187,1346 2281,1340 2375,1333 2470,1322"
                         HEIGHT="182"
                         WIDTH="1911"
                         VPOS="1227"
                         HPOS="572">
                  <String ID="string_region_1644326559097_10020l11"
                          HEIGHT="182"
                          WIDTH="1911"
                          VPOS="1227"
                          HPOS="572"
                          CONTENT="vlaems £348:11:8 waer voor mej"/>
               </TextLine>
               <TextLine ID="region_1644326559097_10020l12"
                         BASELINE="592,1486 686,1479 780,1474 874,1470 969,1468 1063,1468 1157,1468 1252,1468 1346,1468 1440,1468 1535,1469 1629,1470 1723,1470 1817,1468 1912,1467 2006,1464 2100,1460 2195,1453 2289,1446 2383,1438 2478,1426"
                         HEIGHT="209"
                         WIDTH="1913"
                         VPOS="1333"
                         HPOS="578">
                  <String ID="string_region_1644326559097_10020l12"
                          HEIGHT="209"
                          WIDTH="1913"
                          VPOS="1333"
                          HPOS="578"
                          CONTENT="gelieft te crediteeren ende van den "/>
               </TextLine>
               <TextLine ID="region_1644326559097_10020l13"
                         BASELINE="584,1598 680,1591 777,1586 874,1582 971,1580 1068,1578 1165,1578 1262,1576 1359,1578 1456,1578 1553,1578 1649,1578 1746,1576 1843,1574 1940,1572 2037,1568 2134,1562 2231,1555 2328,1547 2425,1535 2522,1520"
                         HEIGHT="188"
                         WIDTH="1967"
                         VPOS="1422"
                         HPOS="570">
                  <String ID="string_region_1644326559097_10020l13"
                          HEIGHT="188"
                          WIDTH="1967"
                          VPOS="1422"
                          HPOS="570"
                          CONTENT="mede ingeleyden te accepteeren en mij"/>
               </TextLine>
               <TextLine ID="region_1644326559097_10020l14"
                         BASELINE="580,1716 677,1708 774,1704 871,1700 969,1696 1066,1694 1163,1692 1261,1692 1358,1690 1455,1690 1553,1690 1650,1690 1747,1689 1844,1688 1942,1686 2039,1684 2136,1680 2234,1676 2331,1671 2428,1663 2526,1656"
                         HEIGHT="223"
                         WIDTH="1975"
                         VPOS="1537"
                         HPOS="565">
                  <String ID="string_region_1644326559097_10020l14"
                          HEIGHT="223"
                          WIDTH="1975"
                          VPOS="1537"
                          HPOS="565"
                          CONTENT="te revogeeren: ue wenschende het "/>
               </TextLine>
               <TextLine ID="region_1644326559097_10020l15"
                         BASELINE="548,1844 632,1833 717,1825 802,1817 887,1812 972,1808 1056,1806 1141,1805 1226,1804 1311,1804 1396,1806 1480,1806 1565,1806 1650,1806 1735,1806 1820,1805 1904,1804 1989,1800 2074,1796 2159,1789 2244,1780"
                         HEIGHT="196"
                         WIDTH="1723"
                         VPOS="1689"
                         HPOS="534">
                  <String ID="string_region_1644326559097_10020l15"
                          HEIGHT="196"
                          WIDTH="1723"
                          VPOS="1689"
                          HPOS="534"
                          CONTENT="saligh hooghteydt soo blijve"/>
               </TextLine>
               <TextLine ID="region_1644326559097_10020l16"
                         BASELINE="1652,1932 1692,1932 1732,1930 1773,1927 1813,1925 1854,1922 1894,1920 1934,1917 1975,1914 2015,1912 2056,1908 2096,1905 2136,1901 2177,1898 2217,1894 2258,1889 2298,1885 2338,1880 2379,1874 2419,1870 2460,1864"
                         HEIGHT="213"
                         WIDTH="842"
                         VPOS="1800"
                         HPOS="1635">
                  <String ID="string_region_1644326559097_10020l16"
                          HEIGHT="213"
                          WIDTH="842"
                          VPOS="1800"
                          HPOS="1635"
                          CONTENT="Ady 28 xbre 1716"/>
               </TextLine>
               <TextLine ID="region_1644326559097_10020l17"
                         BASELINE="472,1958 513,1956 555,1952 596,1950 638,1946 680,1944 721,1942 763,1938 804,1937 846,1935 888,1932 929,1930 971,1928 1012,1928 1054,1926 1096,1924 1137,1924 1179,1924 1220,1924 1262,1924 1304,1924"
                         HEIGHT="184"
                         WIDTH="863"
                         VPOS="1807"
                         HPOS="455">
                  <String ID="string_region_1644326559097_10020l17"
                          HEIGHT="184"
                          WIDTH="863"
                          VPOS="1807"
                          HPOS="455"
                          CONTENT="London Dansel heys"/>
               </TextLine>
               <TextLine ID="region_1644326559097_10020l18"
                         BASELINE="552,2064 649,2056 746,2050 843,2045 940,2042 1038,2040 1135,2038 1232,2038 1329,2038 1426,2036 1524,2036 1621,2036 1718,2036 1815,2034 1912,2030 2010,2027 2107,2022 2204,2014 2301,2005 2398,1995 2496,1980"
                         HEIGHT="197"
                         WIDTH="1975"
                         VPOS="1897"
                         HPOS="537">
                  <String ID="string_region_1644326559097_10020l18"
                          HEIGHT="197"
                          WIDTH="1975"
                          VPOS="1897"
                          HPOS="537"
                          CONTENT="les trister evenements que nous avons veu en peive"/>
               </TextLine>
               <TextLine ID="region_1644326559097_10020l19"
                         BASELINE="578,2150 673,2148 769,2146 865,2144 960,2142 1056,2142 1152,2142 1247,2142 1343,2142 1439,2142 1535,2142 1630,2140 1726,2139 1822,2136 1917,2134 2013,2129 2109,2124 2204,2116 2300,2109 2396,2099 2492,2088"
                         HEIGHT="169"
                         WIDTH="1941"
                         VPOS="2010"
                         HPOS="564">
                  <String ID="string_region_1644326559097_10020l19"
                          HEIGHT="169"
                          WIDTH="1941"
                          VPOS="2010"
                          HPOS="564"
                          CONTENT="temps sont cause que je nay ressponcue a la vre"/>
               </TextLine>
               <TextLine ID="region_1644326559097_10020l20"
                         BASELINE="636,2258 730,2253 825,2250 920,2248 1015,2248 1110,2246 1205,2246 1300,2248 1395,2248 1490,2248 1585,2246 1679,2246 1774,2244 1869,2240 1964,2237 2059,2232 2154,2223 2249,2214 2344,2202 2439,2189 2534,2172"
                         HEIGHT="221"
                         WIDTH="1930"
                         VPOS="2088"
                         HPOS="619">
                  <String ID="string_region_1644326559097_10020l20"
                          HEIGHT="221"
                          WIDTH="1930"
                          VPOS="2088"
                          HPOS="619"
                          CONTENT=" suleut darnie et que ie nose rien entrepende"/>
               </TextLine>
               <TextLine ID="region_1644326559097_10020l21"
                         BASELINE="582,2256 612,2260"
                         HEIGHT="122"
                         WIDTH="74"
                         VPOS="2203"
                         HPOS="559">
                  <String ID="string_region_1644326559097_10020l21"
                          HEIGHT="122"
                          WIDTH="74"
                          VPOS="2203"
                          HPOS="559"
                          CONTENT=""/>
               </TextLine>
               <TextLine ID="region_1644326559097_10020l22"
                         BASELINE="564,2380 662,2371 760,2363 858,2358 956,2354 1054,2350 1152,2350 1250,2348 1348,2348 1446,2348 1545,2350 1643,2350 1741,2350 1839,2348 1937,2346 2035,2343 2133,2339 2231,2333 2329,2325 2427,2315 2526,2302"
                         HEIGHT="179"
                         WIDTH="1992"
                         VPOS="2236"
                         HPOS="549">
                  <String ID="string_region_1644326559097_10020l22"
                          HEIGHT="179"
                          WIDTH="1992"
                          VPOS="2236"
                          HPOS="549"
                          CONTENT="edtant pour le present marij que je n'ay profitie"/>
               </TextLine>
               <TextLine ID="region_1644326559097_10020l23"
                         BASELINE="584,2496 680,2481 776,2472 872,2464 969,2458 1065,2454 1161,2452 1258,2452 1354,2452 1450,2454 1547,2456 1643,2456 1739,2458 1835,2458 1932,2456 2028,2453 2124,2448 2221,2441 2317,2431 2413,2417 2510,2400"
                         HEIGHT="200"
                         WIDTH="1955"
                         VPOS="2342"
                         HPOS="568">
                  <String ID="string_region_1644326559097_10020l23"
                          HEIGHT="200"
                          WIDTH="1955"
                          VPOS="2342"
                          HPOS="568"
                          CONTENT="de loccasion en son temps. davoir venduemet "/>
               </TextLine>
               <TextLine ID="region_1644326559097_10020l24"
                         BASELINE="622,2578 716,2570 810,2565 904,2560 998,2556 1093,2554 1187,2554 1281,2554 1375,2554 1469,2554 1564,2556 1658,2556 1752,2556 1846,2554 1940,2554 2035,2550 2129,2546 2223,2540 2317,2532 2411,2522 2506,2510"
                         HEIGHT="148"
                         WIDTH="1912"
                         VPOS="2447"
                         HPOS="607">
                  <String ID="string_region_1644326559097_10020l24"
                          HEIGHT="148"
                          WIDTH="1912"
                          VPOS="2447"
                          HPOS="607"
                          CONTENT="aetions de la banque les quelles ie fiendray asteur "/>
               </TextLine>
               <TextLine ID="region_1644326559097_10020l25"
                         BASELINE="608,2680 696,2674 785,2669 873,2664 962,2662 1051,2660 1139,2658 1228,2658 1316,2656 1405,2656 1494,2656 1582,2656 1671,2655 1759,2654 1848,2652 1937,2650 2025,2648 2114,2644 2202,2639 2291,2632 2380,2624"
                         HEIGHT="174"
                         WIDTH="1801"
                         VPOS="2565"
                         HPOS="594">
                  <String ID="string_region_1644326559097_10020l25"
                          HEIGHT="174"
                          WIDTH="1801"
                          VPOS="2565"
                          HPOS="594"
                          CONTENT="pour en profiter les dividents dont aver reccu"/>
               </TextLine>
               <TextLine ID="region_1644326559097_10020l26"
                         BASELINE="578,2786 666,2779 754,2771 843,2766 931,2762 1020,2758 1108,2756 1196,2754 1285,2753 1373,2752 1462,2752 1550,2750 1638,2750 1727,2748 1815,2748 1904,2746 1992,2743 2080,2740 2169,2735 2257,2729 2346,2722"
                         HEIGHT="129"
                         WIDTH="1798"
                         VPOS="2655"
                         HPOS="562">
                  <String ID="string_region_1644326559097_10020l26"
                          HEIGHT="129"
                          WIDTH="1798"
                          VPOS="2655"
                          HPOS="562"
                          CONTENT="le dernfer eschen ft imichiet de cette Annes"/>
               </TextLine>
               <TextLine ID="region_1644326559097_10020l27"
                         BASELINE="602,2878 697,2874 792,2871 888,2868 983,2866 1079,2864 1174,2862 1269,2860 1365,2857 1460,2855 1556,2853 1651,2850 1746,2848 1842,2844 1937,2842 2033,2837 2128,2832 2223,2829 2319,2823 2414,2817 2510,2810"
                         HEIGHT="220"
                         WIDTH="1937"
                         VPOS="2675"
                         HPOS="587">
                  <String ID="string_region_1644326559097_10020l27"
                          HEIGHT="220"
                          WIDTH="1937"
                          VPOS="2675"
                          HPOS="587"
                          CONTENT="lequel ie vous prie me remettre avec ce qui jay"/>
               </TextLine>
               <TextLine ID="region_1644326559097_10020l28"
                         BASELINE="606,2994 698,2986 790,2980 882,2976 974,2971 1067,2967 1159,2964 1251,2962 1343,2958 1435,2956 1528,2955 1620,2952 1712,2950 1804,2948 1896,2945 1989,2942 2081,2938 2173,2932 2265,2928 2357,2922 2450,2914"
                         HEIGHT="216"
                         WIDTH="1871"
                         VPOS="2824"
                         HPOS="589">
                  <String ID="string_region_1644326559097_10020l28"
                          HEIGHT="216"
                          WIDTH="1871"
                          VPOS="2824"
                          HPOS="589"
                          CONTENT="loy a vos graces dauparavant en bon pape "/>
               </TextLine>
               <TextLine ID="region_1644326559097_10020l29"
                         BASELINE="594,3114 682,3102 770,3089 858,3080 946,3073 1034,3067 1122,3064 1210,3060 1298,3058 1386,3056 1475,3056 1563,3054 1651,3054 1739,3052 1827,3052 1915,3050 2003,3046 2091,3042 2179,3038 2267,3032 2356,3022"
                         HEIGHT="207"
                         WIDTH="1792"
                         VPOS="2950"
                         HPOS="577">
                  <String ID="string_region_1644326559097_10020l29"
                          HEIGHT="207"
                          WIDTH="1792"
                          VPOS="2950"
                          HPOS="577"
                          CONTENT="sil vous plaiste vous r'obligerez qui suis"/>
               </TextLine>
               <TextLine ID="region_1644326559097_10020l30"
                         BASELINE="612,3196 707,3186 803,3179 898,3173 994,3167 1089,3163 1185,3160 1280,3158 1376,3156 1471,3154 1567,3152 1662,3150 1758,3148 1853,3146 1949,3142 2044,3139 2140,3135 2235,3128 2331,3121 2426,3111 2522,3100"
                         HEIGHT="238"
                         WIDTH="1936"
                         VPOS="2992"
                         HPOS="597">
                  <String ID="string_region_1644326559097_10020l30"
                          HEIGHT="238"
                          WIDTH="1936"
                          VPOS="2992"
                          HPOS="597"
                          CONTENT="vous souhaittant lheurause nouvelle Arnez"/>
               </TextLine>
               <TextLine ID="region_1644326559097_10020l31"
                         BASELINE="472,3302 572,3294 673,3287 774,3283 875,3279 976,3276 1077,3274 1178,3272 1279,3272 1380,3270 1481,3270 1581,3270 1682,3270 1783,3268 1884,3268 1985,3266 2086,3264 2187,3260 2288,3257 2389,3251 2490,3244"
                         HEIGHT="190"
                         WIDTH="2047"
                         VPOS="3129"
                         HPOS="456">
                  <String ID="string_region_1644326559097_10020l31"
                          HEIGHT="190"
                          WIDTH="2047"
                          VPOS="3129"
                          HPOS="456"
                          CONTENT="Amsterdam Franco RousseauAdy 30 xber 1720"/>
               </TextLine>
               <TextLine ID="region_1644326559097_10020l32"
                         BASELINE="560,3396 656,3389 752,3383 848,3380 945,3376 1041,3374 1137,3372 1234,3372 1330,3372 1426,3372 1523,3372 1619,3372 1715,3372 1811,3372 1908,3372 2004,3372 2100,3372 2197,3370 2293,3368 2389,3366 2486,3362"
                         HEIGHT="156"
                         WIDTH="1954"
                         VPOS="3304"
                         HPOS="546">
                  <String ID="string_region_1644326559097_10020l32"
                          HEIGHT="156"
                          WIDTH="1954"
                          VPOS="3304"
                          HPOS="546"
                          CONTENT="faute van occasiedeere van ue laeste islive"/>
               </TextLine>
               <TextLine ID="region_1644326559097_10020l33"
                         BASELINE="534,3494 637,3488 740,3485 843,3481 946,3478 1050,3476 1153,3474 1256,3472 1359,3472 1462,3472 1566,3472 1669,3474 1772,3474 1875,3476 1978,3476 2082,3478 2185,3480 2288,3482 2391,3482 2494,3484 2598,3486"
                         HEIGHT="135"
                         WIDTH="2092"
                         VPOS="3383"
                         HPOS="520">
                  <String ID="string_region_1644326559097_10020l33"
                          HEIGHT="135"
                          WIDTH="2092"
                          VPOS="3383"
                          HPOS="520"
                          CONTENT="dato 6 sber niet beantwoort ue . reftecteerde "/>
               </TextLine>
               <TextLine ID="region_1644326559097_10020l34"
                         BASELINE="604,3604 698,3595 793,3589 887,3584 982,3582 1077,3580 1171,3578 1266,3578 1360,3578 1455,3580 1550,3580 1644,3582 1739,3584 1833,3584 1928,3586 2023,3588 2117,3588 2212,3588 2306,3586 2401,3584 2496,3582"
                         HEIGHT="150"
                         WIDTH="1918"
                         VPOS="3472"
                         HPOS="591">
                  <String ID="string_region_1644326559097_10020l34"
                          HEIGHT="150"
                          WIDTH="1918"
                          VPOS="3472"
                          HPOS="591"
                          CONTENT="bij de selve seer wel dat het spel van de aette"/>
               </TextLine>
               <TextLine ID="region_1644326559097_10020l35"
                         BASELINE="624,3698 715,3691 807,3684 899,3680 991,3678 1083,3676 1175,3674 1267,3675 1359,3676 1451,3676 1543,3678 1634,3680 1726,3682 1818,3684 1910,3686 2002,3686 2094,3688 2186,3686 2278,3686 2370,3684 2462,3680"
                         HEIGHT="143"
                         WIDTH="1866"
                         VPOS="3577"
                         HPOS="611">
                  <String ID="string_region_1644326559097_10020l35"
                          HEIGHT="143"
                          WIDTH="1866"
                          VPOS="3577"
                          HPOS="611"
                          CONTENT="Rauiel ten eynde liers die is tatuel genvert "/>
               </TextLine>
               <TextLine ID="region_1644326559097_10020l36"
                         BASELINE="596,3784 690,3778 785,3774 880,3770 975,3768 1070,3768 1165,3768 1260,3768 1355,3770 1450,3771 1545,3772 1639,3774 1734,3776 1829,3778 1924,3778 2019,3778 2114,3778 2209,3778 2304,3776 2399,3772 2494,3768"
                         HEIGHT="101"
                         WIDTH="1926"
                         VPOS="3686"
                         HPOS="582">
                  <String ID="string_region_1644326559097_10020l36"
                          HEIGHT="101"
                          WIDTH="1926"
                          VPOS="3686"
                          HPOS="582"
                          CONTENT="uijtgevallen voor Ganp europg het maeste dat"/>
               </TextLine>
            </TextBlock>
            <TextBlock ID="region_1644326562065_10023"
                       HEIGHT="3725"
                       WIDTH="2277"
                       VPOS="111"
                       HPOS="2720">
               <Shape>
                  <Polygon POINTS="2720,111 4997,111 4997,3836 2720,3836"/>
               </Shape>
               <TextLine ID="region_1644326562065_10023l1"
                         BASELINE="2746,246 2851,236 2957,228 3062,221 3168,215 3274,210 3379,208 3485,204 3590,202 3696,202 3802,200 3907,198 4013,198 4118,195 4224,194 4330,190 4435,186 4541,181 4646,176 4752,167 4858,160"
                         HEIGHT="224"
                         WIDTH="2143"
                         VPOS="86"
                         HPOS="2730">
                  <String ID="string_region_1644326562065_10023l1"
                          HEIGHT="224"
                          WIDTH="2143"
                          VPOS="86"
                          HPOS="2730"
                          CONTENT="ugiy te beclaeghen hebbe is, dat voor de suyt ie te"/>
               </TextLine>
               <TextLine ID="region_1644326562065_10023l2"
                         BASELINE="2766,354 2873,346 2980,340 3088,336 3195,330 3303,327 3410,324 3517,322 3625,320 3732,318 3840,316 3947,314 4054,312 4162,309 4269,306 4377,302 4484,298 4591,292 4699,286 4806,278 4914,268"
                         HEIGHT="175"
                         WIDTH="2176"
                         VPOS="206"
                         HPOS="2750">
                  <String ID="string_region_1644326562065_10023l2"
                          HEIGHT="175"
                          WIDTH="2176"
                          VPOS="206"
                          HPOS="2750"
                          CONTENT="oegh een uytgeschijden en voor mijn restanti en "/>
               </TextLine>
               <TextLine ID="region_1644326562065_10023l3"
                         BASELINE="2770,476 2878,464 2986,454 3094,446 3202,439 3310,434 3418,430 3526,427 3634,424 3742,424 3850,422 3958,420 4066,420 4174,418 4282,416 4390,414 4498,410 4606,406 4714,400 4822,392 4930,382"
                         HEIGHT="205"
                         WIDTH="2193"
                         VPOS="299"
                         HPOS="2754">
                  <String ID="string_region_1644326562065_10023l3"
                          HEIGHT="205"
                          WIDTH="2193"
                          VPOS="299"
                          HPOS="2754"
                          CONTENT="inde banque niet van de occasie hebbe gete"/>
               </TextLine>
               <TextLine ID="region_1644326562065_10023l4"
                         BASELINE="2730,588 2837,576 2945,567 3052,561 3160,555 3268,551 3375,548 3483,546 3590,544 3698,542 3806,540 3913,538 4021,538 4128,536 4236,532 4344,528 4451,524 4559,517 4666,510 4774,500 4882,490"
                         HEIGHT="222"
                         WIDTH="2184"
                         VPOS="401"
                         HPOS="2714">
                  <String ID="string_region_1644326562065_10023l4"
                          HEIGHT="222"
                          WIDTH="2184"
                          VPOS="401"
                          HPOS="2714"
                          CONTENT="ofsteert echter het soulageert mij dat hodt my"/>
               </TextLine>
               <TextLine ID="region_1644326562065_10023l5"
                         BASELINE="2774,710 2874,699 2975,687 3075,679 3176,674 3277,668 3377,666 3478,662 3578,660 3679,660 3780,660 3880,658 3981,658 4081,656 4182,654 4283,650 4383,646 4484,641 4584,635 4685,625 4786,614"
                         HEIGHT="235"
                         WIDTH="2040"
                         VPOS="510"
                         HPOS="2760">
                  <String ID="string_region_1644326562065_10023l5"
                          HEIGHT="235"
                          WIDTH="2040"
                          VPOS="510"
                          HPOS="2760"
                          CONTENT="lheeft gelieven te preserveeren tot alsous voor"/>
               </TextLine>
               <TextLine ID="region_1644326562065_10023l6"
                         BASELINE="2796,838 2900,822 3005,810 3110,801 3214,794 3319,788 3424,784 3528,780 3633,778 3738,776 3843,776 3947,774 4052,774 4157,772 4261,770 4366,766 4471,762 4575,754 4680,747 4785,736 4890,722"
                         HEIGHT="221"
                         WIDTH="2123"
                         VPOS="637"
                         HPOS="2780">
                  <String ID="string_region_1644326562065_10023l6"
                          HEIGHT="221"
                          WIDTH="2123"
                          VPOS="637"
                          HPOS="2780"
                          CONTENT="schaede oft bangueroeten vertrouwende moy"/>
               </TextLine>
               <TextLine ID="region_1644326562065_10023l7"
                         BASELINE="2776,956 2880,942 2985,932 3090,922 3194,915 3299,909 3404,904 3508,900 3613,898 3718,896 3823,894 3927,894 4032,893 4137,892 4241,892 4346,890 4451,887 4555,884 4660,880 4765,874 4870,866"
                         HEIGHT="254"
                         WIDTH="2121"
                         VPOS="726"
                         HPOS="2759">
                  <String ID="string_region_1644326562065_10023l7"
                          HEIGHT="254"
                          WIDTH="2121"
                          VPOS="726"
                          HPOS="2759"
                          CONTENT="op sijne genaede voor het tochoemende hebbe"/>
               </TextLine>
               <TextLine ID="region_1644326562065_10023l8"
                         BASELINE="2778,1080 2879,1063 2981,1047 3083,1036 3184,1028 3286,1020 3388,1016 3489,1012 3591,1010 3693,1010 3795,1010 3896,1010 3998,1010 4100,1010 4201,1010 4303,1010 4405,1007 4506,1003 4608,998 4710,991 4812,980"
                         HEIGHT="251"
                         WIDTH="2066"
                         VPOS="896"
                         HPOS="2761">
                  <String ID="string_region_1644326562065_10023l8"
                          HEIGHT="251"
                          WIDTH="2066"
                          VPOS="896"
                          HPOS="2761"
                          CONTENT="ick geen deel in de exceslive winsten gehadt "/>
               </TextLine>
               <TextLine ID="region_1644326562065_10023l9"
                         BASELINE="2784,1196 2892,1178 3001,1163 3110,1153 3219,1143 3328,1136 3437,1132 3546,1128 3655,1126 3764,1124 3873,1124 3981,1122 4090,1122 4199,1122 4308,1121 4417,1119 4526,1116 4635,1112 4744,1104 4853,1096 4962,1086"
                         HEIGHT="231"
                         WIDTH="2208"
                         VPOS="1011"
                         HPOS="2770">
                  <String ID="string_region_1644326562065_10023l9"
                          HEIGHT="231"
                          WIDTH="2208"
                          VPOS="1011"
                          HPOS="2770"
                          CONTENT="ui ct hebbe geen de plaisir gerescopreert van "/>
               </TextLine>
               <TextLine ID="region_1644326562065_10023l10"
                         BASELINE="2782,1296 2891,1286 3000,1276 3109,1269 3218,1261 3327,1256 3436,1252 3545,1247 3654,1244 3763,1242 3872,1240 3981,1237 4090,1235 4199,1233 4308,1230 4417,1228 4526,1224 4635,1221 4744,1216 4853,1212 4962,1204"
                         HEIGHT="188"
                         WIDTH="2209"
                         VPOS="1117"
                         HPOS="2767">
                  <String ID="string_region_1644326562065_10023l10"
                          HEIGHT="188"
                          WIDTH="2209"
                          VPOS="1117"
                          HPOS="2767"
                          CONTENT="verliesen want ick onder sinde dat de engagen"/>
               </TextLine>
               <TextLine ID="region_1644326562065_10023l11"
                         BASELINE="2774,1416 2878,1402 2982,1391 3087,1382 3191,1374 3296,1367 3400,1362 3504,1358 3609,1356 3713,1354 3818,1352 3922,1350 4026,1350 4131,1348 4235,1348 4340,1344 4444,1342 4548,1338 4653,1334 4757,1328 4862,1320"
                         HEIGHT="221"
                         WIDTH="2113"
                         VPOS="1235"
                         HPOS="2760">
                  <String ID="string_region_1644326562065_10023l11"
                          HEIGHT="221"
                          WIDTH="2113"
                          VPOS="1235"
                          HPOS="2760"
                          CONTENT="meyten altootpernicieuse surtes hebben"/>
               </TextLine>
               <TextLine ID="region_1644326562065_10023l12"
                         BASELINE="2808,1516 2907,1507 3007,1498 3106,1491 3206,1486 3306,1482 3405,1478 3505,1476 3604,1474 3704,1472 3804,1471 3903,1470 4003,1468 4102,1466 4202,1464 4302,1460 4401,1456 4501,1451 4600,1445 4700,1437 4800,1428"
                         HEIGHT="204"
                         WIDTH="2020"
                         VPOS="1333"
                         HPOS="2791">
                  <String ID="string_region_1644326562065_10023l12"
                          HEIGHT="204"
                          WIDTH="2020"
                          VPOS="1333"
                          HPOS="2791"
                          CONTENT="en aen hanbel inn ten eynde weesende "/>
               </TextLine>
               <TextLine ID="region_1644326562065_10023l13"
                         BASELINE="2792,1630 2897,1619 3002,1610 3107,1604 3212,1598 3318,1594 3423,1591 3528,1588 3633,1586 3738,1586 3844,1584 3949,1582 4054,1580 4159,1578 4264,1574 4370,1569 4475,1562 4580,1554 4685,1544 4790,1532 4896,1516"
                         HEIGHT="193"
                         WIDTH="2131"
                         VPOS="1471"
                         HPOS="2777">
                  <String ID="string_region_1644326562065_10023l13"
                          HEIGHT="193"
                          WIDTH="2131"
                          VPOS="1471"
                          HPOS="2777"
                          CONTENT="en geen beeser middeel weetende als mijn"/>
               </TextLine>
               <TextLine ID="region_1644326562065_10023l14"
                         BASELINE="2786,1748 2885,1738 2984,1728 3084,1722 3183,1716 3283,1712 3382,1708 3481,1706 3581,1704 3680,1702 3780,1701 3879,1700 3978,1698 4078,1695 4177,1692 4277,1687 4376,1681 4475,1674 4575,1665 4674,1654 4774,1640"
                         HEIGHT="231"
                         WIDTH="2020"
                         VPOS="1565"
                         HPOS="2770">
                  <String ID="string_region_1644326562065_10023l14"
                          HEIGHT="231"
                          WIDTH="2020"
                          VPOS="1565"
                          HPOS="2770"
                          CONTENT="restantien inde banque te behouden soo"/>
               </TextLine>
               <TextLine ID="region_1644326562065_10023l15"
                         BASELINE="2806,1856 2914,1850 3023,1846 3131,1840 3240,1836 3349,1833 3457,1830 3566,1828 3674,1824 3783,1822 3892,1820 4000,1816 4109,1814 4217,1810 4326,1806 4435,1802 4543,1797 4652,1791 4760,1783 4869,1776 4978,1766"
                         HEIGHT="214"
                         WIDTH="2205"
                         VPOS="1669"
                         HPOS="2790">
                  <String ID="string_region_1644326562065_10023l15"
                          HEIGHT="214"
                          WIDTH="2205"
                          VPOS="1669"
                          HPOS="2790"
                          CONTENT="versoeke myne procuratie onder ue berustende "/>
               </TextLine>
               <TextLine ID="region_1644326562065_10023l16"
                         BASELINE="2850,1976 2954,1968 3059,1961 3164,1956 3269,1951 3374,1946 3478,1943 3583,1940 3688,1938 3793,1936 3898,1933 4002,1932 4107,1929 4212,1926 4317,1923 4422,1920 4526,1914 4631,1909 4736,1902 4841,1894 4946,1884"
                         HEIGHT="206"
                         WIDTH="2127"
                         VPOS="1793"
                         HPOS="2834">
                  <String ID="string_region_1644326562065_10023l16"
                          HEIGHT="206"
                          WIDTH="2127"
                          VPOS="1793"
                          HPOS="2834"
                          CONTENT="mu wedertes senden coemende danss. desen"/>
               </TextLine>
               <TextLine ID="region_1644326562065_10023l17"
                         BASELINE="2838,2088 2940,2081 3042,2074 3145,2070 3247,2066 3350,2063 3452,2060 3554,2058 3657,2056 3759,2056 3862,2054 3964,2052 4066,2050 4169,2050 4271,2048 4374,2046 4476,2042 4578,2040 4681,2036 4783,2031 4886,2026"
                         HEIGHT="267"
                         WIDTH="2077"
                         VPOS="1895"
                         HPOS="2823">
                  <String ID="string_region_1644326562065_10023l17"
                          HEIGHT="267"
                          WIDTH="2077"
                          VPOS="1895"
                          HPOS="2823"
                          CONTENT="mijne gegevene ordres p voorgaende te"/>
               </TextLine>
               <TextLine ID="region_1644326562065_10023l18"
                         BASELINE="2870,2210 2966,2201 3062,2195 3159,2190 3255,2187 3352,2183 3448,2180 3544,2179 3641,2178 3737,2176 3834,2176 3930,2174 4026,2172 4123,2172 4219,2170 4316,2166 4412,2163 4508,2158 4605,2152 4701,2146 4798,2136"
                         HEIGHT="185"
                         WIDTH="1960"
                         VPOS="2052"
                         HPOS="2852">
                  <String ID="string_region_1644326562065_10023l18"
                          HEIGHT="185"
                          WIDTH="1960"
                          VPOS="2052"
                          HPOS="2852"
                          CONTENT="cesteeren herbaer 1726 magh voor veele"/>
               </TextLine>
               <TextLine ID="region_1644326562065_10023l19"
                         BASELINE="2846,2324 2946,2316 3047,2310 3147,2304 3248,2300 3349,2297 3449,2295 3550,2292 3650,2292 3751,2290 3852,2289 3952,2288 4053,2286 4153,2286 4254,2284 4355,2282 4455,2278 4556,2275 4656,2270 4757,2265 4858,2258"
                         HEIGHT="232"
                         WIDTH="2042"
                         VPOS="2161"
                         HPOS="2830">
                  <String ID="string_region_1644326562065_10023l19"
                          HEIGHT="232"
                          WIDTH="2042"
                          VPOS="2161"
                          HPOS="2830"
                          CONTENT="Jasal gerekent worden Godt verleene "/>
               </TextLine>
               <TextLine ID="region_1644326562065_10023l20"
                         BASELINE="2814,2434 2919,2428 3025,2422 3131,2418 3237,2414 3343,2412 3448,2409 3554,2406 3660,2404 3766,2402 3872,2401 3977,2400 4083,2398 4189,2396 4295,2394 4401,2391 4506,2388 4612,2386 4718,2380 4824,2377 4930,2370"
                         HEIGHT="165"
                         WIDTH="2146"
                         VPOS="2299"
                         HPOS="2797">
                  <String ID="string_region_1644326562065_10023l20"
                          HEIGHT="165"
                          WIDTH="2146"
                          VPOS="2299"
                          HPOS="2797"
                          CONTENT="het aenstaende faverabelder dat ue d van"/>
               </TextLine>
               <TextLine ID="region_1644326562065_10023l21"
                         BASELINE="2834,2536 2934,2534 3034,2534 3134,2532 3234,2532 3335,2530 3435,2530 3535,2528 3635,2528 3735,2526 3836,2524 3936,2523 4036,2520 4136,2518 4236,2514 4337,2510 4437,2506 4537,2500 4637,2494 4737,2486 4838,2478"
                         HEIGHT="188"
                         WIDTH="2035"
                         VPOS="2402"
                         HPOS="2818">
                  <String ID="string_region_1644326562065_10023l21"
                          HEIGHT="188"
                          WIDTH="2035"
                          VPOS="2402"
                          HPOS="2818"
                          CONTENT="herten wensche het veele volgende tot "/>
               </TextLine>
               <TextLine ID="region_1644326562065_10023l22"
                         BASELINE="2812,2644 2913,2640 3014,2638 3115,2636 3216,2636 3317,2636 3418,2636 3519,2636 3620,2636 3721,2636 3823,2636 3924,2636 4025,2636 4126,2634 4227,2632 4328,2628 4429,2623 4530,2618 4631,2612 4732,2602 4834,2590"
                         HEIGHT="193"
                         WIDTH="2051"
                         VPOS="2512"
                         HPOS="2798">
                  <String ID="string_region_1644326562065_10023l22"
                          HEIGHT="193"
                          WIDTH="2051"
                          VPOS="2512"
                          HPOS="2798"
                          CONTENT="contentement en salighdiet ende datter"/>
               </TextLine>
               <TextLine ID="region_1644326562065_10023l23"
                         BASELINE="2826,2754 2928,2752 3030,2750 3132,2748 3234,2746 3337,2746 3439,2744 3541,2744 3643,2744 3745,2744 3848,2742 3950,2742 4052,2740 4154,2740 4256,2736 4359,2733 4461,2730 4563,2724 4665,2719 4767,2710 4870,2702"
                         HEIGHT="190"
                         WIDTH="2071"
                         VPOS="2617"
                         HPOS="2812">
                  <String ID="string_region_1644326562065_10023l23"
                          HEIGHT="190"
                          WIDTH="2071"
                          VPOS="2617"
                          HPOS="2812"
                          CONTENT="eens occasie magh voorvallen dat wij tot "/>
               </TextLine>
               <TextLine ID="region_1644326562065_10023l24"
                         BASELINE="2830,2868 2936,2864 3042,2860 3148,2858 3254,2855 3360,2854 3466,2852 3572,2850 3678,2850 3784,2848 3890,2847 3996,2846 4102,2844 4208,2844 4314,2840 4420,2838 4526,2835 4632,2832 4738,2826 4844,2822 4950,2816"
                         HEIGHT="180"
                         WIDTH="2151"
                         VPOS="2707"
                         HPOS="2814">
                  <String ID="string_region_1644326562065_10023l24"
                          HEIGHT="180"
                          WIDTH="2151"
                          VPOS="2707"
                          HPOS="2814"
                          CONTENT="weder se is advantans onne corres prndenre "/>
               </TextLine>
               <TextLine ID="region_1644326562065_10023l25"
                         BASELINE="2818,2978 2917,2973 3016,2969 3116,2965 3215,2962 3315,2960 3414,2959 3513,2958 3613,2958 3712,2958 3812,2958 3911,2958 4010,2958 4110,2956 4209,2956 4309,2954 4408,2952 4507,2948 4607,2944 4706,2938 4806,2932"
                         HEIGHT="191"
                         WIDTH="2016"
                         VPOS="2834"
                         HPOS="2805">
                  <String ID="string_region_1644326562065_10023l25"
                          HEIGHT="191"
                          WIDTH="2016"
                          VPOS="2834"
                          HPOS="2805"
                          CONTENT="moonen doen erleven middellertwijl soo"/>
               </TextLine>
               <TextLine ID="region_1644326562065_10023l26"
                         BASELINE="2814,3102 2839,3096 2864,3093 2889,3088 2915,3085 2940,3083 2965,3080 2990,3079 3016,3077 3041,3076 3066,3076 3091,3076 3117,3074 3142,3074 3167,3074 3192,3074 3218,3074 3243,3074 3268,3074 3294,3074"
                         HEIGHT="165"
                         WIDTH="512"
                         VPOS="2974"
                         HPOS="2799">
                  <String ID="string_region_1644326562065_10023l26"
                          HEIGHT="165"
                          WIDTH="512"
                          VPOS="2974"
                          HPOS="2799"
                          CONTENT="P"/>
               </TextLine>
               <TextLine ID="region_1644326562065_10023l27"
                         BASELINE="4076,3148 4119,3144 4162,3142 4205,3140 4248,3138 4292,3136 4335,3136 4378,3136 4421,3134 4464,3134 4508,3134 4551,3132 4594,3132 4637,3132 4680,3130 4724,3130 4767,3128 4810,3126 4853,3124 4896,3122 4940,3120"
                         HEIGHT="239"
                         WIDTH="896"
                         VPOS="2983"
                         HPOS="4058">
                  <String ID="string_region_1644326562065_10023l27"
                          HEIGHT="239"
                          WIDTH="896"
                          VPOS="2983"
                          HPOS="4058"
                          CONTENT="aAdij 31 xber1720"/>
               </TextLine>
               <TextLine ID="region_1644326562065_10023l28"
                         BASELINE="2790,3198 2837,3196 2885,3191 2933,3188 2981,3183 3029,3179 3076,3176 3124,3174 3172,3171 3220,3166 3268,3164 3315,3161 3363,3160 3411,3157 3459,3156 3507,3154 3554,3154 3602,3154 3650,3154 3698,3156 3746,3158"
                         HEIGHT="209"
                         WIDTH="987"
                         VPOS="3048"
                         HPOS="2773">
                  <String ID="string_region_1644326562065_10023l28"
                          HEIGHT="209"
                          WIDTH="987"
                          VPOS="3048"
                          HPOS="2773"
                          CONTENT="Ghendt JBd Saedelaer"/>
               </TextLine>
               <TextLine ID="region_1644326562065_10023l29"
                         BASELINE="2782,3280 2892,3274 3002,3272 3112,3268 3222,3266 3333,3264 3443,3262 3553,3262 3663,3260 3773,3260 3884,3260 3994,3260 4104,3260 4214,3260 4324,3260 4435,3260 4545,3260 4655,3260 4765,3260 4875,3260 4986,3258"
                         HEIGHT="186"
                         WIDTH="2232"
                         VPOS="3135"
                         HPOS="2768">
                  <String ID="string_region_1644326562065_10023l29"
                          HEIGHT="186"
                          WIDTH="2232"
                          VPOS="3135"
                          HPOS="2768"
                          CONTENT="met ue aengenaeme dat 29 deser becoeme het briefse"/>
               </TextLine>
               <TextLine ID="region_1644326562065_10023l30"
                         BASELINE="2792,3372 2901,3370 3011,3368 3121,3366 3230,3364 3340,3362 3450,3361 3559,3360 3669,3360 3779,3358 3889,3358 3998,3358 4108,3358 4218,3358 4327,3358 4437,3360 4547,3360 4656,3360 4766,3360 4876,3362 4986,3362"
                         HEIGHT="108"
                         WIDTH="2222"
                         VPOS="3294"
                         HPOS="2777">
                  <String ID="string_region_1644326562065_10023l30"
                          HEIGHT="108"
                          WIDTH="2222"
                          VPOS="3294"
                          HPOS="2777"
                          CONTENT="sijen laste door ue geaccepteert en sich ue evreden "/>
               </TextLine>
               <TextLine ID="region_1644326562065_10023l31"
                         BASELINE="2802,3462 2909,3460 3017,3460 3125,3460 3232,3460 3340,3460 3448,3458 3555,3458 3663,3458 3771,3458 3879,3456 3986,3456 4094,3456 4202,3455 4309,3454 4417,3454 4525,3454 4632,3452 4740,3452 4848,3452 4956,3452"
                         HEIGHT="157"
                         WIDTH="2180"
                         VPOS="3355"
                         HPOS="2789">
                  <String ID="string_region_1644326562065_10023l31"
                          HEIGHT="157"
                          WIDTH="2180"
                          VPOS="3355"
                          HPOS="2789"
                          CONTENT="is ick ue voor a prete provisie belast c op die voet"/>
               </TextLine>
               <TextLine ID="region_1644326562065_10023l32"
                         BASELINE="2808,3560 2909,3558 3010,3556 3111,3554 3212,3554 3313,3552 3414,3552 3515,3552 3616,3552 3717,3552 3818,3552 3919,3550 4020,3550 4121,3550 4222,3550 4323,3550 4424,3548 4525,3546 4626,3545 4727,3542 4828,3540"
                         HEIGHT="150"
                         WIDTH="2048"
                         VPOS="3448"
                         HPOS="2794">
                  <String ID="string_region_1644326562065_10023l32"
                          HEIGHT="150"
                          WIDTH="2048"
                          VPOS="3448"
                          HPOS="2794"
                          CONTENT="heeft ue hier ingesloeten syne lakent coudant "/>
               </TextLine>
               <TextLine ID="region_1644326562065_10023l33"
                         BASELINE="2802,3648 2907,3650 3013,3652 3119,3652 3225,3652 3331,3652 3437,3652 3543,3650 3649,3650 3755,3648 3861,3646 3966,3644 4072,3642 4178,3641 4284,3639 4390,3638 4496,3636 4602,3634 4708,3632 4814,3632 4920,3632"
                         HEIGHT="93"
                         WIDTH="2145"
                         VPOS="3592"
                         HPOS="2788">
                  <String ID="string_region_1644326562065_10023l33"
                          HEIGHT="93"
                          WIDTH="2145"
                          VPOS="3592"
                          HPOS="2788"
                          CONTENT="waer by mij tot saldo te goet coemt £50:19:1 soo"/>
               </TextLine>
               <TextLine ID="region_1644326562065_10023l34"
                         BASELINE="2798,3748 2907,3750 3016,3752 3126,3752 3235,3752 3345,3751 3454,3750 3563,3748 3673,3746 3782,3743 3892,3741 4001,3738 4110,3736 4220,3734 4329,3731 4439,3729 4548,3728 4657,3726 4767,3726 4876,3726 4986,3728"
                         HEIGHT="130"
                         WIDTH="2214"
                         VPOS="3638"
                         HPOS="2785">
                  <String ID="string_region_1644326562065_10023l34"
                          HEIGHT="130"
                          WIDTH="2214"
                          VPOS="3638"
                          HPOS="2785"
                          CONTENT="als ue op syne nieuwe reken belaste niet jele"/>
               </TextLine>
            </TextBlock>
         </PrintSpace>
      </Page>
   </Layout>
</alto>
