5190 3864
323 58 2176 197 forme van procuratie soo als op heden aen

412 190 1996 192 thomas scawen in comps met stockdale hebbe

241 287 2309 205 gesonden om de  £500:- annuities in de banque

195 427 2354 257 op mijnen naem en mij als prosetaris te doen

350 569 412 165 1 stellen

374 602 2170 226 krove all men by these prseuts that I Pedrothelyn

383 730 2242 185 of antwerpe in the province of Bratant merchant

369 846 1985 210 do make coystitute and appoint S. thomas

370 954 2088 184 Scawen  t alderman of London my Lanfull

356 1051 2047 180 attorney for me in my name and to mij uso to

364 1184 2218 183 take an d'accept au assignemt or transfer to be made

359 1267 2155 167 to me from any person or persons offffive hundred

344 1381 2163 233 pounds intrest or shne in the capital or oijns tochs

362 1471 2078 187 or either of them crected by two dtets of pailiam

344 1622 2154 129 of the surt yaer of the Baign of this maresty king

337 1691 2146 207 Georgh of areat Brifairt it made Camonys other

333 1798 2229 219 thihgs for Raising the several sums of nine hundred

335 1906 2091 187 and ten thousand Pounds and one hundred sixsy

381 2023 2122 190 nine thousand pounds for publick services by sale

364 2132 2082 154 of annuities affer the rate of five pounds ptent

344 2197 2247 254 pr. Aun redemable by parliarment in  witness

341 2347 2191 168 1 where of I have here unto set my hand of seat

366 2473 2191 167 dated at Antwerp y sin day of october in the year

352 2551 2119 188 one thousand seves hundred est sevent een nen

1464 2650 935 195 geseekent de drohelijn

345 2719 278 130 still

2272 2752 347 137 cachet

289 2795 1028 201 sealed and delivered in y

290 2925 680 216 p sence de ofus

391 3040 473 164 geteekent

309 3081 889 237 Joan Bapt Cogels

241 3213 970 225 Renricus trappehiers

2684 71 2275 164 London thome pauen et comp apoet bre 176

2687 153 1704 195 Jay euu lhonneur de las vre 20 et

4076 171 920 189 gbre et adv adre

2747 273 2217 168 dehey he pensn compte sy is os e ait

2768 390 2252 184 pr advits qui sait socna y ay  ais lye le ƒ 720

2761 479 2188 204 naceu de at aittes de mons Durnet hays es a

2741 616 2235 152 ik hoo qui ivez en m de moy oner que

2746 748 2182 120 ne pre  de ma procusetion vs en

2765 793 2265 252 voy e py las persser endrion nomm et m

2765 886 2186 236 pouvoir dont je me sonne d'dusaut duer

2771 1021 2226 184 autres series sans pont soves  la mesme

2759 1119 2195 202 forme neanmden voya inlue agla qs

2743 1247 2244 185 m ave sert signe et caschive en a

2749 1309 2267 207 me il vs plaire dont le faire tansporte

2753 1420 2249 189 conform et men donne advis jerois pe

2752 1510 2182 229 notice le prix court du fond pables aer

2739 1626 2228 274 jay  ne me daferez point de mis

2761 1705 2224 253 ans la compue des  quay qu 200 dat

2765 1842 2250 238 eetant de vs donne  d'employ er one

2785 1945 2216 228 argent a 5 pr t vs mesme v e poeue

2770 2062 2172 242 pas conscillr come im agine comeje vous

2760 2197 2241 219 que quily fis le voulanndez on man

2764 2276 2259 220 que vay fore coup pr la procurat c omimicersae

2746 2398 2186 191 re jens prie men voyer de ece

4297 2478 176 82 16

2733 2506 2263 177 come de procurations com vs de vrez avoir

2734 2577 2223 203 en selle s  me servie as de gou

2746 2701 2221 210 e nme sera tous jr a la mains ques que je

2720 2812 2248 171 nay aucusie a m'in difaire auregarde des

2716 2944 2310 162 ce nnusertez de anque jus prie pdednd od en

2740 3099 2278 116 paye les trest soit une per ou n' prne et de

2720 3211 2305 156 prius quandrno en trest a manc ie  a

2707 3250 1149 175 me dit en attendant

4367 3264 564 179 wich bie
