5178 3871
676 83 2036 254 Ghendt ABe de Saedelaer Ady 28 gber 1723

697 247 2040 220 Ick hebbe ue missive dato 22 deser wel dt fan

701 389 1902 188 gep met remise op f Roemans vant

701 509 2006 208 ƒ 1954:5 op sicht die nmet in stadt sijnde

708 630 2031 223 ue met eerder hebbe geantwoort hj heeft

688 768 1915 204 my de selfde voldaen en ue is daer voor

721 884 2015 203 gecredinert ende gedebiteert voor £183:11:0

678 1036 2011 188 het import van den ingesloeten brief tuen

677 1121 2051 230 lost heden door mij voor ue Raken voldaen

675 1270 563 210 blijve

665 1340 2027 277 G hendt Jacob BantAdy 28 ditto

685 1495 2012 225 faute van occasie is ue d missiel waer by

680 1612 2064 177 mijne reken courant de dato 31 Augu ti laes

684 1768 1956 122 on beantwoort gebleven dogh het jaer ten

681 1881 1882 163 eynde gaende en met siende al sal

668 1960 1956 155 voor sallen geve mij deere ue te melden

615 2085 2117 202 de selfse wel hebbe bevonden tos suldonge

667 2195 2018 228 te goet coemende £99:12:9 uytgenoemen

671 2321 1813 229 het parteyken &. meert 1719 op henry

660 2448 1862 223 oodogne £57 daer £58 voor hebbe

657 2590 1874 209 contfangers en uyt getrocken uyt wat

635 2717 2058 205 reden ue eng maer met £57 en belaste en

681 2840 1939 210 weete niet anders soude my maer de goet

658 2961 1995 201 coemen £98:12:9: in alle occasen daer

673 3068 1986 203 cassabel magh wesen ue

701 3199 2003 168 oft de familie gelieve liber te seure

1540 3369 58 68 l

683 3299 899 234 van die blijve

1581 3329 941 241 groetenisse

1343 3556 552 127 A

2762 76 2128 291 endt  de Saedelaer Ady P. xber 1732

2760 202 2144 257 met ue missive van gisteren becoeme reide

2770 355 2214 179 & past.  dato op Jacob scheeurs tot Amstert

2792 457 2199 236 den banco £300 waer mede tegens donderdeg

2782 582 2114 197 sal insigileeren om in te trecken. ingetloeten

2774 742 2097 203 den brief tien lebte door mij heden voldaen

2784 825 1896 237 £1508- a ƒ536:4 velaems wisselgelde

2779 943 2203 242 £272:10:- waer voor mij gelieve te creditierere

2795 1084 2128 231 dermonde franc Ceraerts Ady P eber 1732

2813 1219 2070 224 ue heeft my geschreven de dato 31 xber 15

2802 1360 2139 235 pass en sedert twee di versche reyken aen

2792 1486 2161 247 mijn schoonmoeder met belofte van overte

2792 1625 2110 206 vemen op heden 8 d. den dagh vastgestelt

2822 1758 2158 229 sedert verandert en uyt gestelt ck moete

2823 1891 2114 171 ue segghen dat wy geen fangere passentie

2805 2017 2157 220 en connen hebben het is de laette maeet

2801 2140 1999 215 het jaer laet eyndighes. de feestdaghen

2796 2259 2156 226 sen aenstaende in ick pretendeere al

2799 2392 2105 198 voerens saemen te aemisteeren daerom

2797 2519 2130 161 versoecke het soo gelieft te schicken en hoe

2799 2622 2122 226 eerder hoe liever over te coemen een dagh

2793 2761 2144 202 tiee sijn geene affaitens my hier op

2799 2889 1093 171 verlaeten de blijve

2806 2928 2150 291 Mmendr Dede Saedelaer Ady 5 xber 172

2791 3114 2144 174 p. desw hebbe ue gesonden den brief ier

2780 3250 2138 172 laste door mij voldaen et £150: aƒ336:4

2770 3411 2235 158 £272:10:- ingesloeten noeh twee insgelijcke

2798 3487 2188 186 op heden door mij betaelt als s £100 aƒ ƒ38:3

2776 3612 1981 136 £183:5 en st ƒ 80:3 a ƒ 336:5 £148:75:8

2816 3684 2146 114 saemen £322:12:15 soo ue gedebiteert hebbe
