5199 3815
553 35 2161 192 Brussel nieo las Dousevan A pr Apri £ 1719

629 143 2061 167 mijnen laesten is geweestop 1 Jamarss tot heden

615 286 2160 157 sonder antwoort en sonder efliet daer en resiert

642 357 2157 202 niers voor mij te doen als ue geroccepteere wissltie

641 464 2151 180 ven aen een advocaet oft procureur te endos

654 576 2134 195 ren die ue rechtelijck dan van dwinghen echter

653 693 2143 195 oft ue met het aenstaeede hooghteydt van laetens

655 790 2135 202 nogh eens op sijne conserentie breijste gelijck het

654 908 2104 179 aen chrisien Cathholijck menscn wel betaemt

650 1012 2096 184 soo coeme nogh eens ue versoeken nmet te

648 1121 2157 147 minnen opdat ue met mij naer hodt en consce

645 1218 2155 218 ie soude a geeren gelijck ick tot nj toe metue

656 1327 2137 198 gedaen hebbe en als ick wille my soude gesche

609 1465 2160 171 den verwaghtende wat ue sal resilveeren

652 1584 522 172 Blijve

1837 1589 848 238 Adj Aetere 17

570 1622 1077 249 tournas Pke Reubtre

626 1744 2149 243 Jay ien receu l'honneur de la vre 21 t janvier

576 1896 2201 200 dernier austy lettre du S Jfutevenars voyant que

578 2014 2190 167 les de hain ne le vouloir resondre a epre caution

617 2109 2149 162 lay vois la partie de patieuce jpisques apresent

619 2197 2125 208 que stevenars promette dont ce quil veu jamais

622 2328 2097 182 il ne tienne parolle d'est le suueet que ie vous

660 2430 2133 200 ienne derschef prier de grace ay vouloir tenir

578 2496 2192 201 la main. a cettelffin vous ma traitte esn vre faveur

625 2627 2140 194 sur luy de  300 de charge a b on compte ie luy

642 2702 2165 213 en ay dontee advis passez quelques jours ie presendee

653 2819 2091 238 peut estie un mois de sepmainnes v. serale

602 2975 2079 147 dnieux quil jourra sen seray content de la

611 3025 2119 198 maniere que le tresiverez convenable pourven

633 3122 2132 216 qu'il accepte j'espere que ie messreray daffaire

628 3249 2143 195 avec le temps et que ie pourray obtemle ien

632 3376 2125 183 je vous resperese de l'advis qui me donney de

632 3465 2083 181 madmois. Donno. il ny a pas moyen den obtenir

658 3582 2135 160 remite abon compte eile le rlaigne et demant

2866 72 2093 127 du temps ces sont les daue a qui la le tronde bos

2857 123 2159 213 en tournaye vy a plus moyen a comnneer

2882 219 2052 201 commerce lson sabimeroit  fault ini eux

2878 345 2188 237 manger le sien que le laisser faire aun aultre

2899 445 2143 194 excusez la libertie et me croyez sincerement

2876 564 2207 188 en touttes occasions comme a toutte la famille

2896 706 2028 161 apres vous avoir souhaittee les bonnes

2868 793 1052 235 ffaistes de liasques

2847 832 2165 283 Ghaendt I Brede Saedelaer Ady 5 April 1719

4662 1001 155 115 6311

2912 1068 2179 126 refereere mj aen mijnen laesten 24 past ingesloeten

2870 1176 2189 154 het briefke taen laste door miy voldaen van  £ 80:8:

2910 1262 2110 151 a ƒ 33:2 vlaems wisselgelde £141:3:4 waer voor

2878 1378 2152 156 mij gelieft te crediteeren: ue wenschende het daligh

2905 1474 1559 172 hooghteydt van laesschen blyve

2843 1508 2184 261 Mons ACamistdy 8 de tvre 110

2888 1669 2104 216 Jay bien reccu la vre v8 mars derier vous

2889 1786 2209 201 voyez que jay beaucoup de compaisence mesme

2887 1916 2220 161 a mon preiudice et cela pour vous rendre service

2900 2047 2118 158 et pertient pril ira prieen pour l'agvenir si ie

2890 2116 2127 169 ou trois tirer de temps en temps, quelque

2888 2262 2225 156 vois p hasard ie trouverois occasion ie n'ay pas

4720 2316 135 92 de

2901 2342 2110 170 manque den chercher mais point trouvee si

2916 2424 2132 180 non a sou ¼ prete de perte lonperde plus en

2908 2561 2076 143 iotrest pretentement que lon mies gagner

2904 2640 2121 182 apres ma marchandisse tellement quil me

2906 2768 2189 183 bseauroit pas just que y serois intresse non tris

2928 2856 2103 197 pr consaquence ie vous prie d'avoir un pass de

2918 2963 2143 152 consideration pour mon et a me vousoid faire

2941 3089 1991 177 tenir ce que vous avez prest a bon compte

2941 3180 2012 169 poiue moy at vous m'obligerez qui suis

2916 3278 2195 186 savie offre de mes marchandises et mon service

2890 3367 2104 183 en tousses occasions apres vous avoir souhaittes

2919 3478 2069 182 les bonnes faistes des lasques comme a toutte

2945 3575 967 187 vre chere famille
