5199 3815
610 56 2182 121 een occasie voorvalt om te disponeeren met seugretyt

630 104 2164 137 ick en twijffele niet of sijn led. heeft genoeghsaem sonng

613 200 2175 181 vant werck ende daer ue h aen fieert ben ick med

629 285 2082 180 wel gerust vervolgens gelieve voor mij te doen ende

625 376 2128 195 deel te nemen voor £1000: vlams wisselgelde oft

920 482 329 88 Conrat

635 500 2103 165 ƒ0000:- a rito van a pret int jaer het lj voor

633 591 2128 196 een halft oft voor een jaer op den lelfden voerende

668 716 2093 184 ver mijn als ue dd voor sich sellven doet tot

581 795 2185 206 dien eynde engesloeten op ue et selfs te provisie

642 914 2043 208 in tritto van dr. Pedrt Baut Sichip

682 1042 1972 152 de somme van £1000:  ditto messieurs

669 1130 2054 209 admodiareurs hebben alhier in Antwerpen

629 1259 2129 207 alles moogelijcke devoiren gevaen door notanssen

669 1349 2079 232 en alle de geene die sij hebben connen aennessen

667 1510 1968 168 doch niet connen reusseeren: hebbe daer

682 1591 2066 197 aen niemant over willen antwoorden wet

672 1715 1945 180 weetande alst convenientie soude wesen

677 1787 1838 195 ue de ue noeheydt soude ghadt hebben

660 1901 2027 200 dogh dit it mijter kennisse gecoemenden

730 2025 1961 208 eenige van opse principaele camtalisten

654 2115 2077 188 sich daer haer tot Brussel geinforneert

689 2234 2075 193 hebben ende voor antwoort hebben becoemen

704 2355 1969 186 in terminis op het schrden van de merckt

723 2460 1935 202 heangen de Cooulieden waerom sij hit

723 2574 1918 195 niet en hebben willen en gageeren tot ae

716 2680 1922 193 go verus myn schoon moeder schrijft ue

692 2799 1834 199 de wede met desen post ue hertelijck

711 2907 2025 217 groesende oock de gensche familte blijve

709 3075 664 139 met respeet

2838 42 2074 213 Ghendt Bethouwer verbrugghern Ady 15 mey 1319

2888 141 2106 205 Ick hebbe ue aengenaeme wel ontfangen dato gisteren

2876 284 2031 178 ick versocke ue vrindelijck de teekeninge te maekent

2851 362 2230 178 daer ie van meldt en my die u atresendees iytredene

2856 485 2225 157 dat in corte daghess ou te kercke rekeninge sal wele

2883 603 2149 168 om de selve aen de commissar ssers te thoonen en

2906 716 2152 186 voor te draeghen die ons moeten authoriseeren

2908 808 2082 207 en perprssie geven om het selfde werck te ver

2893 928 2095 170 maeken alwerken sonder in een qseel jaere

2903 1039 2219 167 niets van gedaenn worden oock moet ue noorsachen

2849 1159 2215 173 =lijck een crabbeling oft een aenwijsing macken

2932 1272 2079 153 al en staet dat op syne maeten niet voor de

2929 1397 2172 160 twee afsuijsels voor in de kercke nevent te goeden

2911 1506 1979 136 auttaeren en oock voor het binnensse in st

2927 1603 2042 142 Arthoniis Capppelle in den om meganck om

2912 1693 1987 198 maer het gedaght te sien en aen de selve

2899 1807 2017 145 commistariten voor te draeghen dien en

2878 1903 2020 174 dander afwaghtende blijve van herlen

4324 1994 539 146 16 mey 1719

2882 2019 880 165 Gant J: De Saedelaer

2882 2078 2225 157 ue aengenaeme 14 deser hebbe wel ontfangen oock

2942 2191 2197 149 remise voor ue eck £100  naersicht op DB

2934 2277 2196 160 sckencerts het is hier bij de princi packe een gebayc

2962 2371 2148 171 dat men corte brieven noyt en accepteert ende betaelt

2956 2483 2131 147 al oft het sicht p casse waeren men levert de be

2939 2535 2150 150 over ende aengenaemen wordende vraeght men sander

2978 2622 2151 175 daent oft een dagh a 2 naer dato betaelinge als men

2990 2706 2139 171 daer van wijle de sponeren went dat ick soude moehen

2982 2805 2139 140 correct selfs ontfange en en gelijckde ddegelijcke promt

2991 2912 2100 106 betaelen ick en wilde dus daenige commisie voor

2986 2992 2129 133 gien 1 iet doen ick en soude geen arayt loon hebbe

2965 3081 2085 153 da meer in quaet selt ontfangen en geslock brief

2966 3153 2099 138 teen lasten door mij betaelt voor ue recte van

2975 3290 2068 129 £150 a 1825:3 aclaens £264 : 717 waer voor miej

2964 3329 2136 183 gelieft te crediteeren en in alle occasien te con

2954 3460 891 179 smandeeren die blijve
