5211 3856
445 61 2179 190 envoye cy incluse ma procuration si ample

464 177 2177 249 quelle puis estre et un mote  mesme

481 301 2231 240 que m'avez envoyée avec touttes les requisinong

481 416 2238 273 pour vendre mes  £1000 daurla bony

427 561 2232 229 des indes orientales que vous ferez s'il vous

478 724 2230 246 plaiss sans manque a mon plus grans

417 804 2273 279 advantage poosible ie vie vous limie pas

447 947 2206 257 le prix pourves quil passe le deux cent

524 1076 2108 283 poutscent me reposant sur vous es

464 1210 2150 233 sur vre bonne conduite que pme serez

487 1344 2134 259 avoir le plus grand advantage prsssele

483 1476 2164 233 vous en rem flaeere len meme temps

452 1588 2082 235 estant vendue  £2000: dans

485 1761 2073 161 les annuitees comme mes precedeme

473 1845 2157 244 £500: a cet affect ie vous

435 1987 2139 200 renvoyeray procuration  des main o la

489 2089 2028 228 voye dhoblande: incluse lettre et

448 2237 2282 281 procuration de mon there Jean mic

439 2340 2070 317 pour le mesme efeet de s sond

463 2458 2172 275 dans la mesme com le 101t des

445 2578 2000 259 lettres pour comme de nott deux

500 2737 2022 234 vous sentenderez bien sil vous

464 2867 2038 273 pluist   gevoyeroit que les

492 2966 2237 286 Londe ecneroient que pre inteni

480 3134 2092 164 est que vous vendriez sil seroit

451 3249 2271 197 deux ceutt pourcent eme mais pourt

532 3391 613 216 Johet baen

2976 63 1834 233 Copge van procuratie gesonden aen

2826 240 2154 215 thomas scawen en Comss tot het incoopen

2910 350 1932 199 van  £2000: annuities tot London

2877 490 2147 191 Know all men by these presents that Peter melijn

2897 577 2177 230 of Antwerpp in the province of Brabant merchant

2898 717 2017 148 6 do make constiinte and appoint fthomas

2869 842 2016 211 Scawen knigt and Aldermay of the ciy of

2881 947 2157 189 London my Laufull attorney forine and in my

2899 1081 2036 213 name and to m use to take and accept an

2890 1227 2174 176 assignem. or transfers tot be made to me from any

2885 1325 2214 203 person or persons o two thousand pounds inte rest

2895 1444 2185 201 of share in the casdital or soiyns tochs or either of them

2900 1567 2146 210 exected & two acts of parliamt of the forth paer

2907 1674 2066 201 of the Baign of this maresty king George of

2910 1783 2133 208 great Britaits et madeC. amongst other thingd

2891 1901 2172 188 for rassing the several sums of wine hundred and

2894 1998 2206 190 en thousand Pounds and one hundred sinty nins

2927 2119 2070 193 thousand pounds for publich services by sale of

2909 2237 2112 205 annusties after the rato of fivs Pounds preent

2914 2348 2115 215 pr aun redemable by parlsament in witnets

2927 2473 2159 161 where oft I have hereunto set my handans sea

2930 2575 2002 182 date at Antwers sixteen day of

2929 2694 2083 135 one housand se venhundr ed ans lighteen nemm

2896 2828 319 139 Sile

4276 2814 752 227 DM Cer

3770 2894 172 113 Rck

2863 2875 1020 172 sealed and. delivres 9

2879 3000 902 201 presence de of u5

2924 3117 926 190 was onderseckent

2874 3215 1234 213 ferd: Saogens not Beyius

2895 3336 929 219 Jacomo De Pret

2829 3481 2134 181 dese procuratie niet connende dienen is my de selfve door

2833 3625 2163 150 scawen en stockdale weder gesonden p mistive dato 26 apgisr

4810 3698 177 89 1518
