5202 3852
467 60 2203 133 in prostese op ricolus vanden bergen crediteert

494 164 2152 115 mij £687:15: ick hebbe ue reet gesonden van £688:7:8

459 229 2240 185 due  ƒ10:8 differeert Ick hebbe heden op ue getrocken

503 321 2146 167 op eenen dagh dato aen d'ordre mons adreaen met de

501 426 2134 141 Eenninge banco £102:7:7 voor het geene mij bij ue te

2245 517 48 65 2

527 523 2049 188 goet coemt van intrest te weten banco £32:148

523 598 2168 194 ende p ordre en reck van mijn broeder g m. melijn

497 716 2104 209 banco £67:112:10 te saemen £10217:7 biddende de

510 808 2130 189 te vereeren ende daer tegens hem en mij ide voor

509 911 2145 203 deel als hier gemelt te debiteeren uyt de voors mijne

509 999 2171 194 dato blijve in efwachtinge dat ue mij niet en salre

516 1109 2122 254 fuseeren de £1000 tot 2 pert voor een hal jaer te

541 1222 2003 240 willen prolen geeren verhoepende midde le tet

544 1322 2108 196 andere occasie tot enplaye sal voorvallen oft ten

550 1421 2123 203 minsten dat ick die sonder schaeden soude connen

561 1603 437 127 nrecken

1768 1623 623 179 8 Jerier 1718

405 1654 1017 201 tounay la reusve Donne

500 1735 2150 197 Jay reccu lhonneur de la vre 28 janour avec remere

507 1851 2143 161 de ƒ400 court sur le S Jimasson a gand la quelle jayt

533 1956 2103 155 envoyee pr en avoir lacceptation et ensuitte le paye

524 2033 2166 173 ment ie vs envoyee ay incluse compte court je vsjail

516 2114 2100 191 bon la remie sus ditte a condition quelle soit paye

518 2236 2158 170 v q me reste ndevable £242:16:2 de change jespere

512 2327 2165 144 q le trouverez d'accord je suis chagrin quil y se peu

515 2445 2140 158 faire jespere quil ra mieure pr. la gineede deuu

527 2529 2154 159 je me recommonde en vos bonnes graces et jauray doin

375 2604 2302 161 tousjours pr vvs bien server ayant les plus boeux assortin

495 2698 2055 189 de fauttes sorted de draps d'angleterre q son puir

484 2800 2098 181 souhuitter au voir pr vre service je vs sulue et sus

1833 2910 609 131 3 sevre 178

390 2918 854 187 Aent JB: de saedelaer

481 3034 2165 134 tot antwoort op ue aengenaeme van 6 aeser bedoncke

454 3081 2235 136 noor ue gectheyt ende genoemene moeyte als men devoiren

471 3173 2228 188 doet en niets negligeert soo moetmen patientienimen en

457 3266 2249 208 gien suijt daer van hebben ue gelieft te melden van op ue

474 3353 2200 154 men van lijfrenten is daer occasitie toe dat oude my

466 3453 2234 199 seer aengenaem wesen soude gerne op de lijven van mijn

479 3556 2214 183 sanderen lijfrenten hebben bidde daer eens naer hetpor

2794 59 2274 117 meeren ende mij daer van paert te geven ue hadde bee

2812 128 2248 141 ter gedaen mij geen contra ordre te geven want ick wel

2827 215 2242 175 met om wat reden datter present sulckx vraege naer

2819 315 2167 161 vreven op costy wesen en ick en sien in wegnige

2823 430 2178 204 daegen geen beternisse reden ue ingisloete re

2832 543 2190 149 mitteeren op mat he stevens 4 disegue llin cout

2840 616 2143 229 cout ƒ1000 tot 3 ue advance en op  £107:3:7

2828 728 2243 224 parij ao ignatiues de lie boede van gent op brugge

2836 835 2222 248 in afsignatie op st Rijsschot oock boede van stae

2835 1003 2205 140 ten vande progentie van blaenderen £155:5

2848 1062 2196 174 wis: oock parij waer voor gelieft het noodighe

2857 1159 2195 214 bsorgen de briefkens op opechelen doet menhir

2839 1266 2207 184 doen de boeder in voordere tot 4 pert veniet t

2868 1366 2198 190 ue naersicht want diie  selden ander

2859 1476 2173 223 op wessels en is present geen staet te maecken

2871 1582 2190 222 veale sijn van openie doet londen motmonte

2885 1693 2072 188 e en e tegen shaende comp het wede

2877 1819 1061 169 om gevallen b'jue

2752 1883 2180 245 Ghendt J Bapt De Saedelaer ady 1ofebruariu 1715

2807 2040 2160 201 op 18 deser hebbe ue geremitteert op matt hien stevens

2803 2157 2162 151 4 gevallen, heden geldt courant ƒ1000:- tot ½ ue advance

2824 2280 2103 179 wisselglde £142:13:7 en oft Jgnandrsdeht op sicht

2838 2372 2175 166 wisself £103:3:7 nevent een assignat op Rijstehet

2843 2495 2186 150 sicht p Caste te betaelen oock van wisselgete £155:5:

2812 2616 2048 178 beyde part die vertrouwe ue wel sijn geworden

2828 2695 2121 208 alhoewel tot mijne verwonderinge van ue geen

2813 2850 2248 137 advies en hebbe ingesloeten noch brief van aedern  dato

2835 2942 2216 158 ofmet du win door den selven alhier geaccepteert

2796 3037 2245 203 te seght  presentatie sal geacqhitteert werden

2832 3153 2208 178 van vlaems wisselgelde £200: -  pars waer voorens

2844 3294 2056 141 seude het noodigh gelieft te versorghen en mij te

2783 3375 1571 193 crediteeren blijve
