5176 3877
581 67 2036 187 une fois en comp. de mons p van wing et

573 173 2014 182 pour le mes ure suicet mais asseur ie ne

577 266 2066 155 doubte nullement que my trouverez l'asfaire

582 382 2069 171 d'aultant que mes etmis m'ont assonree p ie

590 490 2015 188 le transport est fait sur les livres c'tla

606 595 1833 181 grace que je vous demande et dont

601 660 2114 252 d I attend la faveur de vre responce estant

624 806 1080 186 en touttes occasions

548 867 1918 187 Amsterd. franc Rousseau Ady 13 p  17732

609 1000 1895 144 in antwoort op ue aengenaente van 20 deser

594 1116 1910 175 segghe dat mij de resolutie genoemen hebben

595 1203 1898 173 vans ons ider £1000:- te weeten drij broeders

607 1300 1928 203 en mijn schoon moeder nevens ue te s

599 1415 1862 166 soo dat het omploye dan can wesen voet

603 1490 1768 184 £5000— myn broeder sap michiel

578 1601 1781 176 sal donderdagh op ostende vertrecken

593 1713 1796 161 soo dat ue nu ue mackelaer maer en

604 1834 1779 187 gelieve te insormeeren aehtor ick ben

590 1924 1839 151 van gevoelen den shee dese rijse hooger

607 2028 1886 202 sal gelden als ue meldt sijn ordres gegeven

600 2136 1889 192 te hebben een smijver twee a drij sijne

615 2255 1774 203 geene afairens anders sijn wij positiet

622 2375 1778 179 geresolveert niet hoogher te besheedern

615 2469 1890 217 tot ie naerticht ue groetenie blijven

2614 2576 99 156 d

573 2577 1925 217 Ghendt J de Saedelaer Ady 13 plis 1722

603 2705 1820 192 ue aengenaeme van gisteren is mij maer

587 2802 1998 207 heden naer debosse behandight soo dat ue twee

591 2914 1845 169 remises niet en hebbe connen int scchen

2541 2961 90 131 t

584 3054 1815 166 als & 500 a 117 baneo £843:15: op 100

2290 3099 233 139 822

622 3158 1723 182 vallende der franc. de Boy in Amstere

596 3249 1880 170 et soo hollants cons. van 2 deser B dato

605 3401 1946 165 op Everaert Bargert et sils n ovec hier sijnde

610 3525 2015 146 gust wel ue noteest die magh overhopien

608 3582 1885 163 anders versoeke my soo es te brieven niet

2607 3603 118 126 5d

602 3666 1825 140 te senden opp geene confusi en te hebben

2760 102 2223 159 sien ue drij brieven bij mij addres heeft geaccepteert

2773 225 442 159 blijve

2784 282 2132 168 met de venditte tot ostende salt op hollant niet

2784 398 407 165 beteere

2789 462 1166 173 Amstere. Franco Rousseau

2795 505 2062 264 P.S. soo de thee oft coffij tot soo saisonabelen

2799 671 2147 213 prijs gaet als ue meent salt eno grooter

2815 749 2107 200 wesen door assoeratie van meerdere vrinten

2832 858 2056 172 en eentes gltijdts voor ue de provisie van

2810 951 2115 175 vercoop den ingeleyden versoeke te laeten

2788 1076 2097 179 accepteeren en my te renvoyeeren nivens

2803 1161 2135 187 advier oft den acceptant van saisfactie is

2894 1241 1964 208 tot fouverno van sochoemende

2779 1376 2140 190 ot ul wedue Af Camst  Ady 1 4 Juli 1722

2805 1474 2089 193 noch geschreven en gerefereert aen brief dat

2793 1623 2205 133 10 April en vrindelijck versocht voldoerenge

2823 1717 1982 191 an £33:3:3 oft ƒ892:19½ wisselgelde

3093 1867 125 66 21

2801 1814 2003 215 Amsterd Frans. Rousseau Ady 16 sulle 1722

2825 1934 2064 191 op 13 deser is mij nen laesten waer ust ue sal

2827 2057 2117 175 gesien hebben onse posiuve resolunt en vervolgens

2836 2120 2133 240 geschreven hebben het noodigh op oeserde aen ue

2832 2229 2122 194 mackelaer soo ick vertrouwe mijn bode den

2854 2349 1996 190 Jan michiel is heden morgent derrewaer is

2832 2435 2131 160 vertrocken weetende niet verders in antwoort

2871 2504 2111 185 op ue aengenaeme selven dato 28 deser te melden

2884 2669 2030 157 als dat hij gedne intentte heeft selfs te coopen

2865 2750 2032 159 maer allien te invuleere bj incoorp can

2871 2854 2097 198 men de partje a fspreken en in afert werpes

2871 2953 1899 175 betaellen ende die iene prete provisie

2880 3037 2122 198 menageeren soo mijn dunckt. dats vernemende

2892 3165 1794 160 wort ue geadviseert van die blijve

2812 3250 1931 222 op uheuit francois Ceraerts Ady 3 mlir 1722

2830 3333 2125 219 Ick hebbe in wederom soo veel vot ue d. brieven

2838 3463 2139 195 die soo veel esleet hebben als ue mondeinge beloffen

2852 3560 2073 172 en ue toontt dat ue s. noch voor condie

2855 3644 2062 162 voor geexpireerde brieven meer sorghe edem te
