5175 3837
306 40 2267 173 naer advenant te reguleeren want nmemans

305 151 2143 167 en coemt my spreken nochte en siet naer

262 285 602 164 myn omt

284 294 2279 334 Ghnd J at De saedelaer Ady 10 uri 1

281 461 2284 248 te ue aengenaeme 23 julis en 28 augur

312 571 2196 247 hebbe wel ontfangen in de occasies dat ue

325 717 2100 194 can dienen ue en heeft van mij maer te

317 833 2138 214 disponeeren het brefie op pater woode

357 935 2118 190 voor ue Reken ƒ510:- wisselgelte hebbe

320 1044 2222 200 heden om acceptatie gesonden den cours

323 1123 2206 226 der wissels aen den voet deser en blyve

205 1228 2221 354 Brussel J Bapt Bradaels Adiy 30 d. 1717

332 1403 2044 285 eenen brief van recommandire en offers

322 1584 2220 228 myns dienst ende dat van alle goederen

330 1675 2145 253 wel voorsien ben oft hij geliefde overte

2241 1888 126 155 ul

215 1878 549 161 =coemen

223 1909 1997 277 al in van den Berghen Ady 31

307 2023 2272 239 ue 22 suen 5 en 30 deser hebbe wel ontfangen

276 2205 2198 187 het  s wert laeken en rooden cassy sal

247 2303 2281 215 met de eerste reyse van Jonaert afsenden

257 2442 2240 220 de facture vant laeste noer  gesonden dato

258 2577 2270 236 24 julie aen den voet deset beeraght wisselg

272 2687 2183 248 ƒ253:6: voorder loffers van dient en

2070 2830 163 134 18

252 2830 993 193 comptipeten

240 2920 2187 290 GhendtJ Bapt De Saedelaer Ady  1717

276 2994 2284 264 haer udgisteren hebben geschreven refuseert

251 3158 2302 291 pater wood dacceptatie segghende geen advies

303 3307 2272 198 der vat hebben ick en dencke niet ue

262 3426 2309 167 is daer dier doen te profesteeren behoude het

251 3506 2333 263 brieffe tot dat ue antwoort sal hebben en blyve

2643 65 2317 225 Bruxellesjacomo Rousseau Ady 31 Aurn 1n. 1717

2684 208 2252 184 je resove ve moment lhonneur de la

2683 355 2306 144 vre dhier avee remise mesme d'are gavois

2680 486 2203 189 date sin Adrien coolen £100 laquelie de

2653 556 2353 241 feray presentes pour en avoir acceptarion

2641 702 2342 273 passez quelques mois v ma renvis divezes

2682 824 2318 270 paries sur le mesme coolen commesl

2717 969 2249 194 vous est connie est un home qui fait

2646 1088 2229 207 let affaires du S Poullain 19 pour l17

2706 1203 2240 204 rendre service. il est tres honneste mais

2668 1333 2330 259 point du capitael ou sifficence les dermier

2695 1451 2240 232 £200:- sur jacomo de ciet sont payes

2685 1542 1956 270 ie vous salue et surs toussairr

2651 1688 2239 225 Londres Danil heys Anvers ce 1sbre 1719

3847 1829 423 127 24 may

2687 1825 2225 221 depuis la tres chere vre a pain dernies ie 'ay

2688 1975 2191 195 de vos nouvelles. le change restant curte

2675 2097 2237 198 les 34 et 335 et  y ne me voulant faire

2687 2204 2323 231 aficunne douceur de vondrois bien pacheperte

2680 2344 2148 234 pour mon compte pour  ƒ080:- en

2705 2458 2220 173 billiert de lotterred ie lannée 1711 opr 1712

2695 2598 2312 205 en cas que le pouvezz faire au pair vous les

2661 2669 2294 250 passerez sar mon nom et en ma faveux

2696 2799 2306 188 cas ie ne sou haitte point laister de largent

2687 2914 2157 218 inprjckieux puis que ne ne vois pas ieu

2686 3018 2332 211 d'en pouvoir disposer sans perte quoy que

2714 3148 2156 205 ie nourrois de biter mon intrest sur la 5

2685 3247 2200 188 6Jan que estre vos mains presentement

2708 3348 2197 195 avec beau cou d'avantage ie ne trouve

2703 3483 2262 204 pas apropss le faire da caute que ie ne

2731 3571 2251 210 scay en quoy l'employger avec plus eu profit
