5050 3857
528 64 1099 187 Brussel Paulo de Brogeer

1709 91 838 185 Ady 26 xber 1720

656 173 1923 223 miss het geluck niet gehadt hebbe in lange ue oft

617 284 2052 208 sief ue Benminde hier te sien soo magh wel wersschen

653 411 1981 165 ende verhiepen dat desen mijnen ue beyde en goede

676 503 1955 217 gesontheyde magh ter handt coems. hetis

671 582 1920 221 jaeren geleden dat ick ue het laeste goet hebbe

680 719 1768 187 gelevert ende vinde ue mij nogh schndih is

664 802 1988 196 £31:11:1 vlaems wisselgelde ick endeke

667 929 1866 185 niet oft ue sal met mij wel willen hadedelen

653 1022 1835 188 gelijck ick hier regaurde gedaen hebbe ende

642 1127 1898 194 daerom ben versoekende dat ick oo ue sryde

647 1200 1917 212 moogen trecken, 400 wisselgelde op sistoet

675 1307 1912 214 eenige daeghen dato alsoo doccasse nce meer

692 1436 1867 157 en hebbe om het aender Jacomo Roussau

658 1534 1893 172 te senden sijnde te saemen geadiisseert

651 1623 1956 209 gesloeten in sechene ende voor het gene dan at

675 1674 1975 201 resteeren sullen dat te saemen bij ue overcome

677 1810 1900 200 advisteeren mij hier op verlaetende blijve

497 1921 2028 220 Brussel Joannes haeghens Ady 26 xber 1720

628 2042 1839 188 seknagh wel wenschen ue desen mijnen in

641 2165 1850 202 goede gesontheydt magh behandight worden

645 2249 1930 178 want het en gedenckt mij niet ick ue gesien oft

679 2347 1757 192 van ue vernoemen hebbe het is droef dat

669 2462 2030 179 alhoewel ue denckt mij niet meer noodigh e hebben

653 2544 2011 176 ue evenwel niet endenckt ven my te vousen

635 2635 1917 201 toehoemende ist 3 jaeren geleden ick u

673 2738 1850 215 het laeste goet hebbbe gelevert ue is mij

669 2841 1886 195 noch schuldigh £55:5:7:ick bidde ue met

667 2951 2030 152 mij naer Godt en conschenne te willen handelen

668 3065 2006 189 et mij te peritteeren dat ick ƒ300:present

654 3169 1908 178 magh trecken alsoo doccasie niet meer hebbe

696 3276 1887 166 om het aen Dhe Jacomo Rousseau te senden

676 3376 1938 187 sijnde met hem te saemen geadtisseert ende

592 3486 2027 149 =gesloeten in rekent en voor het gene van sal

629 3600 1770 122 t resteeren sullen dat te saemen bij ue

631 3664 2068 141 over comst adseisteeren mij hier op verlaeseve benve

2779 77 2079 191 London La ch. Th. Scawes en Corb Ady 2 gber 1720

2785 145 2155 216 Jay bien receu l'honneur de deux cheres vostres  et

2779 346 2119 170 der passeé sason toutte apparence vous pourrez

2791 407 2105 210 achester les deux partiez que je vous avrcor donner

2791 529 2037 233 pour moy et la parte pour ma belle mere et

2793 647 2151 200 est pour cela que ie vrenne vous le recommander

2792 748 2147 198 de nouveau si fort que ie le puis faire afirn que

2791 870 2175 218 loccasion ne seschaine pas mesme de ne

2793 986 2007 220 pretende pas vous limiter si pres quelques

2794 1111 2112 224 pour cents plus on moins n'est pas onne affaire

2809 1202 2003 204 ie me repose assez sur vos graces: tachez

2800 1307 2100 226 seulement d'achepter quant il sera le plus

2815 1443 2117 201 bas et de menager mijn intrest commele vre

2803 1517 2138 224 propre mon dessien est que ie trouve cet sonds

2810 1640 2157 201 dont ie vous ordonne d'achepter bons et imman=

2784 1748 2134 210 eables pour plaier mon argent profiter dun bdes

2848 1865 2049 186 introst et le laisser car on ne voyeradvlus jour

2843 1977 2078 185 lasvenir monter lesactions ny selles solier,

2882 2110 2101 191 pon a veu au resgaurd de remises vous ponvezz

2822 2191 2165 205 bij en croire que ie ne peu vous remettres car ce

2857 2304 2077 190 seroit mon advantage dont ie n auroiss

2858 2423 2098 198 manque et ie ny manquerois non plus mass

2875 2534 2096 197 il m'est impossible car il y a cort parement

2825 2597 2188 234 det lettres aven et presentement pas de preuus

2853 2731 2139 155 dont on shausse fiers aux occasions on a

2868 2845 2088 199 be soing de cet Amis dit le proverde et elle

2884 2939 2049 188 est la aure etgaurd 'esfpere que ne me

2875 3078 2126 161 resuserez pas dans cette contuneture du temps

2880 3130 2066 188 le grace que ie vous demande uy que voire

2895 3244 2085 201 manguerez d'achepter faute de hes remises

2904 3344 2067 188 mais au contraire que vous ferez un esfort ou

2879 3421 2108 192 nous rendre ces services d'aultant plus que vous

2857 3562 2101 150 ne courrez au cunne risque dans l'emploge que ie

2874 3660 2131 124 vous ordonnes vous avez ses sonds entre vos mais
