5164 3824
1511 46 1081 145 Adij 14 Augusii 1719

510 31 778 211 Brussel hitsslas

533 148 2088 219 hetis n wederoen t wee maenden gelden den iek

547 283 2066 201 ue laeste brief hebbe ontfangen en dat 14 gni

541 382 2088 201 ue reden en subsisteerden niet het en hebbe

592 487 2049 163 ue niets vercoht nocht gelevert dan met

579 602 2005 167 ue volle contensement vervolghens moeter

578 695 1950 145 betaelinge en gheldt weten condeschd

552 778 2054 234 Engelsche hunne goederen wedergeven diesck

596 908 2063 212 e hij hebbe sonien soude soo met sucken

470 1023 2217 155 en duchte daer en is ecn goette vercoopen

595 1134 2050 180 nochts gheldt te becoemen en niettemie

595 1235 2034 168 wille ick eeen eerlijck man sijn ick moete

581 1321 2032 246 gheldt beschaffen en een sder een betaelen

592 1443 2043 189 ue absentie, en maeckt ue niet om maghtigh

571 1539 2068 184 my van tijdt tot tydt te sonlageeren en iets

595 1669 2009 195 op resken te betaelen want ue heeft sijne

584 1759 2083 161 huysrouwe en kinderen in sijnen winchel

586 1850 2063 186 en affairens en al wat ue daer selfs dat

600 1952 2048 158 en oude niets voorderen soo dat ick moee

560 2087 2070 151 oordeelen dat maer uyt sluchten en wesen

593 2167 2000 200 ueyen is my geet leynnen schuldigh

586 2238 2038 234 het importeert £255:9:- vlaemen

562 2386 2130 223 wisselgelde dat ick die in caste hadde heten

490 2505 2196 208 soude my niet qualijck coemen daerom coeme

563 2616 2130 163 ue noch vrindelijck versoeken en vraghen

564 2735 2065 187 oft ue gelieft sich naer godt en conscirtie

568 2830 2112 165 te sehicken en van tijdt tot tijdt ten minsten

578 2928 2091 194 iets te betaelen op rekeninge om mij te

579 3045 1959 184 sou lageeren oft niet 2 anders moen ich

617 3165 2064 197 andere mesures nemen want het is ougoosel

548 3250 2102 207 dat ue my soo laet tersten daer ick ue soo

573 3384 2018 169 large gecrediteert en dienst gedaen hebbe

581 3466 2062 209 als sicke hebbe connck doen. ick votrouwe

504 3595 2119 159 my op ue dat ue ten minsten eenige compasste

561 3714 2032 54 sult hebben en naer soo veele minnielij e

2768 40 2265 167 versoeken eens opst beweeght worden om e

2773 129 2157 180 te betaelen waer op my verlaetende blijve

3107 290 164 88 221

2774 268 2262 188 Amsterd Franc. Rousseau   A19 a s 1713

2794 409 2087 197 sien bij ue aengenaeme 14 courant ue  niet

2801 507 2272 145 en inclineert om mijn goetvinden op tijdt te remmiseer

2796 636 2237 156 de wissel is te des avantagiens om te trecketn geloove

2849 734 2124 153 de venditie tot ostende daer te versaeke van is

2848 858 2115 182 ende dat sulckx niet lanck sal cominneeren

2834 933 2217 238 redene ick eeenige pourdaeghen hetselfde dieuy

2868 1087 2109 187 echter bidde ue in antwoort mij den course

2862 1186 2181 206 op london eens te noteeren en ue dgedaghten

2834 1277 2007 235 dien aengaende. soude wel inclineeren

2877 1418 2150 200 om die partje derrewaerts te laeten afgeven

2857 1533 2137 210 op 2 u sos op die tijdt cander veranderinge

2862 1652 2181 153 vooreoemen en beeter rendeeren als op cort

2856 1764 2108 171 sicht o ue te trecken. ick wenste mede wel

2869 1880 2056 175 dat goot geliefde occasie te geven om niet

2872 1921 2181 252 alleen de oude correspondentie  ue

2894 2088 2177 209 en onse familie te onderhouden maer om tot

2906 2200 2163 200 reproque ad vontagie te connen auy menteeren

2903 2303 2172 203 myen soude naers aengenaemer wesen ue de

2874 2422 1793 240 esleurenende dat van herten ben

2788 2533 2190 248 Rotterdam Jacques Meyers Ady ditto 1717

2924 2690 2134 242 geschreven over het proces en domesnques

2899 2852 2004 175 sacken weynigh van verant woordens du

4639 3007 106 90 un

2940 2981 847 168 riert pr notitie

4149 3070 836 190 Ady 25 ditto 1719

2828 3062 1094 198 Pachter Jacobus van Dijck

2863 3189 2195 192 Ick en can niet bedencken waerom ue sijne conditie niet

2892 3296 2170 172 en onderhout laest in de maent meij bij nu wesende

2891 3409 2052 174 heeft ue mij beloeft naer te sullen coemen dat is

2908 3502 2051 145 nn 3 maenden geleden en binness een maentis

2889 3616 2130 126 het tweede jaer packte versohenen. ick hebbe ten
