5199 3815
629 49 1987 141 ue proeder den selven voor den suffisansten war

629 133 1957 151 houdende ende daer op stalt machte heft ue de

655 177 2061 198 speculatice dat ditto vollaert verobligeert: salu dis

638 324 2031 164 petningen intehouden voor de opgesichte

639 433 1942 172 commey ende danderj daer van niet te laeten

653 546 2062 173 disponceren dat waere wel als daer penningen

626 642 2139 187 ten fine soude geavanceert wesen maer te cort

675 732 2100 207 coemende oft dad modiane soo veel met syt bien

590 862 2056 166 gende enshouden wij niets tot laste van p

682 962 2019 181 vollaert te pretendeeren hebben in gevalle de

620 1041 2148 211 ad modiateurs buysen staet geraeckten. dinthet

613 1163 2048 204 geene noodigh geoord elt hebbe ue ede te

655 1292 2064 135 communneeren ue nevens myn huysvrouwe

686 1373 1995 169 van herten veel geluckx wenschende over

636 1489 2065 143 het getolemmiseeren huwelijck ende de nietwe

655 1585 1856 179 gehoude alles leghen en propersteydt

599 1695 2033 133 wenschende blijve met versoeck van ons

621 1817 2022 147 compliment aen de selve der u proeder

652 1909 1987 130 huemen vaeder en dheer  u uwve

580 2005 1043 159 ten schoonsoone

1924 2033 571 189 20 Juny1719

545 2097 880 151 Busselle Shaegens

609 2130 2143 230 mij dunck dat ue met mij alle commertie affneijt ende

621 2249 2078 147 met mij niet miers te doen en welt hebbe Ick moete

626 2382 2169 177 patientie hebbe ue het dat cke van mijnen cant doenn

634 2439 2103 146 alles contritaeren wat mensch inde werelt soude con

652 2561 2035 130 nene doen om ue te fasiliteeren ick en sal het

659 2630 2136 188 noyt naer laeten verhoepende de tij den sullen beteren

661 2730 2111 158 en eens veranderen als wanneer ick allijts tot ue diens

635 2836 2142 183 sal wesen, midder lestijt versoecke ue eens op my te my

658 2931 2147 186 sen ondere considereeren dat uy niets van ons uy twae

607 3050 2125 155 de schulden en connen invoorderen en vervolgen

636 3131 2087 154 dat ue nu wederom aen mijn soo reche maetk ver

636 3218 2134 164 sock van iets op reck te betaelen niet en soude refe

665 3317 2071 146 doen Ict sel alleen ƒ300 wis: op reck trecken hebbe

662 3411 2093 188 taelen aen d'ordres Jacomo Rousseau biddende dat

669 3492 2016 202 niet te refusceren in afwachtinge vant selve

687 3636 332 114 blijve

2858 40 2108 186 Brussel Bo de Broyeer Ady 20 bnir 1719

2886 142 2124 232 ick verwaghte even wel van 27dt tot tijdt dat ue

2884 277 2199 169 ue Bemintt eens sal overcoemen volgens

2874 385 2240 202 lange gedaene beloften en een pasteyken akoopen

2892 504 2191 173 want die occasie en sal ue detden resconweeren

2896 658 2188 153 om soo schoone goet  tot soo es vrelen sprys

2902 736 2194 141 te coopen als ue nu doen cout its ge

2926 843 2133 148 ben uyt die affaire te seleyden middeller wil

2910 944 2202 188 coeme ue versoeken ƒ400:- wisselgelde

2936 1082 2155 147 rekeninge aen Dhr Jacomo Rousseau voor mij

2933 1198 2037 184 te betaelen die aen syn ordre sal trectien die

2917 1333 1864 145 niet en twijfele oft ue sal dir vereeren

2926 1398 2139 163 voor sooweel ick considerar hebbe gelijck ue

2945 1522 2044 169 bekent is en ue naer commooiteydt laete

2947 1631 1906 146 betaelen in hoepe van voorders met

2923 1735 2100 181 malhanderen te handelen blyvende naer

2931 1856 1464 174 Cordiaele groetenisse

4269 1960 578 166 22 Juny 1719

2883 1963 1012 173 Amsterdam JRousseau

2953 2045 2116 157 ue aengenaeme 14 april laest hebbe wel ontfangen

2973 2155 2083 136 dogh fauter van materie niet beantwoort gadt

2966 2214 2119 184 gave datter occasie mochte voorvallen om betere

2932 2306 2149 176 correspondentie te houden ick ben sck van le

2965 2408 2133 174 digheyt ende en wete niet hoe mijnen tijt overte

2945 2497 2174 127 blengen ende inder daet noch gelackigh want

2944 2589 2146 194 dent present niets en onderniemt niets en verleest

2973 2703 2133 139 want soo ickk van andere hoore al daer men de

2977 2793 2114 178 hant aenslaet generaelijck alles schaede rendient

2967 2891 2144 159 er hadde ue voor ontfanck ue messre gedebeter

2981 3026 2069 147 bane £19 voort haf jaer intrest verschenen 3

2950 3086 2159 184 februeaj laest van £7000 die ue sten ondere heeft

2958 3175 2078 185 ue he abieseerende te notieren 15  as dat

2946 3298 2151 146 15 maet want het eerste sedert die £1000 geloope

2947 3397 2152 112 hebbende is gevallen 3 ausjusbij vervolgens het volgen

2946 3465 2111 134 de 3 gebray en soo tot hnu het laeste dat 3 gecgustij

2944 3569 2136 111 totcoemende sal dapereeren min broeder bancel

2921 3626 2147 129 heeft mij uijt ue naem versocht mits hijue schuildigh
