<?xml version="1.0" encoding="UTF-8"?>
<alto xmlns:xsi="http://www.w3.org/2001/XMLSchema-instance"
      xmlns="http://www.loc.gov/standards/alto/ns-v4#"
      xmlns:page="http://schema.primaresearch.org/PAGE/gts/pagecontent/2013-07-15"
      xsi:schemaLocation="http://www.loc.gov/standards/alto/ns-v4# https://www.loc.gov/standards/alto/v4/alto.xsd">
   <Description>
      <MeasurementUnit>pixel</MeasurementUnit>
      <OCRProcessing ID="IdOcr">
         <ocrProcessingStep>
            <processingDateTime>2022-02-11T21:33:57.928+01:00</processingDateTime>
            <processingSoftware>
               <softwareCreator>READ COOP</softwareCreator>
               <softwareName>Transkribus</softwareName>
            </processingSoftware>
         </ocrProcessingStep>
      </OCRProcessing>
   </Description>
   <Layout>
      <Page ID="Page1" PHYSICAL_IMG_NR="1" HEIGHT="3815" WIDTH="5199">
         <TopMargin HEIGHT="0" WIDTH="5199" VPOS="0" HPOS="0"/>
         <LeftMargin HEIGHT="3815" WIDTH="0" VPOS="0" HPOS="0"/>
         <RightMargin HEIGHT="3815" WIDTH="0" VPOS="0" HPOS="5199"/>
         <BottomMargin HEIGHT="0" WIDTH="5199" VPOS="3815" HPOS="0"/>
         <PrintSpace HEIGHT="3815" WIDTH="5199" VPOS="0" HPOS="0">
            <TextBlock ID="region_1644324338549_9203"
                       HEIGHT="3485"
                       WIDTH="2292"
                       VPOS="0"
                       HPOS="487">
               <Shape>
                  <Polygon POINTS="487,-10 2779,-10 2779,3485 487,3485"/>
               </Shape>
               <TextLine ID="region_1644324338549_9203l1"
                         BASELINE="550,174 649,167 748,162 848,158 947,156 1047,154 1146,154 1245,156 1345,158 1444,159 1544,162 1643,163 1742,164 1842,166 1941,166 2041,164 2140,161 2239,157 2339,150 2438,141 2538,130"
                         HEIGHT="199"
                         WIDTH="2017"
                         VPOS="39"
                         HPOS="536">
                  <String ID="string_region_1644324338549_9203l1"
                          HEIGHT="199"
                          WIDTH="2017"
                          VPOS="39"
                          HPOS="536"
                          CONTENT="Brussel JoBerdaels Ady 20 mart 1713"/>
               </TextLine>
               <TextLine ID="region_1644324338549_9203l2"
                         BASELINE="642,304 745,297 849,291 953,286 1057,284 1161,282 1264,280 1368,280 1472,280 1576,282 1680,282 1783,284 1887,284 1991,284 2095,284 2199,282 2302,280 2406,276 2510,270 2614,264 2718,254"
                         HEIGHT="176"
                         WIDTH="2105"
                         VPOS="158"
                         HPOS="626">
                  <String ID="string_region_1644324338549_9203l2"
                          HEIGHT="176"
                          WIDTH="2105"
                          VPOS="158"
                          HPOS="626"
                          CONTENT="ue aengenaeme van 4 deser hebbe wel ontfangen"/>
               </TextLine>
               <TextLine ID="region_1644324338549_9203l3"
                         BASELINE="666,416 771,410 876,404 982,399 1087,396 1193,394 1298,392 1403,392 1509,392 1614,392 1720,392 1825,390 1930,390 2036,390 2141,388 2247,386 2352,384 2457,378 2563,372 2668,366 2774,358"
                         HEIGHT="201"
                         WIDTH="2136"
                         VPOS="263"
                         HPOS="652">
                  <String ID="string_region_1644324338549_9203l3"
                          HEIGHT="201"
                          WIDTH="2136"
                          VPOS="263"
                          HPOS="652"
                          CONTENT="Ick de sulkeere ue 314: 6 Ick hadde hhet selfs vergeeten"/>
               </TextLine>
               <TextLine ID="region_1644324338549_9203l4"
                         BASELINE="692,532 793,523 895,514 996,509 1098,504 1200,502 1301,498 1403,498 1504,496 1606,496 1708,496 1809,494 1911,494 2012,493 2114,492 2216,488 2317,486 2419,482 2520,476 2622,469 2724,460"
                         HEIGHT="169"
                         WIDTH="2060"
                         VPOS="376"
                         HPOS="676">
                  <String ID="string_region_1644324338549_9203l4"
                          HEIGHT="169"
                          WIDTH="2060"
                          VPOS="376"
                          HPOS="676"
                          CONTENT="bek trecke dansuich inbriefte betaelen and dordre "/>
               </TextLine>
               <TextLine ID="region_1644324338549_9203l5"
                         BASELINE="642,636 745,628 849,620 952,615 1056,610 1160,606 1263,602 1367,600 1470,598 1574,596 1678,594 1781,593 1885,592 1988,590 2092,588 2196,586 2299,582 2403,578 2506,573 2610,567 2714,560"
                         HEIGHT="201"
                         WIDTH="2104"
                         VPOS="472"
                         HPOS="625">
                  <String ID="string_region_1644324338549_9203l5"
                          HEIGHT="201"
                          WIDTH="2104"
                          VPOS="472"
                          HPOS="625"
                          CONTENT="Jacomo Rousseau £8: 613 vlaems wisselgelle op"/>
               </TextLine>
               <TextLine ID="region_1644324338549_9203l6"
                         BASELINE="684,734 785,726 887,720 988,714 1090,710 1191,706 1293,704 1394,702 1496,700 1597,698 1699,698 1800,696 1902,694 2003,692 2105,689 2206,686 2308,683 2409,678 2511,673 2612,666 2714,656"
                         HEIGHT="199"
                         WIDTH="2060"
                         VPOS="572"
                         HPOS="669">
                  <String ID="string_region_1644324338549_9203l6"
                          HEIGHT="199"
                          WIDTH="2060"
                          VPOS="572"
                          HPOS="669"
                          CONTENT="licht het welck versoeke prompt gelieft te voldoen"/>
               </TextLine>
               <TextLine ID="region_1644324338549_9203l7"
                         BASELINE="708,832 810,824 913,818 1016,813 1119,810 1222,807 1325,805 1428,802 1531,802 1634,800 1737,799 1839,798 1942,796 2045,794 2148,792 2251,788 2354,785 2457,780 2560,774 2663,767 2766,758"
                         HEIGHT="229"
                         WIDTH="2089"
                         VPOS="659"
                         HPOS="691">
                  <String ID="string_region_1644324338549_9203l7"
                          HEIGHT="229"
                          WIDTH="2089"
                          VPOS="659"
                          HPOS="691"
                          CONTENT="betaelt en ingetrocken weekende sal het ue dienen"/>
               </TextLine>
               <TextLine ID="region_1644324338549_9203l8"
                         BASELINE="716,942 815,932 915,924 1014,918 1114,913 1214,909 1313,906 1413,904 1512,902 1612,902 1712,900 1811,900 1911,898 2010,896 2110,894 2210,891 2309,887 2409,882 2508,875 2608,867 2708,856"
                         HEIGHT="179"
                         WIDTH="2021"
                         VPOS="795"
                         HPOS="701">
                  <String ID="string_region_1644324338549_9203l8"
                          HEIGHT="179"
                          WIDTH="2021"
                          VPOS="795"
                          HPOS="701"
                          CONTENT="tot ville afccharge en quittantie van alle het "/>
               </TextLine>
               <TextLine ID="region_1644324338549_9203l9"
                         BASELINE="706,1042 809,1033 912,1026 1015,1020 1118,1016 1222,1012 1325,1010 1428,1008 1531,1008 1634,1006 1738,1006 1841,1006 1944,1006 2047,1004 2150,1003 2254,1001 2357,998 2460,993 2563,986 2666,979 2770,968"
                         HEIGHT="177"
                         WIDTH="2094"
                         VPOS="865"
                         HPOS="691">
                  <String ID="string_region_1644324338549_9203l9"
                          HEIGHT="177"
                          WIDTH="2094"
                          VPOS="865"
                          HPOS="691"
                          CONTENT="gene wydedt te saemen gedaen hebben in volgeen"/>
               </TextLine>
               <TextLine ID="region_1644324338549_9203l10"
                         BASELINE="684,1152 782,1143 881,1134 980,1127 1079,1123 1178,1118 1276,1116 1375,1114 1474,1113 1573,1112 1672,1112 1770,1112 1869,1112 1968,1110 2067,1110 2166,1108 2264,1104 2363,1100 2462,1096 2561,1088 2660,1080"
                         HEIGHT="195"
                         WIDTH="2006"
                         VPOS="982"
                         HPOS="668">
                  <String ID="string_region_1644324338549_9203l10"
                          HEIGHT="195"
                          WIDTH="2006"
                          VPOS="982"
                          HPOS="668"
                          CONTENT="tot dato hed en 20 meert 74 verhoepende win"/>
               </TextLine>
               <TextLine ID="region_1644324338549_9203l11"
                         BASELINE="682,1262 782,1251 883,1243 984,1237 1085,1232 1186,1228 1286,1228 1387,1226 1488,1226 1589,1226 1690,1226 1790,1226 1891,1226 1992,1226 2093,1224 2194,1222 2294,1218 2395,1211 2496,1204 2597,1193 2698,1180"
                         HEIGHT="227"
                         WIDTH="2046"
                         VPOS="1065"
                         HPOS="666">
                  <String ID="string_region_1644324338549_9203l11"
                          HEIGHT="227"
                          WIDTH="2046"
                          VPOS="1065"
                          HPOS="666"
                          CONTENT="voorders te saemen sallen haudelen en bij ne"/>
               </TextLine>
               <TextLine ID="region_1644324338549_9203l12"
                         BASELINE="694,1356 796,1345 898,1338 1001,1332 1103,1329 1206,1328 1308,1326 1410,1326 1513,1328 1615,1328 1718,1330 1820,1331 1922,1332 2025,1332 2127,1330 2230,1327 2332,1321 2434,1316 2537,1307 2639,1295 2742,1280"
                         HEIGHT="177"
                         WIDTH="2077"
                         VPOS="1203"
                         HPOS="680">
                  <String ID="string_region_1644324338549_9203l12"
                          HEIGHT="177"
                          WIDTH="2077"
                          VPOS="1203"
                          HPOS="680"
                          CONTENT="over coemste eene uieuwe reken beginnen waer"/>
               </TextLine>
               <TextLine ID="region_1644324338549_9203l13"
                         BASELINE="696,1444 800,1437 904,1432 1008,1428 1112,1426 1216,1425 1320,1424 1424,1425 1528,1426 1632,1426 1737,1428 1841,1428 1945,1428 2049,1428 2153,1425 2257,1422 2361,1418 2465,1410 2569,1401 2673,1390 2778,1376"
                         HEIGHT="160"
                         WIDTH="2109"
                         VPOS="1334"
                         HPOS="681">
                  <String ID="string_region_1644324338549_9203l13"
                          HEIGHT="160"
                          WIDTH="2109"
                          VPOS="1334"
                          HPOS="681"
                          CONTENT="toe ue mijn dienst offreere ue verseekerende dat "/>
               </TextLine>
               <TextLine ID="region_1644324338549_9203l14"
                         BASELINE="680,1556 782,1547 885,1540 988,1534 1091,1530 1194,1528 1297,1526 1400,1524 1503,1524 1606,1524 1709,1524 1811,1524 1914,1524 2017,1524 2120,1524 2223,1523 2326,1522 2429,1520 2532,1516 2635,1512 2738,1506"
                         HEIGHT="169"
                         WIDTH="2085"
                         VPOS="1451"
                         HPOS="666">
                  <String ID="string_region_1644324338549_9203l14"
                          HEIGHT="169"
                          WIDTH="2085"
                          VPOS="1451"
                          HPOS="666"
                          CONTENT="Ick alles sal doen wat in mijn maght  in alle"/>
               </TextLine>
               <TextLine ID="region_1644324338549_9203l15"
                         BASELINE="690,1654 791,1647 892,1640 993,1636 1094,1632 1195,1628 1296,1626 1397,1624 1498,1624 1599,1624 1700,1622 1801,1622 1902,1622 2003,1620 2104,1620 2205,1618 2306,1616 2407,1612 2508,1608 2609,1603 2710,1596"
                         HEIGHT="149"
                         WIDTH="2050"
                         VPOS="1523"
                         HPOS="674">
                  <String ID="string_region_1644324338549_9203l15"
                          HEIGHT="149"
                          WIDTH="2050"
                          VPOS="1523"
                          HPOS="674"
                          CONTENT="voorvallenk occasiens om ue civiel en wel naer ue "/>
               </TextLine>
               <TextLine ID="region_1644324338549_9203l16"
                         BASELINE="706,1742 809,1738 913,1734 1016,1732 1120,1728 1224,1726 1327,1724 1431,1722 1534,1720 1638,1718 1742,1716 1845,1714 1949,1713 2052,1712 2156,1710 2260,1708 2363,1704 2467,1702 2570,1698 2674,1694 2778,1690"
                         HEIGHT="148"
                         WIDTH="2101"
                         VPOS="1621"
                         HPOS="691">
                  <String ID="string_region_1644324338549_9203l16"
                          HEIGHT="148"
                          WIDTH="2101"
                          VPOS="1621"
                          HPOS="691"
                          CONTENT="contentement tebedienen waer op ue magh staet"/>
               </TextLine>
               <TextLine ID="region_1644324338549_9203l17"
                         BASELINE="694,1840 798,1833 902,1826 1006,1822 1111,1819 1215,1816 1319,1814 1424,1812 1528,1812 1632,1810 1737,1810 1841,1808 1945,1806 2049,1806 2154,1804 2258,1800 2362,1797 2467,1793 2571,1787 2675,1781 2780,1772"
                         HEIGHT="171"
                         WIDTH="2117"
                         VPOS="1705"
                         HPOS="679">
                  <String ID="string_region_1644324338549_9203l17"
                          HEIGHT="171"
                          WIDTH="2117"
                          VPOS="1705"
                          HPOS="679"
                          CONTENT="maeken ende gelooven dat ben naereerdeaele groeten"/>
               </TextLine>
               <TextLine ID="region_1644324338549_9203l18"
                         BASELINE="540,1972 648,1960 756,1949 865,1942 973,1934 1082,1930 1190,1928 1298,1926 1407,1924 1515,1924 1624,1924 1732,1924 1840,1924 1949,1924 2057,1922 2166,1920 2274,1917 2382,1912 2491,1907 2599,1898 2708,1888"
                         HEIGHT="219"
                         WIDTH="2197"
                         VPOS="1807"
                         HPOS="525">
                  <String ID="string_region_1644324338549_9203l18"
                          HEIGHT="219"
                          WIDTH="2197"
                          VPOS="1807"
                          HPOS="525"
                          CONTENT="Brussel Joannes haeghens Ady 20 meert 1719"/>
               </TextLine>
               <TextLine ID="region_1644324338549_9203l19"
                         BASELINE="640,2072 739,2065 838,2060 938,2054 1037,2052 1137,2050 1236,2048 1335,2048 1435,2048 1534,2048 1634,2049 1733,2050 1832,2050 1932,2050 2031,2050 2131,2050 2230,2048 2329,2044 2429,2040 2528,2036 2628,2028"
                         HEIGHT="170"
                         WIDTH="2015"
                         VPOS="1919"
                         HPOS="626">
                  <String ID="string_region_1644324338549_9203l19"
                          HEIGHT="170"
                          WIDTH="2015"
                          VPOS="1919"
                          HPOS="626"
                          CONTENT="mit ue my psene laeste midtve van de febra"/>
               </TextLine>
               <TextLine ID="region_1644324338549_9203l20"
                         BASELINE="646,2194 750,2188 854,2181 959,2175 1063,2172 1168,2168 1272,2165 1376,2162 1481,2161 1585,2160 1690,2158 1794,2156 1898,2154 2003,2152 2107,2150 2212,2148 2316,2144 2420,2140 2525,2134 2629,2128 2734,2120"
                         HEIGHT="199"
                         WIDTH="2117"
                         VPOS="2030"
                         HPOS="629">
                  <String ID="string_region_1644324338549_9203l20"
                          HEIGHT="199"
                          WIDTH="2117"
                          VPOS="2030"
                          HPOS="629"
                          CONTENT="beloeft hetft in den vasten noch £200:- op rekeninge"/>
               </TextLine>
               <TextLine ID="region_1644324338549_9203l21"
                         BASELINE="664,2296 763,2289 863,2282 963,2277 1063,2272 1163,2268 1262,2266 1362,2263 1462,2260 1562,2258 1662,2256 1761,2254 1861,2253 1961,2251 2061,2249 2161,2246 2260,2243 2360,2240 2460,2236 2560,2231 2660,2224"
                         HEIGHT="167"
                         WIDTH="2024"
                         VPOS="2178"
                         HPOS="649">
                  <String ID="string_region_1644324338549_9203l21"
                          HEIGHT="167"
                          WIDTH="2024"
                          VPOS="2178"
                          HPOS="649"
                          CONTENT="te betaelen ende nu halt vasten gepasseerte s0"/>
               </TextLine>
               <TextLine ID="region_1644324338549_9203l22"
                         BASELINE="676,2400 778,2397 881,2394 984,2390 1087,2386 1190,2382 1292,2379 1395,2376 1498,2372 1601,2368 1704,2364 1806,2361 1909,2358 2012,2354 2115,2350 2218,2346 2320,2344 2423,2340 2526,2336 2629,2333 2732,2330"
                         HEIGHT="208"
                         WIDTH="2088"
                         VPOS="2217"
                         HPOS="661">
                  <String ID="string_region_1644324338549_9203l22"
                          HEIGHT="208"
                          WIDTH="2088"
                          VPOS="2217"
                          HPOS="661"
                          CONTENT="mecke de selve op ue op  naer sicht aen dord"/>
               </TextLine>
               <TextLine ID="region_1644324338549_9203l23"
                         BASELINE="660,2510 761,2506 862,2502 963,2498 1064,2495 1166,2490 1267,2486 1368,2483 1469,2479 1570,2475 1672,2470 1773,2466 1874,2462 1975,2458 2076,2454 2178,2448 2279,2444 2380,2439 2481,2434 2582,2428 2684,2424"
                         HEIGHT="224"
                         WIDTH="2051"
                         VPOS="2349"
                         HPOS="643">
                  <String ID="string_region_1644324338549_9203l23"
                          HEIGHT="224"
                          WIDTH="2051"
                          VPOS="2349"
                          HPOS="643"
                          CONTENT="Jacomo Rousseau die gelieft te accepteeren ende "/>
               </TextLine>
               <TextLine ID="region_1644324338549_9203l24"
                         BASELINE="604,2626 712,2620 821,2614 930,2609 1038,2603 1147,2598 1256,2593 1364,2588 1473,2584 1582,2578 1691,2574 1799,2570 1908,2564 2017,2559 2125,2555 2234,2548 2343,2542 2451,2536 2560,2528 2669,2520 2778,2512"
                         HEIGHT="259"
                         WIDTH="2205"
                         VPOS="2422"
                         HPOS="588">
                  <String ID="string_region_1644324338549_9203l24"
                          HEIGHT="259"
                          WIDTH="2205"
                          VPOS="2422"
                          HPOS="588"
                          CONTENT="vervolgens het synen lijkex volgoen die heeft de"/>
               </TextLine>
               <TextLine ID="region_1644324338549_9203l25"
                         BASELINE="660,2726 765,2716 870,2709 975,2701 1080,2695 1185,2689 1290,2684 1395,2681 1500,2676 1605,2674 1710,2671 1815,2668 1920,2664 2025,2661 2130,2658 2235,2653 2340,2649 2445,2644 2550,2638 2655,2631 2760,2624"
                         HEIGHT="202"
                         WIDTH="2134"
                         VPOS="2534"
                         HPOS="642">
                  <String ID="string_region_1644324338549_9203l25"
                          HEIGHT="202"
                          WIDTH="2134"
                          VPOS="2534"
                          HPOS="642"
                          CONTENT="negonst in mijn resganre genoegh vermundert vant "/>
               </TextLine>
               <TextLine ID="region_1644324338549_9203l26"
                         BASELINE="632,2838 736,2827 841,2817 945,2810 1050,2801 1155,2795 1259,2789 1364,2784 1468,2780 1573,2776 1678,2774 1782,2770 1887,2767 1991,2764 2096,2760 2201,2756 2305,2752 2410,2748 2514,2743 2619,2738 2724,2730"
                         HEIGHT="211"
                         WIDTH="2124"
                         VPOS="2669"
                         HPOS="614">
                  <String ID="string_region_1644324338549_9203l26"
                          HEIGHT="211"
                          WIDTH="2124"
                          VPOS="2669"
                          HPOS="614"
                          CONTENT="Sedert 13 gber 171 en hebbe jch ue niet een spuich "/>
               </TextLine>
               <TextLine ID="region_1644324338549_9203l27"
                         BASELINE="688,2924 790,2917 892,2912 994,2906 1097,2901 1199,2896 1301,2892 1404,2888 1506,2884 1608,2881 1711,2876 1813,2874 1915,2870 2017,2866 2120,2862 2222,2858 2324,2852 2427,2847 2529,2843 2631,2837 2734,2830"
                         HEIGHT="228"
                         WIDTH="2078"
                         VPOS="2748"
                         HPOS="673">
                  <String ID="string_region_1644324338549_9203l27"
                          HEIGHT="228"
                          WIDTH="2078"
                          VPOS="2748"
                          HPOS="673"
                          CONTENT="meer vercognt oft gelvert sat hodt bevere sk"/>
               </TextLine>
               <TextLine ID="region_1644324338549_9203l28"
                         BASELINE="644,3018 750,3012 857,3006 963,3002 1070,2996 1176,2992 1283,2989 1389,2986 1496,2984 1602,2980 1709,2978 1815,2975 1922,2972 2028,2969 2135,2965 2241,2960 2348,2956 2454,2951 2561,2944 2667,2936 2774,2928"
                         HEIGHT="187"
                         WIDTH="2158"
                         VPOS="2847"
                         HPOS="629">
                  <String ID="string_region_1644324338549_9203l28"
                          HEIGHT="187"
                          WIDTH="2158"
                          VPOS="2847"
                          HPOS="629"
                          CONTENT="en wensche maer de ecasie om ue te stenenen het "/>
               </TextLine>
               <TextLine ID="region_1644324338549_9203l29"
                         BASELINE="664,3110 759,3101 854,3095 949,3090 1045,3086 1140,3083 1235,3080 1331,3078 1426,3076 1521,3076 1617,3074 1712,3072 1807,3070 1902,3068 1998,3064 2093,3061 2188,3056 2284,3050 2379,3043 2474,3032 2570,3022"
                         HEIGHT="198"
                         WIDTH="1936"
                         VPOS="2963"
                         HPOS="648">
                  <String ID="string_region_1644324338549_9203l29"
                          HEIGHT="198"
                          WIDTH="1936"
                          VPOS="2963"
                          HPOS="648"
                          CONTENT="faveur van met ue te moogen continueeren"/>
               </TextLine>
               <TextLine ID="region_1644324338549_9203l30"
                         BASELINE="644,3208 748,3200 852,3192 956,3188 1061,3183 1165,3179 1269,3176 1374,3172 1478,3170 1582,3168 1687,3166 1791,3164 1895,3160 1999,3158 2104,3155 2208,3151 2312,3146 2417,3140 2521,3133 2625,3126 2730,3116"
                         HEIGHT="219"
                         WIDTH="2118"
                         VPOS="3039"
                         HPOS="626">
                  <String ID="string_region_1644324338549_9203l30"
                          HEIGHT="219"
                          WIDTH="2118"
                          VPOS="3039"
                          HPOS="626"
                          CONTENT="die verleekerende dat het van ue intrest sal weten "/>
               </TextLine>
               <TextLine ID="region_1644324338549_9203l31"
                         BASELINE="654,3294 759,3288 865,3284 970,3280 1076,3276 1182,3272 1287,3268 1393,3266 1498,3262 1604,3259 1710,3256 1815,3254 1921,3251 2026,3249 2132,3246 2238,3244 2343,3241 2449,3238 2554,3236 2660,3232 2766,3228"
                         HEIGHT="165"
                         WIDTH="2143"
                         VPOS="3145"
                         HPOS="639">
                  <String ID="string_region_1644324338549_9203l31"
                          HEIGHT="165"
                          WIDTH="2143"
                          VPOS="3145"
                          HPOS="639"
                          CONTENT="ende dat ue niemandt soo civiel in alle occasien"/>
               </TextLine>
               <TextLine ID="region_1644324338549_9203l32"
                         BASELINE="638,3400 722,3398 807,3396 892,3392 977,3389 1062,3385 1146,3382 1231,3378 1316,3374 1401,3370 1486,3366 1570,3364 1655,3360 1740,3358 1825,3356 1910,3354 1994,3352 2079,3352 2164,3352 2249,3354 2334,3356"
                         HEIGHT="194"
                         WIDTH="1730"
                         VPOS="3256"
                         HPOS="620">
                  <String ID="string_region_1644324338549_9203l32"
                          HEIGHT="194"
                          WIDTH="1730"
                          VPOS="3256"
                          HPOS="620"
                          CONTENT="en sal bedrenen als ick die blijve"/>
               </TextLine>
            </TextBlock>
            <TextBlock ID="region_1644324343277_9206"
                       HEIGHT="3769"
                       WIDTH="2326"
                       VPOS="28"
                       HPOS="2827">
               <Shape>
                  <Polygon POINTS="2827,28 5153,28 5153,3797 2827,3797"/>
               </Shape>
               <TextLine ID="region_1644324343277_9206l1"
                         BASELINE="4188,156 4225,154 4263,153 4300,151 4338,148 4376,145 4413,142 4451,139 4488,136 4526,132 4564,131 4601,128 4639,125 4676,122 4714,120 4752,117 4789,116 4827,114 4864,114 4902,114 4940,114"
                         HEIGHT="164"
                         WIDTH="784"
                         VPOS="46"
                         HPOS="4172">
                  <String ID="string_region_1644324343277_9206l1"
                          HEIGHT="164"
                          WIDTH="784"
                          VPOS="46"
                          HPOS="4172"
                          CONTENT="Ady 20 mars 1719"/>
               </TextLine>
               <TextLine ID="region_1644324343277_9206l2"
                         BASELINE="2836,196 2886,189 2936,184 2986,179 3036,174 3086,170 3136,166 3186,164 3236,161 3286,158 3336,157 3386,156 3436,155 3486,154 3536,154 3586,152 3636,152 3686,152 3736,152 3786,152 3836,150"
                         HEIGHT="187"
                         WIDTH="1032"
                         VPOS="51"
                         HPOS="2818">
                  <String ID="string_region_1644324343277_9206l2"
                          HEIGHT="187"
                          WIDTH="1032"
                          VPOS="51"
                          HPOS="2818"
                          CONTENT="Bruxelles Jacomo Roussau"/>
               </TextLine>
               <TextLine ID="region_1644324343277_9206l3"
                         BASELINE="2890,300 2995,296 3100,292 3205,290 3310,286 3415,284 3520,282 3625,280 3730,278 3835,275 3940,274 4045,271 4150,269 4255,266 4360,264 4465,260 4570,257 4675,252 4780,248 4885,243 4990,236"
                         HEIGHT="233"
                         WIDTH="2131"
                         VPOS="136"
                         HPOS="2873">
                  <String ID="string_region_1644324343277_9206l3"
                          HEIGHT="233"
                          WIDTH="2131"
                          VPOS="136"
                          HPOS="2873"
                          CONTENT="Jayneau lhonneur de la vre du 8 du courant en son"/>
               </TextLine>
               <TextLine ID="region_1644324343277_9206l4"
                         BASELINE="2882,410 2992,410 3102,408 3212,406 3322,404 3433,400 3543,398 3653,394 3763,390 3873,386 3984,382 4094,378 4204,374 4314,368 4424,364 4535,360 4645,355 4755,351 4865,346 4975,342 5086,338"
                         HEIGHT="190"
                         WIDTH="2232"
                         VPOS="253"
                         HPOS="2868">
                  <String ID="string_region_1644324343277_9206l4"
                          HEIGHT="190"
                          WIDTH="2232"
                          VPOS="253"
                          HPOS="2868"
                          CONTENT="temps. cs incluse ie vous remette en deux de mes paites"/>
               </TextLine>
               <TextLine ID="region_1644324343277_9206l5"
                         BASELINE="2898,534 3001,527 3104,522 3208,518 3311,513 3415,509 3518,505 3621,502 3725,499 3828,496 3932,494 4035,490 4138,488 4242,484 4345,481 4449,478 4552,474 4655,470 4759,465 4862,459 4966,454"
                         HEIGHT="207"
                         WIDTH="2102"
                         VPOS="360"
                         HPOS="2880">
                  <String ID="string_region_1644324343277_9206l5"
                          HEIGHT="207"
                          WIDTH="2102"
                          VPOS="360"
                          HPOS="2880"
                          CONTENT="en vre faveur seavoir jours de vend sur les Jean"/>
               </TextLine>
               <TextLine ID="region_1644324343277_9206l6"
                         BASELINE="2870,652 2980,645 3090,640 3201,634 3311,630 3422,626 3532,622 3642,619 3753,616 3863,614 3974,610 4084,608 4194,604 4305,601 4415,597 4526,593 4636,588 4746,582 4857,577 4967,569 5078,560"
                         HEIGHT="176"
                         WIDTH="2238"
                         VPOS="505"
                         HPOS="2853">
                  <String ID="string_region_1644324343277_9206l6"
                          HEIGHT="176"
                          WIDTH="2238"
                          VPOS="505"
                          HPOS="2853"
                          CONTENT="haeyheus ƒ200: de change t £58:6:3 de change avec "/>
               </TextLine>
               <TextLine ID="region_1644324343277_9206l7"
                         BASELINE="2898,782 3002,774 3106,766 3210,760 3314,754 3418,749 3522,746 3626,741 3730,738 3834,736 3938,732 4042,728 4146,726 4250,722 4354,718 4458,714 4562,709 4666,702 4770,696 4874,688 4978,678"
                         HEIGHT="234"
                         WIDTH="2113"
                         VPOS="596"
                         HPOS="2880">
                  <String ID="string_region_1644324343277_9206l7"
                          HEIGHT="234"
                          WIDTH="2113"
                          VPOS="596"
                          HPOS="2880"
                          CONTENT="sur les B Beye aels. ie vous prie en procurer"/>
               </TextLine>
               <TextLine ID="region_1644324343277_9206l8"
                         BASELINE="2892,896 2998,886 3104,876 3210,870 3316,863 3422,858 3528,852 3634,849 3740,846 3846,842 3953,840 4059,836 4165,834 4271,830 4377,826 4483,822 4589,816 4695,809 4801,801 4907,792 5014,782"
                         HEIGHT="182"
                         WIDTH="2152"
                         VPOS="740"
                         HPOS="2875">
                  <String ID="string_region_1644324343277_9206l8"
                          HEIGHT="182"
                          WIDTH="2152"
                          VPOS="740"
                          HPOS="2875"
                          CONTENT="requis en sou temps m'en crediter et m honnorer "/>
               </TextLine>
               <TextLine ID="region_1644324343277_9206l9"
                         BASELINE="2904,1012 2971,1004 3039,997 3107,990 3174,983 3242,978 3310,974 3377,969 3445,966 3513,962 3581,960 3648,956 3716,954 3784,952 3851,950 3919,948 3987,946 4054,944 4122,942 4190,940 4258,938"
                         HEIGHT="181"
                         WIDTH="1383"
                         VPOS="853"
                         HPOS="2885">
                  <String ID="string_region_1644324343277_9206l9"
                          HEIGHT="181"
                          WIDTH="1383"
                          VPOS="853"
                          HPOS="2885"
                          CONTENT="d'un mot d'advis. ie medit "/>
               </TextLine>
               <TextLine ID="region_1644324343277_9206l10"
                         BASELINE="4306,1018 4332,1018 4358,1018 4384,1016 4410,1016 4437,1014 4463,1014 4489,1012 4515,1012 4541,1010 4568,1009 4594,1007 4620,1005 4646,1003 4672,1001 4699,999 4725,997 4751,994 4777,991 4803,989 4830,986"
                         HEIGHT="122"
                         WIDTH="554"
                         VPOS="937"
                         HPOS="4290">
                  <String ID="string_region_1644324343277_9206l10"
                          HEIGHT="122"
                          WIDTH="554"
                          VPOS="937"
                          HPOS="4290"
                          CONTENT="28 mars 1719"/>
               </TextLine>
               <TextLine ID="region_1644324343277_9206l11"
                         BASELINE="2892,1106 2937,1102 2982,1097 3027,1093 3072,1090 3118,1085 3163,1081 3208,1078 3253,1073 3298,1069 3344,1066 3389,1065 3434,1061 3479,1059 3524,1056 3570,1054 3615,1052 3660,1051 3705,1050 3750,1048 3796,1048"
                         HEIGHT="154"
                         WIDTH="940"
                         VPOS="988"
                         HPOS="2872">
                  <String ID="string_region_1644324343277_9206l11"
                          HEIGHT="154"
                          WIDTH="940"
                          VPOS="988"
                          HPOS="2872"
                          CONTENT="Rotterdam Jaques meyers"/>
               </TextLine>
               <TextLine ID="region_1644324343277_9206l12"
                         BASELINE="2914,1178 3022,1172 3130,1167 3239,1162 3347,1156 3456,1150 3564,1144 3672,1138 3781,1132 3889,1127 3998,1122 4106,1115 4214,1110 4323,1104 4431,1099 4540,1092 4648,1088 4756,1083 4865,1078 4973,1072 5082,1068"
                         HEIGHT="227"
                         WIDTH="2199"
                         VPOS="989"
                         HPOS="2897">
                  <String ID="string_region_1644324343277_9206l12"
                          HEIGHT="227"
                          WIDTH="2199"
                          VPOS="989"
                          HPOS="2897"
                          CONTENT="naer het ontfangen ue messwe datto 17 court heeft sijn"/>
               </TextLine>
               <TextLine ID="region_1644324343277_9206l13"
                         BASELINE="2910,1250 3015,1246 3120,1242 3225,1238 3330,1232 3436,1227 3541,1222 3646,1216 3751,1211 3856,1204 3962,1200 4067,1194 4172,1187 4277,1182 4382,1176 4488,1170 4593,1164 4698,1159 4803,1153 4908,1148 5014,1144"
                         HEIGHT="202"
                         WIDTH="2136"
                         VPOS="1075"
                         HPOS="2896">
                  <String ID="string_region_1644324343277_9206l13"
                          HEIGHT="202"
                          WIDTH="2136"
                          VPOS="1075"
                          HPOS="2896"
                          CONTENT="hoont weerdigheyt den heere bischop goet gevonden thi"/>
               </TextLine>
               <TextLine ID="region_1644324343277_9206l14"
                         BASELINE="2914,1338 3023,1335 3132,1331 3242,1327 3351,1322 3461,1318 3570,1313 3679,1308 3789,1302 3898,1296 4008,1292 4117,1286 4226,1280 4336,1274 4445,1269 4555,1263 4664,1258 4773,1253 4883,1247 4992,1241 5102,1236"
                         HEIGHT="244"
                         WIDTH="2219"
                         VPOS="1136"
                         HPOS="2899">
                  <String ID="string_region_1644324343277_9206l14"
                          HEIGHT="244"
                          WIDTH="2219"
                          VPOS="1136"
                          HPOS="2899"
                          CONTENT="illbaer van xel te sprecken ende naer datum mij te "/>
               </TextLine>
               <TextLine ID="region_1644324343277_9206l15"
                         BASELINE="2930,1402 3034,1400 3138,1398 3242,1396 3346,1394 3450,1390 3554,1387 3658,1383 3762,1380 3866,1375 3970,1371 4074,1368 4178,1362 4282,1358 4386,1352 4490,1347 4594,1342 4698,1338 4802,1332 4906,1326 5010,1322"
                         HEIGHT="193"
                         WIDTH="2110"
                         VPOS="1253"
                         HPOS="2915">
                  <String ID="string_region_1644324343277_9206l15"
                          HEIGHT="193"
                          WIDTH="2110"
                          VPOS="1253"
                          HPOS="2915"
                          CONTENT="ontbuden tot 2 diverse reyse ider separaet doch alles"/>
               </TextLine>
               <TextLine ID="region_1644324343277_9206l16"
                         BASELINE="2906,1486 3015,1484 3125,1482 3235,1478 3345,1476 3455,1472 3564,1468 3674,1464 3784,1461 3894,1457 4004,1452 4113,1447 4223,1444 4333,1438 4443,1434 4553,1430 4662,1424 4772,1418 4882,1414 4992,1408 5102,1404"
                         HEIGHT="244"
                         WIDTH="2222"
                         VPOS="1322"
                         HPOS="2891">
                  <String ID="string_region_1644324343277_9206l16"
                          HEIGHT="244"
                          WIDTH="2222"
                          VPOS="1322"
                          HPOS="2891"
                          CONTENT="sonder effect het menste en vrechteloos blijvende ditto"/>
               </TextLine>
               <TextLine ID="region_1644324343277_9206l17"
                         BASELINE="2930,1576 3039,1574 3148,1572 3258,1568 3367,1565 3477,1561 3586,1556 3695,1552 3805,1547 3914,1542 4024,1538 4133,1533 4242,1528 4352,1524 4461,1520 4571,1516 4680,1512 4789,1510 4899,1508 5008,1506 5118,1504"
                         HEIGHT="218"
                         WIDTH="2216"
                         VPOS="1416"
                         HPOS="2914">
                  <String ID="string_region_1644324343277_9206l17"
                          HEIGHT="218"
                          WIDTH="2216"
                          VPOS="1416"
                          HPOS="2914"
                          CONTENT="heer plebaen bij sijn voornemen pretenderende wel getord"/>
               </TextLine>
               <TextLine ID="region_1644324343277_9206l18"
                         BASELINE="2938,1668 3046,1668 3155,1665 3264,1662 3373,1658 3482,1654 3590,1649 3699,1644 3808,1638 3917,1632 4026,1626 4134,1621 4243,1616 4352,1610 4461,1607 4570,1604 4678,1602 4787,1600 4896,1600 5005,1601 5114,1604"
                         HEIGHT="213"
                         WIDTH="2206"
                         VPOS="1509"
                         HPOS="2922">
                  <String ID="string_region_1644324343277_9206l18"
                          HEIGHT="213"
                          WIDTH="2206"
                          VPOS="1509"
                          HPOS="2922"
                          CONTENT="deut te wesen hij veygert selfs een que retuer op te stellen"/>
               </TextLine>
               <TextLine ID="region_1644324343277_9206l19"
                         BASELINE="2938,1760 3045,1759 3153,1758 3260,1756 3368,1752 3476,1748 3583,1745 3691,1741 3798,1734 3906,1730 4014,1725 4121,1719 4229,1714 4336,1708 4444,1704 4552,1699 4659,1696 4767,1694 4874,1691 4982,1690 5090,1690"
                         HEIGHT="186"
                         WIDTH="2182"
                         VPOS="1604"
                         HPOS="2921">
                  <String ID="string_region_1644324343277_9206l19"
                          HEIGHT="186"
                          WIDTH="2182"
                          VPOS="1604"
                          HPOS="2921"
                          CONTENT="ende daer over het advis van godts geleerde aen te nemen"/>
               </TextLine>
               <TextLine ID="region_1644324343277_9206l20"
                         BASELINE="2918,1856 3027,1854 3136,1852 3245,1848 3354,1844 3464,1840 3573,1835 3682,1830 3791,1824 3900,1817 4010,1812 4119,1807 4228,1800 4337,1794 4446,1789 4556,1783 4665,1778 4774,1774 4883,1770 4992,1766 5102,1764"
                         HEIGHT="231"
                         WIDTH="2215"
                         VPOS="1694"
                         HPOS="2901">
                  <String ID="string_region_1644324343277_9206l20"
                          HEIGHT="231"
                          WIDTH="2215"
                          VPOS="1694"
                          HPOS="2901"
                          CONTENT="seggende hij dat noet t voor sijne consientie inoodigh"/>
               </TextLine>
               <TextLine ID="region_1644324343277_9206l21"
                         BASELINE="2912,1968 3020,1959 3129,1950 3238,1941 3346,1932 3455,1924 3564,1916 3672,1910 3781,1902 3890,1895 3999,1888 4107,1882 4216,1876 4325,1870 4433,1864 4542,1858 4651,1853 4759,1846 4868,1842 4977,1836 5086,1830"
                         HEIGHT="219"
                         WIDTH="2204"
                         VPOS="1767"
                         HPOS="2896">
                  <String ID="string_region_1644324343277_9206l21"
                          HEIGHT="219"
                          WIDTH="2204"
                          VPOS="1767"
                          HPOS="2896"
                          CONTENT="vint laetende de erfge naeme daer over doen wat sij voor"/>
               </TextLine>
               <TextLine ID="region_1644324343277_9206l22"
                         BASELINE="2932,2054 3042,2046 3152,2040 3262,2032 3372,2024 3482,2018 3592,2012 3702,2005 3812,1999 3922,1994 4032,1987 4142,1982 4252,1976 4362,1971 4472,1965 4582,1960 4692,1954 4802,1950 4912,1944 5022,1939 5132,1934"
                         HEIGHT="253"
                         WIDTH="2232"
                         VPOS="1841"
                         HPOS="2915">
                  <String ID="string_region_1644324343277_9206l22"
                          HEIGHT="253"
                          WIDTH="2232"
                          VPOS="1841"
                          HPOS="2915"
                          CONTENT="hier selve geraeden vinden soo dat het schijpt dat den midde"/>
               </TextLine>
               <TextLine ID="region_1644324343277_9206l23"
                         BASELINE="2948,2146 3052,2140 3156,2133 3260,2126 3364,2118 3468,2112 3572,2106 3676,2099 3780,2093 3884,2088 3989,2082 4093,2076 4197,2072 4301,2065 4405,2062 4509,2056 4613,2052 4717,2048 4821,2044 4925,2039 5030,2036"
                         HEIGHT="216"
                         WIDTH="2113"
                         VPOS="1953"
                         HPOS="2932">
                  <String ID="string_region_1644324343277_9206l23"
                          HEIGHT="216"
                          WIDTH="2113"
                          VPOS="1953"
                          HPOS="2932"
                          CONTENT="van soetlijhey oft accemodement gantis vrachte laes"/>
               </TextLine>
               <TextLine ID="region_1644324343277_9206l24"
                         BASELINE="2944,2252 3048,2239 3152,2228 3256,2217 3360,2209 3465,2201 3569,2194 3673,2186 3777,2181 3881,2175 3986,2170 4090,2166 4194,2162 4298,2158 4402,2154 4507,2150 4611,2146 4715,2142 4819,2138 4923,2134 5028,2130"
                         HEIGHT="263"
                         WIDTH="2116"
                         VPOS="2047"
                         HPOS="2926">
                  <String ID="string_region_1644324343277_9206l24"
                          HEIGHT="263"
                          WIDTH="2116"
                          VPOS="2047"
                          HPOS="2926"
                          CONTENT="sal wes n de resonnementen van dh de vos in sijne"/>
               </TextLine>
               <TextLine ID="region_1644324343277_9206l25"
                         BASELINE="2986,2338 3089,2330 3192,2323 3295,2316 3398,2307 3501,2300 3604,2292 3707,2286 3810,2278 3913,2271 4016,2265 4119,2260 4222,2252 4325,2248 4428,2242 4531,2238 4634,2234 4737,2230 4840,2228 4943,2226 5046,2224"
                         HEIGHT="248"
                         WIDTH="2093"
                         VPOS="2141"
                         HPOS="2968">
                  <String ID="string_region_1644324343277_9206l25"
                          HEIGHT="248"
                          WIDTH="2093"
                          VPOS="2141"
                          HPOS="2968"
                          CONTENT="missure sijn sonder sondament want om de 2  te"/>
               </TextLine>
               <TextLine ID="region_1644324343277_9206l26"
                         BASELINE="2934,2440 3043,2436 3152,2430 3261,2424 3370,2416 3480,2408 3589,2400 3698,2391 3807,2382 3916,2374 4026,2364 4135,2355 4244,2348 4353,2339 4462,2332 4572,2326 4681,2322 4790,2320 4899,2318 5008,2318 5118,2320"
                         HEIGHT="235"
                         WIDTH="2214"
                         VPOS="2233"
                         HPOS="2919">
                  <String ID="string_region_1644324343277_9206l26"
                          HEIGHT="235"
                          WIDTH="2214"
                          VPOS="2233"
                          HPOS="2919"
                          CONTENT="becoomen sal in de di teeuren soo dange quittante"/>
               </TextLine>
               <TextLine ID="region_1644324343277_9206l27"
                         BASELINE="2922,2526 3029,2525 3137,2522 3244,2517 3352,2512 3459,2506 3567,2497 3674,2491 3782,2482 3889,2474 3997,2465 4104,2457 4212,2449 4319,2442 4427,2434 4534,2429 4642,2424 4749,2422 4857,2420 4964,2420 5072,2422"
                         HEIGHT="262"
                         WIDTH="2184"
                         VPOS="2329"
                         HPOS="2904">
                  <String ID="string_region_1644324343277_9206l27"
                          HEIGHT="262"
                          WIDTH="2184"
                          VPOS="2329"
                          HPOS="2904"
                          CONTENT="rochen pasteeren datt  eene hope en sal wesen om"/>
               </TextLine>
               <TextLine ID="region_1644324343277_9206l28"
                         BASELINE="2926,2614 3033,2614 3140,2612 3247,2608 3354,2606 3462,2602 3569,2597 3676,2592 3783,2586 3890,2580 3998,2573 4105,2567 4212,2561 4319,2554 4426,2548 4534,2541 4641,2534 4748,2527 4855,2522 4962,2514 5070,2510"
                         HEIGHT="189"
                         WIDTH="2170"
                         VPOS="2449"
                         HPOS="2911">
                  <String ID="string_region_1644324343277_9206l28"
                          HEIGHT="189"
                          WIDTH="2170"
                          VPOS="2449"
                          HPOS="2911"
                          CONTENT="naer dato precht te connenen ag dat dien"/>
               </TextLine>
               <TextLine ID="region_1644324343277_9206l29"
                         BASELINE="2944,2710 3051,2706 3159,2700 3266,2696 3374,2690 3482,2686 3589,2680 3697,2675 3804,2670 3912,2666 4020,2661 4127,2656 4235,2650 4342,2646 4450,2641 4558,2637 4665,2632 4773,2627 4880,2624 4988,2619 5096,2616"
                         HEIGHT="199"
                         WIDTH="2183"
                         VPOS="2536"
                         HPOS="2927">
                  <String ID="string_region_1644324343277_9206l29"
                          HEIGHT="199"
                          WIDTH="2183"
                          VPOS="2536"
                          HPOS="2927"
                          CONTENT="de ue mede te considereeren dat dh peeker geelant"/>
               </TextLine>
               <TextLine ID="region_1644324343277_9206l30"
                         BASELINE="2924,2788 3030,2786 3137,2782 3243,2779 3350,2776 3457,2772 3563,2766 3670,2762 3776,2758 3883,2754 3990,2750 4096,2745 4203,2742 4309,2738 4416,2734 4523,2732 4629,2730 4736,2728 4842,2728 4949,2728 5056,2728"
                         HEIGHT="169"
                         WIDTH="2162"
                         VPOS="2654"
                         HPOS="2908">
                  <String ID="string_region_1644324343277_9206l30"
                          HEIGHT="169"
                          WIDTH="2162"
                          VPOS="2654"
                          HPOS="2908"
                          CONTENT="ende sijn ed: de saecke niet wel en bevroge comt u"/>
               </TextLine>
               <TextLine ID="region_1644324343277_9206l31"
                         BASELINE="2948,2882 3055,2880 3163,2876 3270,2872 3378,2867 3486,2862 3593,2855 3701,2850 3808,2844 3916,2838 4024,2832 4131,2827 4239,2822 4346,2818 4454,2814 4562,2812 4669,2810 4777,2808 4884,2810 4992,2811 5100,2814"
                         HEIGHT="208"
                         WIDTH="2179"
                         VPOS="2731"
                         HPOS="2934">
                  <String ID="string_region_1644324343277_9206l31"
                          HEIGHT="208"
                          WIDTH="2179"
                          VPOS="2731"
                          HPOS="2934"
                          CONTENT="mijn volgende sentiment te blijcken al hoewel schepes"/>
               </TextLine>
               <TextLine ID="region_1644324343277_9206l32"
                         BASELINE="2940,2980 3048,2978 3156,2974 3265,2970 3373,2965 3482,2960 3590,2953 3698,2947 3807,2940 3915,2934 4024,2928 4132,2922 4240,2916 4349,2912 4457,2909 4566,2906 4674,2906 4782,2906 4891,2908 4999,2912 5108,2920"
                         HEIGHT="234"
                         WIDTH="2197"
                         VPOS="2811"
                         HPOS="2925">
                  <String ID="string_region_1644324343277_9206l32"
                          HEIGHT="234"
                          WIDTH="2197"
                          VPOS="2811"
                          HPOS="2925"
                          CONTENT="en sijn buijen touwwe by hunne gemackte gceorde hien voor"/>
               </TextLine>
               <TextLine ID="region_1644324343277_9206l33"
                         BASELINE="2930,3062 3038,3062 3146,3060 3254,3058 3362,3054 3470,3050 3578,3046 3686,3042 3794,3036 3902,3032 4010,3028 4118,3023 4226,3018 4334,3014 4442,3011 4550,3008 4658,3006 4766,3005 4874,3004 4982,3005 5090,3006"
                         HEIGHT="227"
                         WIDTH="2192"
                         VPOS="2903"
                         HPOS="2914">
                  <String ID="string_region_1644324343277_9206l33"
                          HEIGHT="227"
                          WIDTH="2192"
                          VPOS="2903"
                          HPOS="2914"
                          CONTENT="voordere pesentie ter creditegeren hier te conemen"/>
               </TextLine>
               <TextLine ID="region_1644324343277_9206l34"
                         BASELINE="2916,3160 3025,3158 3134,3156 3243,3154 3352,3150 3462,3146 3571,3142 3680,3138 3789,3134 3898,3128 4008,3124 4117,3119 4226,3114 4335,3110 4444,3106 4554,3102 4663,3100 4772,3098 4881,3096 4990,3094 5100,3094"
                         HEIGHT="183"
                         WIDTH="2213"
                         VPOS="3028"
                         HPOS="2899">
                  <String ID="string_region_1644324343277_9206l34"
                          HEIGHT="183"
                          WIDTH="2213"
                          VPOS="3028"
                          HPOS="2899"
                          CONTENT="te salveeren ende die gecontreggeert hebben soo veel be"/>
               </TextLine>
               <TextLine ID="region_1644324343277_9206l35"
                         BASELINE="2908,3246 3017,3246 3127,3244 3236,3242 3346,3238 3456,3235 3565,3230 3675,3225 3784,3221 3894,3216 4004,3210 4113,3206 4223,3200 4332,3196 4442,3192 4552,3188 4661,3185 4771,3182 4880,3182 4990,3180 5100,3182"
                         HEIGHT="133"
                         WIDTH="2221"
                         VPOS="3135"
                         HPOS="2894">
                  <String ID="string_region_1644324343277_9206l35"
                          HEIGHT="133"
                          WIDTH="2221"
                          VPOS="3135"
                          HPOS="2894"
                          CONTENT="tj conde buyten de tollemnees clauseele daer sijnncon"/>
               </TextLine>
               <TextLine ID="region_1644324343277_9206l36"
                         BASELINE="2900,3328 3008,3330 3117,3330 3226,3328 3335,3325 3444,3322 3552,3317 3661,3312 3770,3306 3879,3301 3988,3296 4096,3290 4205,3285 4314,3281 4423,3278 4532,3274 4640,3273 4749,3272 4858,3274 4967,3276 5076,3280"
                         HEIGHT="201"
                         WIDTH="2206"
                         VPOS="3184"
                         HPOS="2886">
                  <String ID="string_region_1644324343277_9206l36"
                          HEIGHT="201"
                          WIDTH="2206"
                          VPOS="3184"
                          HPOS="2886"
                          CONTENT="sientie aeltijt verbonden blijven stont het de crediteure"/>
               </TextLine>
               <TextLine ID="region_1644324343277_9206l37"
                         BASELINE="2902,3412 3011,3412 3120,3411 3230,3410 3339,3408 3449,3406 3558,3402 3667,3400 3777,3395 3886,3392 3996,3388 4105,3384 4214,3380 4324,3378 4433,3374 4543,3372 4652,3370 4761,3370 4871,3370 4980,3370 5090,3372"
                         HEIGHT="166"
                         WIDTH="2218"
                         VPOS="3279"
                         HPOS="2887">
                  <String ID="string_region_1644324343277_9206l37"
                          HEIGHT="166"
                          WIDTH="2218"
                          VPOS="3279"
                          HPOS="2887"
                          CONTENT="voij binnen de 10 jaeren relevement ten hoeven te versack"/>
               </TextLine>
               <TextLine ID="region_1644324343277_9206l38"
                         BASELINE="2906,3480 3015,3482 3124,3482 3234,3482 3343,3480 3453,3478 3562,3476 3671,3472 3781,3468 3890,3463 4000,3458 4109,3454 4218,3450 4328,3447 4437,3444 4547,3442 4656,3442 4765,3442 4875,3442 4984,3446 5094,3450"
                         HEIGHT="120"
                         WIDTH="2219"
                         VPOS="3372"
                         HPOS="2890">
                  <String ID="string_region_1644324343277_9206l38"
                          HEIGHT="120"
                          WIDTH="2219"
                          VPOS="3372"
                          HPOS="2890"
                          CONTENT="wat obstaele sal het dan nu wesen sulckx te intenteeren"/>
               </TextLine>
               <TextLine ID="region_1644324343277_9206l39"
                         BASELINE="2932,3554 3035,3556 3138,3556 3242,3554 3345,3552 3449,3549 3552,3546 3655,3542 3759,3539 3862,3536 3966,3532 4069,3528 4172,3524 4276,3522 4379,3520 4483,3518 4586,3518 4689,3518 4793,3518 4896,3522 5000,3526"
                         HEIGHT="135"
                         WIDTH="2095"
                         VPOS="3450"
                         HPOS="2918">
                  <String ID="string_region_1644324343277_9206l39"
                          HEIGHT="135"
                          WIDTH="2095"
                          VPOS="3450"
                          HPOS="2918"
                          CONTENT="die den touvernen raeden van bravant by requiste"/>
               </TextLine>
               <TextLine ID="region_1644324343277_9206l40"
                         BASELINE="2928,3614 3035,3616 3143,3618 3250,3618 3358,3617 3466,3616 3573,3614 3681,3611 3788,3608 3896,3606 4004,3602 4111,3600 4219,3598 4326,3596 4434,3596 4542,3596 4649,3596 4757,3598 4864,3600 4972,3605 5080,3610"
                         HEIGHT="125"
                         WIDTH="2182"
                         VPOS="3519"
                         HPOS="2913">
                  <String ID="string_region_1644324343277_9206l40"
                          HEIGHT="125"
                          WIDTH="2182"
                          VPOS="3519"
                          HPOS="2913"
                          CONTENT="connende de grediteuren goet maecken en aenweyten dat sij"/>
               </TextLine>
               <TextLine ID="region_1644324343277_9206l41"
                         BASELINE="2932,3672 3040,3674 3148,3674 3256,3674 3364,3674 3472,3674 3580,3674 3688,3674 3796,3672 3904,3672 4013,3670 4121,3668 4229,3668 4337,3666 4445,3666 4553,3666 4661,3664 4769,3664 4877,3664 4985,3666 5094,3666"
                         HEIGHT="83"
                         WIDTH="2190"
                         VPOS="3604"
                         HPOS="2918">
                  <String ID="string_region_1644324343277_9206l41"
                          HEIGHT="83"
                          WIDTH="2190"
                          VPOS="3604"
                          HPOS="2918"
                          CONTENT="allien naer de afljregheyt van de wed: eyt den gemaeckte"/>
               </TextLine>
               <TextLine ID="region_1644324343277_9206l42"
                         BASELINE="2906,3738 3015,3738 3125,3740 3235,3740 3345,3740 3455,3740 3565,3740 3675,3740 3785,3740 3895,3740 4005,3739 4114,3738 4224,3738 4334,3738 4444,3736 4554,3734 4664,3734 4774,3732 4884,3730 4994,3728 5104,3726"
                         HEIGHT="89"
                         WIDTH="2226"
                         VPOS="3668"
                         HPOS="2891">
                  <String ID="string_region_1644324343277_9206l42"
                          HEIGHT="89"
                          WIDTH="2226"
                          VPOS="3668"
                          HPOS="2891"
                          CONTENT="staet van den sterf heysse  connen proberen dat te crediter"/>
               </TextLine>
            </TextBlock>
         </PrintSpace>
      </Page>
   </Layout>
</alto>
