5076 3855
575 157 2122 86 remeye daerom recommendeez ue onse fond inde banque als noch niet heven

593 227 2062 97 coopen selfs al wast tot 200 tot naerder advis hebbende selfs tot londen

620 285 2001 114 in te coopen tot ue geveno wat wille ick segge de wekelt gaetals ten

2043 352 98 55 doon

629 325 2083 156 eynden de ordre van alle commercie daer  die in bestaen moet

628 427 1988 156 gedissolveert en in een van ondre gebraght ende daer en is niet te

640 475 2046 152 winnen als omde waerheyt te seggen het geene nomet de waetheyt wort

645 558 2087 171 ondernomen ick wenste wel ue goeden raet ende advis te hebben noopen

629 657 2039 133 een partije engelsche laeckens die noch aen de hant hebbe niets ick die

643 716 2080 175 negotie staecke ende datmen hier van sijne goederen niet en can geraeck

656 812 2023 151 als bij het gevel als de luyden noodigh hebben en ick een eijnden daer van

674 898 2023 136 soecke soo soude wel  inclineeren ue eenige baeltien te sende

677 971 2008 142 om die a costy int becken te doen vercoopen ingevalle ue oordeelt dat

663 1049 1987 147 men a costiy daer prijs weerde van can maecken den ingesloeten voor

676 1132 1371 149 londen recommandeeren voortganck te geven blijve

546 1204 2032 222 London Marles Bollengier Ady 16 mey 1720

672 1294 1933 227 borge van den brief dato 15 cour over osande

665 1435 1981 195 gesonden nu over hollandt onder couvert van

652 1532 1422 196 franc. Rousseau geconfirmeert

536 1663 2067 207 London Charles Bollengier Ady 18 meij 1720

649 1769 1979 155 op ue aen medinge en uyt advis van vrinden hebbe ue

628 1862 2075 121 15 oert versocht voor mij in te coopen s s00 cappitael oft stock inde banque

632 1941 2064 110 hebbe het in 16 geconformiert over hollandt iagselle ue het selfde condeffectueer

635 1971 2078 152 tot 150- 2 a 3  onder oft boven heden sijnde brieven van costijde dato 23 may

605 2039 2121 157 die de banque wederom villende adviseeren ende men speculeert alhier dat de mer

618 2107 2097 180 sal vallen te contrane dat de oostd comp is gemonteert tot 240 en nier staet te mon

628 2194 2070 150 teeren ende dat ulckx afhanght van de ene die nen speuuleut t sullen geschie

618 2263 2051 132 den tusschen de fuyt ce comp ende vorrd comp oft baque inde vvir comp en

616 2345 1991 135 welle geen entrest sijnde die prijs oft cours t hoogh inde banque ist naer mijns

615 2426 2043 172 oordeels alleen te resqueeren blijve by mijn resolutie van daer bij wel voor st £500 te

614 2502 2043 152 coopen meer wille ue reckom opt geene varschreven is ue ressectie te nemen ende

610 2571 2018 182 dat ue soude gelieven te doen als voor eijgen ende niet te preupitant te wesen went

631 2655 2095 149 het een faul ge beuren en voorvallen dat de banque merckelijck sal daelen mijne inte

613 2790 2056 81 tie is ue ditto somme coopt oft staeht naer advenant ue oordelt conveniertie te

629 2836 2067 102 wesen want het soude maer wesen in hope van voordeel ende eenen urckelijckein

611 2916 2100 149 sprony want om den jaerlijckschen intrest is het te hoogh in prijs me weet segh

615 2982 2032 130 niet waer sigh keeren oft wenden wat te doen oft te loeten dat dependeert van

618 3053 2014 163 sortine daer de vrinden a costy present sijnde niet meer fondament connen van

618 3150 2018 122 oordeelen als wijdie absent wesen daerom geve mij gant aen ue goeden roet en

639 3196 2019 140 verdeel over en wat ue sal doen sal mij aengenaem wesen mijn vertrouwer op

631 3259 1956 132 ue soor veer staende dat ue niet anders sendoen voor mij als voor eeygen

628 3379 515 127 reud d erwijle blijve

2754 104 1992 175 Bruxelles Jacquos Rousseau Ady 22 may 1720

2807 222 2177 180 Jay recep en son temps lhonneur de la vire su veets

2789 362 2211 164 dernner p laquelle S. g. madvisa que le s Pisqees

2810 434 2140 196 avoit payee ma tfaitte de ƒ400:- et le s hagueisn

2794 569 2079 171 a bon compt ƒ150 de ƒ300 promestant au 4

2796 675 2160 208 premiers jours de sausfaire le reste jes pere quil

2803 799 2113 196 naura pas m'anque a sa parolee dout ie vous

2812 912 2170 162 prie inhonnorer d'un mot dadvis de mes ise

2808 1039 2089 176 savoir tant de bontce de faire procurer le

2790 1149 2209 191 payement de maquittence cy incluse a chaarge

2819 1258 2121 159 de vre ville de  98 courant et ay ant receu

2820 1365 1969 173 la valeur m'en crediter vous m 'obligerez

2803 1464 2071 192 intimment qui suis en parielles et touttes

2835 1607 843 163 aultres occasions

4036 1702 336 98 24 maij 1720

2823 1711 768 160 Mons Jean Bap le BBlux

2868 1772 2152 144 Jay recue la vre 15 de ce moys vs escrivez en cavaluersi vs aez payez gavalerment

2865 1885 2124 98 vs auriez raisn je vs le pardonne car or ja me prenne quoy q'op n'a pas beu p'avez au

2853 1930 2138 103 dos de cette compte court p ou vs voyerez quu devez depuis l'annee suye encor

2837 2025 2182 92 £59:9:10 de change et les bagatelles q vs m'avez envoyee de temps en tempsa

2846 2111 2162 90 bon compte dont je suis intressez d'un denne pr cent de port au message ce n'est

2836 2162 2176 100 pas de vre grace concevoir q je neceveray telle re compease pr toutte civilitie

2855 2225 2129 118 et consideration q jayt eu a vre esgard vs termoignez q'ue vs soussces plus de

2857 2307 2130 87 moy maes considirez que largent rende d'intrest au moins 3 pre pr ann, &'anns

2857 2379 2162 92 du credit monte a 12 pre gaigne enfin conformice et au lieuida remerce

2863 2470 2163 108 ment on tes moygne du me contentement jauray patience je suis et seray nece

2849 2527 2181 132 moins en touttes occasions pr vs rendre service priant me remettres le dit sol

2869 2596 1342 118 de du compte de £59:9:10 de change je mardit

2764 2660 2075 167 Brussel Joanies haeghens Ady 28 meij 1720

2871 2759 2086 161 ick verneme tot mijn groote verwonderinghe van

2857 2914 2136 103 er Rousseau dat ue tot noch toe mijne laeste trato niet

2863 2976 2108 147 en heeft voldaen. het is seer chagrinart voor mij en

2867 3065 2130 141 voor ue seer onredelijck dat ue op soodanighe maere

2851 3196 2053 111 met mj a geert nhet en is niet chrisselijck pachte

2865 3270 2124 80 geenen wegh inslaen om benedictie te tecoemen

2856 3343 2080 146 ick en geloove niet dat het ue soude plaiser d

2832 3468 2192 108 dat een ander met ue soo handelde maer soo schoone

2836 3542 2121 129 belotteent gelyck ue mg gedaen heeft en naer soo lange

2841 3620 2138 110 patieptie gelijck ick met ue gehedt hebbe daerom gelieft

2815 3700 1644 99 to voldoen ick bidde het ue vrindelijck weet
