5211 3832
482 32 2155 188 Bruxelles Jacques Rousseau Ady 24 Juin 1718

543 152 2189 178 moy et mon frere Jean michiel voyans vr lhonneur

525 321 2171 149 de cheres vostres dhier que les. parles van henaden

529 384 2172 185 comme ie suis infomee homme d'affaire du S foulon

535 503 2150 177 et en lindiseration de vous presinter hier mos deux

558 614 2110 186 traittes sur q'ek sa faveur en unjour de dane

556 707 2081 216 p laisse du il scavoir que vo. ne pouvoit avoir

568 856 2044 138 advis d'aultant que les lettres uy sont mises es

543 946 2168 134 mains vers le midy et que nous n'avions en i'estions

508 1050 2093 195 pas obligee d'envoyeer un expres ne pouvaintt

573 1139 2108 165 escrire que lapresdine pr la poste ou p la barque

570 1257 2032 186 comme nous avons fait lesquelles esperour

532 1380 2078 194 aurez bien receu ceiourdhuy jainsy disons que ve

561 1467 2037 213 a bien fait de refuser l'acceptation jusquer g

543 1590 2122 162 leiourd huy et luy tres mal sonde d'avoir past

548 1680 2086 176 d prosest comme pous luy aprend tous

557 1822 2081 148 ef ferons voir en cas quil renvoye sur ce pied

554 1884 2048 198 nos surdittes traittes car nous pretendons ie

527 1976 2070 263 proest nil et quil recevrad la valeur de vre

557 2091 2126 206 grace sans aucun remboussement dudit provest

541 2196 2084 214 quil vous plaira luy presenter voulaitt la

507 2301 2145 258 rayce en telles or auttres occasions nous ne

514 2418 2146 232 pouvons ni sommes obligez dagpr aultrement

523 2537 2194 219 que n'avons fait nous sommes en attendant

1670 2624 742 164 p sport gane

1653 2631 904 192 1an michiel Mesijn

1645 2779 943 184 25 de vre  Mely12

408 2880 2296 284 Londint he Chevalier t honie cawen En Coenden

1974 3063 703 156 Ady 25 Juin 1713

468 3133 2203 294 Je recoive lhonneur de la vre 2e dr courant

503 3305 2145 204 vous estez admirable dans vre apinion et dans

488 3406 2108 187 vos enpresions. nous avons eu trop long

486 3519 2210 248 temps de correspondence en francois pour vous

2800 49 2189 202 dire que ne comprenme ce que ie vous escrive

2802 179 2136 236 cependant ie ne sead ce que ce sort ie vous

2763 313 2222 161 demande me renvoyeer ma procuratron

2788 436 2196 250 scavoir la premiere dont vous avez dit

2810 602 2146 213 ie vous nonvoir servir puis que ie vous

2813 696 2225 263 ayt envoyee uune seconde vous ne le faitiez

2817 850 2240 218 das nn men faitter au cunne mention cesendan

2824 975 2243 219 mon intention est que le fastiez sil vous plais

2838 1089 2220 225 ie vous ayt escript 1t du cour quant vous

2839 1228 2043 192 aurez reccu la deiie Annee d'hitrest de

2792 1361 2172 183 £2000:-  bien 4 in Am dintrest aes

2809 1526 2250 224 Aerniers  £500 cannuites a la banque vois

2807 1694 2144 209 acheptere en et vous acheprez au receu de

2808 1831 2236 202 mienne sans aucun esgaure a ce queie

2848 1942 2203 228 vous ordonne m'envoyez facture, et charge

2781 2073 2144 165 en John errvin pour Bruges me disant

2831 2194 2237 163 nayaent pas fos ordres pour tirest cette somm

2852 2323 2201 243 Javont payes nois en attendons remise en

2806 2484 2266 210 responce ie vous veu faire gaguer doible

2805 2618 2217 200 trovision d'un et mesme argent que vous

2847 2742 2217 202 recevez et vous n'en estes pas encor comen

2831 2893 2215 182 ie leay bien que ce que devos recevoir en sera

2814 2977 2241 218 pr le somme d  £97:8:10 mais Jay ban

2833 3109 2139 179 a quelques et mixa Londres de bagatelles

2819 3246 2149 168 pr ou ie suis dintention vous dermproster

2833 3336 2113 200 oulere prepnes un pes esgaurd si ie vous

2818 3447 2161 195 remette ie ne le poes faire la deux usenees

2815 3556 2155 213 vous aurez pluis ost reccu ce quil me doibl
