5200 3856
364 54 849 201 Mons A. Gallopin

1580 64 1005 188 Ady 12 feburier 1713

297 167 2259 190 d nonobetant vos promesses p vre dernier e p gbre

439 303 2228 165 & q ne m a point fait aucunne remise jpisques a cejour

447 378 2157 193 vous vous mons que ce la n'est pas honneste vous

434 502 2103 157 me devez encor de Année 1715 ie vous pried 'avoir

450 611 2091 133 consideration et ne plus dilayeer a me remettre

470 697 2190 165 a fin que nous puissions entretenir la correspondente

443 789 2190 144 et bonne amitie rien ne manquera jamais de ma

432 903 2091 159 part et ie vous fait offre de mes marchandisez

463 973 2104 168 ayant bonne provission et beaux assortiments de

427 1083 2121 140 boutto sorte des drapset prix pour vre service

450 1161 2102 139 vous asseurant en eastq en avez be soing q ue p'en

452 1297 2175 112 trouverez mille part plus beaux in millieur marche

441 1376 1563 159 & a celleur quiltse dit en attendant

1699 1455 713 175 Ady 14 ditto

391 1474 1090 229 Ghend J Bapte de Saedelaer

425 1567 2038 176 ue 1 deser ontfangen met een briefe sicht p casse

294 1714 2350 214 op nico las descornel tot mechelen van ƒ364:7 courant

460 1821 2171 195 gelde dat op mechelen is versonden en betaelt wesene

456 1913 2176 199 athae pres ue sal goet doen. ingesloeten op t te duijck

449 2043 2149 207 op sicht een briefke van £55:6:2 wisselglden waer

452 2138 2222 187 voor het noodigh gelieft te besorghen en mij te crediteer

351 2258 790 172 rest. blijve e

351 2291 2217 272 Bruxelles Jacques Rousseau Ady 15 ditto 1716

387 2480 2258 237 Jay receu la vre 3 du cour, inclise je vous remete

384 2594 2271 201 a jours de veue ƒ300:- de change sur les. ƒL Pissor

415 2739 2195 196 dont ie vous prie procurer acceptation ensuitte

450 2818 2164 230 payement ne crediter et re dontier un

293 2953 1364 223 'advis qui suis toujours

1786 3048 474 142 26 ditto 1718

350 3066 1059 171 Dourray J:T SAevenaerts 6

423 3088 2252 232 je recove la chere vre duer ie suis bien estonne de vre manc

454 3225 2207 158 re dager cel croit unaertre ie n'auroit tant de gpatience

357 3310 2313 159 se e moe que du monde de toutte mave je nay eu un chaland que

447 3379 2217 138 ma cause tant de chaun que vs considerer a quantite

429 3472 2226 143 de lestres que je vs est escrit et les belles promesses qin

432 3546 2239 178 vee tousjours donne et tous jours sans effet depuis nou

422 3657 2216 120 vil anne vvs m'avez promes de remetsre au prissier

2814 69 2257 149 reitire a bonne compte le 4fevirer ƒ300 a usence

2825 135 2222 184 vs refuse la accepte et vs presende zcesences sont

2821 269 2204 151 ja mance 2 d'ogus est  pr la que ps etten des la be

2818 333 2221 165 nediction du lu a lons patience ppeethe fois a

2783 445 2269 178 ccepte ma traitte sus ditte de 2 esonte scavoir

2773 542 2283 157 4 edr 2 esence come je firer

3379 660 433 125 le

2877 673 306 174 Juck

3814 674 1098 224 Ady 16 Jebure 1716

2766 750 836 198 Dronay Pacl J

2795 823 2208 231 je vouys p l consieur de la vre du 12 courd p os avez

4529 915 168 80 moodrr

2843 922 2155 240 honneur de ma traittre a lordre d'u S van selle

2843 1014 2201 249 de ƒ1000 sur vre grace et q le sr sevenairtne

2849 1125 2171 238 veut recepter ma traittre a vre faiser qpen

4484 1279 339 87 pnd

2866 1169 2129 283 e e ie jourr dhuy jay re cc l'ettre de luy

2877 1296 2149 261 et ji luz reponde comme il me rete q voules

2870 1389 2152 302 vo y jefasse il nye primoz p la patience

2904 1497 2143 277 pus que je ne souhaitte pas le traittee en

2913 1570 2118 295 turtiuu ie voulant pas achaausedelerce

2895 1699 2078 261 ne quant je pourois avoir le m'anne p

2906 1797 2136 289 temt& come v j me fade eapede jay le on

2848 1890 2209 293 brainde bun  accopte au i'esponne boue quis

2808 2063 2230 234 ao doit a la s mr pr di laye p pris aution

2906 2184 2107 205 car es sant ja accoptatiomje prees tresoiers

2926 2279 2074 219 contaendre pr jadtier en c de broving tile

2921 2395 2030 191 men   ame ly permetre a ccepter

2941 2471 2108 227 ma traitte sus dite a l apinie jaavoir du u

2951 2600 2045 189 que j'ay tire q et pa du our quil acceptera au

2945 2714 2038 174 rigard qui vre grace souhaitter a bien pr ien ie vos

2923 2811 2107 168 ais az enveron de 150 caros de  vorre aue

2926 2904 2144 190 en virons de 18 pattar peau de veau il est vray que

2921 3000 2139 187 lon en puis avoir de passablement beau mais ce

2904 3110 2090 186 p occation quant on en puis accepter ende vendue

2826 3237 2150 126 =pableque ou au maiche de vendre dy cela arrive

2900 3317 2145 142 rarement outre il est bien e tombe quant il nau

2890 3426 2111 143 roit plus oce moins sa dresser au rieer neut pas

2885 3512 2149 128 consallable cur il ne le vendroit pass sans protis et

2877 3586 2181 151 ou il les accepte ns le poudoros avoir ausse bien que

2873 3694 2175 87 mae famme sen informera et te ne d'avoirleu
