<?xml version="1.0" encoding="UTF-8"?>
<alto xmlns:xsi="http://www.w3.org/2001/XMLSchema-instance"
      xmlns="http://www.loc.gov/standards/alto/ns-v4#"
      xmlns:page="http://schema.primaresearch.org/PAGE/gts/pagecontent/2013-07-15"
      xsi:schemaLocation="http://www.loc.gov/standards/alto/ns-v4# https://www.loc.gov/standards/alto/v4/alto.xsd">
   <Description>
      <MeasurementUnit>pixel</MeasurementUnit>
      <OCRProcessing ID="IdOcr">
         <ocrProcessingStep>
            <processingDateTime>2022-02-11T21:34:02.731+01:00</processingDateTime>
            <processingSoftware>
               <softwareCreator>READ COOP</softwareCreator>
               <softwareName>Transkribus</softwareName>
            </processingSoftware>
         </ocrProcessingStep>
      </OCRProcessing>
   </Description>
   <Layout>
      <Page ID="Page1" PHYSICAL_IMG_NR="1" HEIGHT="3855" WIDTH="5087">
         <TopMargin HEIGHT="0" WIDTH="5087" VPOS="0" HPOS="0"/>
         <LeftMargin HEIGHT="3855" WIDTH="0" VPOS="0" HPOS="0"/>
         <RightMargin HEIGHT="3855" WIDTH="0" VPOS="0" HPOS="5087"/>
         <BottomMargin HEIGHT="0" WIDTH="5087" VPOS="3855" HPOS="0"/>
         <PrintSpace HEIGHT="3855" WIDTH="5087" VPOS="0" HPOS="0">
            <TextBlock ID="region_1644325876754_9719"
                       HEIGHT="3793"
                       WIDTH="2189"
                       VPOS="18"
                       HPOS="521">
               <Shape>
                  <Polygon POINTS="521,18 2710,18 2710,3811 521,3811"/>
               </Shape>
               <TextLine ID="region_1644325876754_9719l1"
                         BASELINE="622,172 724,172 826,172 928,172 1031,174 1133,176 1235,178 1338,180 1440,182 1542,184 1645,186 1747,188 1849,188 1951,188 2054,188 2156,186 2258,184 2361,180 2463,176 2565,169 2668,160"
                         HEIGHT="142"
                         WIDTH="2075"
                         VPOS="67"
                         HPOS="607">
                  <String ID="string_region_1644325876754_9719l1"
                          HEIGHT="142"
                          WIDTH="2075"
                          VPOS="67"
                          HPOS="607"
                          CONTENT="die partije ingesoght heeft ende die ue mij noeyt"/>
               </TextLine>
               <TextLine ID="region_1644325876754_9719l2"
                         BASELINE="628,312 722,312 817,310 911,310 1006,310 1101,311 1195,312 1290,312 1384,312 1479,312 1574,312 1668,312 1763,312 1857,310 1952,310 2047,308 2141,305 2236,302 2330,299 2425,294 2520,288"
                         HEIGHT="198"
                         WIDTH="1922"
                         VPOS="179"
                         HPOS="613">
                  <String ID="string_region_1644325876754_9719l2"
                          HEIGHT="198"
                          WIDTH="1922"
                          VPOS="179"
                          HPOS="613"
                          CONTENT="en heeft goet gedaen voor het malheureus"/>
               </TextLine>
               <TextLine ID="region_1644325876754_9719l3"
                         BASELINE="654,448 748,445 843,444 938,442 1033,440 1128,440 1222,438 1317,437 1412,436 1507,435 1602,434 1696,432 1791,430 1886,428 1981,424 2076,422 2170,417 2265,414 2360,408 2455,401 2550,394"
                         HEIGHT="241"
                         WIDTH="1926"
                         VPOS="295"
                         HPOS="638">
                  <String ID="string_region_1644325876754_9719l3"
                          HEIGHT="241"
                          WIDTH="1926"
                          VPOS="295"
                          HPOS="638"
                          CONTENT="geval moete ick pastentie nemen datis het "/>
               </TextLine>
               <TextLine ID="region_1644325876754_9719l4"
                         BASELINE="662,574 759,572 856,568 953,566 1050,564 1148,560 1245,558 1342,556 1439,554 1536,552 1634,550 1731,547 1828,544 1925,542 2022,538 2120,534 2217,530 2314,526 2411,520 2508,513 2606,508"
                         HEIGHT="214"
                         WIDTH="1975"
                         VPOS="421"
                         HPOS="646">
                  <String ID="string_region_1644325876754_9719l4"
                          HEIGHT="214"
                          WIDTH="1975"
                          VPOS="421"
                          HPOS="646"
                          CONTENT="ongeluck dat men negones drieft die men"/>
               </TextLine>
               <TextLine ID="region_1644325876754_9719l5"
                         BASELINE="644,700 742,693 841,689 940,685 1038,682 1137,680 1236,678 1334,676 1433,675 1532,674 1631,672 1729,670 1828,668 1927,666 2025,664 2124,659 2223,654 2321,648 2420,641 2519,631 2618,622"
                         HEIGHT="194"
                         WIDTH="2003"
                         VPOS="529"
                         HPOS="628">
                  <String ID="string_region_1644325876754_9719l5"
                          HEIGHT="194"
                          WIDTH="2003"
                          VPOS="529"
                          HPOS="628"
                          CONTENT="safsnier ean bestieren. heurs waer ue heeft"/>
               </TextLine>
               <TextLine ID="region_1644325876754_9719l6"
                         BASELINE="618,818 722,810 826,806 930,801 1034,797 1139,794 1243,792 1347,790 1451,788 1555,786 1660,784 1764,782 1868,780 1972,778 2076,776 2181,772 2285,769 2389,764 2493,758 2597,751 2702,744"
                         HEIGHT="195"
                         WIDTH="2115"
                         VPOS="658"
                         HPOS="601">
                  <String ID="string_region_1644325876754_9719l6"
                          HEIGHT="195"
                          WIDTH="2115"
                          VPOS="658"
                          HPOS="601"
                          CONTENT="de brives gehadt aprix ant te vercoopen "/>
               </TextLine>
               <TextLine ID="region_1644325876754_9719l7"
                         BASELINE="656,924 755,917 855,912 955,908 1054,904 1154,904 1254,902 1353,902 1453,901 1553,900 1653,900 1752,900 1852,898 1952,896 2051,892 2151,888 2251,882 2350,875 2450,866 2550,856 2650,842"
                         HEIGHT="186"
                         WIDTH="2024"
                         VPOS="762"
                         HPOS="640">
                  <String ID="string_region_1644325876754_9719l7"
                          HEIGHT="186"
                          WIDTH="2024"
                          VPOS="762"
                          HPOS="640"
                          CONTENT="ende te doen wat ue geraetsaem oor ditde "/>
               </TextLine>
               <TextLine ID="region_1644325876754_9719l8"
                         BASELINE="692,1040 787,1034 883,1028 979,1024 1075,1020 1171,1018 1267,1016 1363,1016 1459,1016 1555,1016 1651,1016 1746,1014 1842,1014 1938,1012 2034,1010 2130,1006 2226,1002 2322,995 2418,988 2514,978 2610,966"
                         HEIGHT="228"
                         WIDTH="1946"
                         VPOS="898"
                         HPOS="676">
                  <String ID="string_region_1644325876754_9719l8"
                          HEIGHT="228"
                          WIDTH="1946"
                          VPOS="898"
                          HPOS="676"
                          CONTENT="ende dat gedaen hebbende en cannen niet "/>
               </TextLine>
               <TextLine ID="region_1644325876754_9719l9"
                         BASELINE="644,1156 742,1148 841,1144 939,1140 1038,1136 1137,1134 1235,1132 1334,1130 1432,1130 1531,1128 1630,1128 1728,1126 1827,1124 1925,1122 2024,1120 2123,1117 2221,1114 2320,1108 2418,1102 2517,1094 2616,1086"
                         HEIGHT="226"
                         WIDTH="2002"
                         VPOS="982"
                         HPOS="628">
                  <String ID="string_region_1644325876754_9719l9"
                          HEIGHT="226"
                          WIDTH="2002"
                          VPOS="982"
                          HPOS="628"
                          CONTENT="verders pretendeeren maer het malheur"/>
               </TextLine>
               <TextLine ID="region_1644325876754_9719l10"
                         BASELINE="664,1278 765,1272 867,1268 969,1263 1070,1259 1172,1256 1274,1252 1375,1248 1477,1246 1579,1243 1681,1240 1782,1238 1884,1236 1986,1234 2087,1232 2189,1230 2291,1228 2392,1226 2494,1224 2596,1222 2698,1220"
                         HEIGHT="166"
                         WIDTH="2065"
                         VPOS="1115"
                         HPOS="647">
                  <String ID="string_region_1644325876754_9719l10"
                          HEIGHT="166"
                          WIDTH="2065"
                          VPOS="1115"
                          HPOS="647"
                          CONTENT="heeft gewilt dat iust onse ordres artiveerden"/>
               </TextLine>
               <TextLine ID="region_1644325876754_9719l11"
                         BASELINE="674,1392 775,1385 876,1379 977,1374 1078,1370 1179,1367 1280,1362 1381,1360 1482,1358 1583,1356 1684,1353 1785,1351 1886,1348 1987,1346 2088,1344 2189,1342 2290,1338 2391,1334 2492,1329 2593,1324 2694,1318"
                         HEIGHT="216"
                         WIDTH="2050"
                         VPOS="1228"
                         HPOS="660">
                  <String ID="string_region_1644325876754_9719l11"
                          HEIGHT="216"
                          WIDTH="2050"
                          VPOS="1228"
                          HPOS="660"
                          CONTENT="als de meeste ordres tot posiuve vercoopngen"/>
               </TextLine>
               <TextLine ID="region_1644325876754_9719l12"
                         BASELINE="638,1512 730,1501 822,1494 915,1487 1007,1482 1100,1478 1192,1476 1284,1474 1377,1472 1469,1472 1562,1472 1654,1472 1746,1472 1839,1470 1931,1468 2024,1466 2116,1462 2208,1456 2301,1450 2393,1441 2486,1430"
                         HEIGHT="200"
                         WIDTH="1880"
                         VPOS="1310"
                         HPOS="622">
                  <String ID="string_region_1644325876754_9719l12"
                          HEIGHT="200"
                          WIDTH="1880"
                          VPOS="1310"
                          HPOS="622"
                          CONTENT="arriveerden dat gedaen is en can niet"/>
               </TextLine>
               <TextLine ID="region_1644325876754_9719l13"
                         BASELINE="636,1620 730,1609 825,1600 920,1593 1014,1589 1109,1585 1204,1583 1298,1582 1393,1582 1488,1582 1583,1582 1677,1584 1772,1584 1867,1584 1961,1584 2056,1582 2151,1578 2245,1575 2340,1570 2435,1560 2530,1550"
                         HEIGHT="179"
                         WIDTH="1923"
                         VPOS="1478"
                         HPOS="622">
                  <String ID="string_region_1644325876754_9719l13"
                          HEIGHT="179"
                          WIDTH="1923"
                          VPOS="1478"
                          HPOS="622"
                          CONTENT="endaen worden maer het is gevoelgen "/>
               </TextLine>
               <TextLine ID="region_1644325876754_9719l14"
                         BASELINE="638,1720 740,1712 843,1706 945,1704 1048,1702 1151,1700 1253,1700 1356,1700 1458,1702 1561,1702 1664,1704 1766,1704 1869,1704 1971,1704 2074,1703 2177,1700 2279,1696 2382,1690 2484,1682 2587,1672 2690,1660"
                         HEIGHT="187"
                         WIDTH="2081"
                         VPOS="1584"
                         HPOS="623">
                  <String ID="string_region_1644325876754_9719l14"
                          HEIGHT="187"
                          WIDTH="2081"
                          VPOS="1584"
                          HPOS="623"
                          CONTENT="soo groode foruine van 3 a 40s te mange"/>
               </TextLine>
               <TextLine ID="region_1644325876754_9719l15"
                         BASELINE="656,1822 757,1820 859,1820 961,1822 1063,1822 1165,1822 1266,1824 1368,1824 1470,1826 1572,1826 1674,1827 1775,1828 1877,1826 1979,1826 2081,1824 2183,1822 2284,1820 2386,1815 2488,1811 2590,1804 2692,1796"
                         HEIGHT="214"
                         WIDTH="2064"
                         VPOS="1685"
                         HPOS="643">
                  <String ID="string_region_1644325876754_9719l15"
                          HEIGHT="214"
                          WIDTH="2064"
                          VPOS="1685"
                          HPOS="643"
                          CONTENT="=renmijn versoeck is oft occasie voor sel"/>
               </TextLine>
               <TextLine ID="region_1644325876754_9719l16"
                         BASELINE="524,1882 544,1874"
                         HEIGHT="188"
                         WIDTH="112"
                         VPOS="1737"
                         HPOS="464">
                  <String ID="string_region_1644325876754_9719l16"
                          HEIGHT="188"
                          WIDTH="112"
                          VPOS="1737"
                          HPOS="464"
                          CONTENT=""/>
               </TextLine>
               <TextLine ID="region_1644325876754_9719l17"
                         BASELINE="662,1944 759,1942 857,1940 954,1940 1052,1940 1150,1940 1247,1940 1345,1942 1442,1942 1540,1942 1638,1944 1735,1944 1833,1942 1930,1942 2028,1940 2126,1936 2223,1932 2321,1927 2418,1922 2516,1914 2614,1904"
                         HEIGHT="185"
                         WIDTH="1979"
                         VPOS="1821"
                         HPOS="649">
                  <String ID="string_region_1644325876754_9719l17"
                          HEIGHT="185"
                          WIDTH="1979"
                          VPOS="1821"
                          HPOS="649"
                          CONTENT="tot omploye van eenige penningen op"/>
               </TextLine>
               <TextLine ID="region_1644325876754_9719l18"
                         BASELINE="650,2074 751,2066 853,2061 954,2058 1056,2056 1158,2056 1259,2056 1361,2058 1462,2060 1564,2060 1666,2062 1767,2064 1869,2063 1970,2062 2072,2059 2174,2053 2275,2046 2377,2037 2478,2024 2580,2008 2682,1988"
                         HEIGHT="267"
                         WIDTH="2062"
                         VPOS="1893"
                         HPOS="634">
                  <String ID="string_region_1644325876754_9719l18"
                          HEIGHT="267"
                          WIDTH="2062"
                          VPOS="1893"
                          HPOS="634"
                          CONTENT="goete soudsen ue lc het selfde soude willen"/>
               </TextLine>
               <TextLine ID="region_1644325876754_9719l19"
                         BASELINE="586,2204 691,2193 796,2183 902,2176 1007,2172 1113,2170 1218,2168 1323,2168 1429,2170 1534,2170 1640,2172 1745,2173 1850,2174 1956,2174 2061,2172 2167,2169 2272,2164 2377,2156 2483,2146 2588,2133 2694,2116"
                         HEIGHT="245"
                         WIDTH="2135"
                         VPOS="2015"
                         HPOS="570">
                  <String ID="string_region_1644325876754_9719l19"
                          HEIGHT="245"
                          WIDTH="2135"
                          VPOS="2015"
                          HPOS="570"
                          CONTENT="lindaghtigh wesen en ons willen bij tydt"/>
               </TextLine>
               <TextLine ID="region_1644325876754_9719l20"
                         BASELINE="664,2314 758,2301 852,2293 946,2286 1040,2281 1134,2278 1228,2276 1322,2276 1416,2276 1510,2278 1605,2279 1699,2280 1793,2280 1887,2280 1981,2280 2075,2277 2169,2274 2263,2267 2357,2259 2451,2248 2546,2234"
                         HEIGHT="193"
                         WIDTH="1912"
                         VPOS="2157"
                         HPOS="648">
                  <String ID="string_region_1644325876754_9719l20"
                          HEIGHT="193"
                          WIDTH="1912"
                          VPOS="2157"
                          HPOS="648"
                          CONTENT="adviseeren want en desireere niet alt"/>
               </TextLine>
               <TextLine ID="region_1644325876754_9719l21"
                         BASELINE="656,2428 758,2418 861,2409 963,2404 1066,2399 1168,2396 1271,2394 1373,2392 1476,2392 1578,2390 1681,2390 1783,2390 1886,2388 1988,2387 2091,2384 2193,2380 2296,2375 2398,2369 2501,2360 2603,2349 2706,2334"
                         HEIGHT="194"
                         WIDTH="2080"
                         VPOS="2277"
                         HPOS="640">
                  <String ID="string_region_1644325876754_9719l21"
                          HEIGHT="194"
                          WIDTH="2080"
                          VPOS="2277"
                          HPOS="640"
                          CONTENT="eenigh employe tot eenen goeden intrest"/>
               </TextLine>
               <TextLine ID="region_1644325876754_9719l22"
                         BASELINE="682,2538 778,2531 874,2525 970,2522 1066,2518 1163,2516 1259,2514 1355,2512 1451,2510 1547,2510 1644,2508 1740,2508 1836,2506 1932,2506 2028,2503 2125,2501 2221,2498 2317,2493 2413,2488 2509,2482 2606,2474"
                         HEIGHT="180"
                         WIDTH="1955"
                         VPOS="2389"
                         HPOS="666">
                  <String ID="string_region_1644325876754_9719l22"
                          HEIGHT="180"
                          WIDTH="1955"
                          VPOS="2389"
                          HPOS="666"
                          CONTENT=" hebben u de sullen verobligeeren"/>
               </TextLine>
               <TextLine ID="region_1644325876754_9719l23"
                         BASELINE="674,2650 708,2650 742,2648 776,2648 810,2646 845,2644 879,2642 913,2639 947,2637 981,2633 1016,2630 1050,2628 1084,2624 1118,2622 1152,2619 1187,2615 1221,2612 1255,2608 1289,2606 1323,2604 1358,2602"
                         HEIGHT="164"
                         WIDTH="717"
                         VPOS="2533"
                         HPOS="655">
                  <String ID="string_region_1644325876754_9719l23"
                          HEIGHT="164"
                          WIDTH="717"
                          VPOS="2533"
                          HPOS="655"
                          CONTENT="die blijve"/>
               </TextLine>
               <TextLine ID="region_1644325876754_9719l24"
                         BASELINE="528,2778 635,2768 742,2759 850,2752 957,2744 1065,2739 1172,2734 1279,2730 1387,2728 1494,2726 1602,2724 1709,2724 1816,2722 1924,2722 2031,2722 2139,2722 2246,2722 2353,2724 2461,2724 2568,2722 2676,2722"
                         HEIGHT="217"
                         WIDTH="2176"
                         VPOS="2603"
                         HPOS="513">
                  <String ID="string_region_1644325876754_9719l24"
                          HEIGHT="217"
                          WIDTH="2176"
                          VPOS="2603"
                          HPOS="513"
                          CONTENT="Aomsteram frans Roussau Ady 15 april 1721"/>
               </TextLine>
               <TextLine ID="region_1644325876754_9719l25"
                         BASELINE="584,2892 689,2881 795,2872 900,2863 1006,2857 1111,2852 1217,2848 1322,2844 1428,2842 1533,2840 1639,2840 1744,2838 1850,2838 1955,2838 2061,2838 2166,2838 2272,2836 2377,2834 2483,2833 2588,2830 2694,2826"
                         HEIGHT="255"
                         WIDTH="2135"
                         VPOS="2713"
                         HPOS="570">
                  <String ID="string_region_1644325876754_9719l25"
                          HEIGHT="255"
                          WIDTH="2135"
                          VPOS="2713"
                          HPOS="570"
                          CONTENT="Ick sien baj ue aengenaeme 18 n des verande"/>
               </TextLine>
               <TextLine ID="region_1644325876754_9719l26"
                         BASELINE="536,2996 642,2986 748,2978 854,2970 960,2964 1067,2959 1173,2955 1279,2950 1385,2948 1491,2946 1598,2943 1704,2942 1810,2940 1916,2938 2022,2936 2129,2935 2235,2934 2341,2932 2447,2929 2553,2926 2660,2922"
                         HEIGHT="238"
                         WIDTH="2152"
                         VPOS="2827"
                         HPOS="522">
                  <String ID="string_region_1644325876754_9719l26"
                          HEIGHT="238"
                          WIDTH="2152"
                          VPOS="2827"
                          HPOS="522"
                          CONTENT="=ringe der Engelsche fondsen mijn en mijn"/>
               </TextLine>
               <TextLine ID="region_1644325876754_9719l27"
                         BASELINE="600,3110 698,3099 796,3089 894,3080 992,3074 1091,3069 1189,3065 1287,3062 1385,3058 1483,3056 1582,3054 1680,3054 1778,3052 1876,3050 1974,3049 2073,3046 2171,3044 2269,3040 2367,3036 2465,3030 2564,3024"
                         HEIGHT="193"
                         WIDTH="1994"
                         VPOS="2941"
                         HPOS="584">
                  <String ID="string_region_1644325876754_9719l27"
                          HEIGHT="193"
                          WIDTH="1994"
                          VPOS="2941"
                          HPOS="584"
                          CONTENT="broeders ordre en dignen maer omt vant"/>
               </TextLine>
               <TextLine ID="region_1644325876754_9719l28"
                         BASELINE="632,3210 733,3199 834,3190 935,3180 1037,3175 1138,3169 1239,3164 1341,3161 1442,3158 1543,3156 1645,3154 1746,3154 1847,3152 1948,3152 2050,3150 2151,3150 2252,3148 2354,3146 2455,3144 2556,3142 2658,3138"
                         HEIGHT="236"
                         WIDTH="2053"
                         VPOS="3032"
                         HPOS="617">
                  <String ID="string_region_1644325876754_9719l28"
                          HEIGHT="236"
                          WIDTH="2053"
                          VPOS="3032"
                          HPOS="617"
                          CONTENT="geval te connen profiteeren ofter noopende"/>
               </TextLine>
               <TextLine ID="region_1644325876754_9719l29"
                         BASELINE="588,3296 692,3291 796,3286 900,3282 1005,3278 1109,3275 1213,3272 1318,3270 1422,3268 1526,3266 1631,3264 1735,3262 1839,3261 1943,3258 2048,3257 2152,3255 2256,3252 2361,3250 2465,3247 2569,3244 2674,3238"
                         HEIGHT="228"
                         WIDTH="2115"
                         VPOS="3142"
                         HPOS="573">
                  <String ID="string_region_1644325876754_9719l29"
                          HEIGHT="228"
                          WIDTH="2115"
                          VPOS="3142"
                          HPOS="573"
                          CONTENT="rede engelsche banque aenes diergelijcke sottlgke "/>
               </TextLine>
               <TextLine ID="region_1644325876754_9719l30"
                         BASELINE="592,3412 695,3404 799,3397 903,3390 1006,3386 1110,3381 1214,3378 1317,3374 1421,3372 1525,3370 1629,3368 1732,3366 1836,3364 1940,3364 2043,3362 2147,3360 2251,3359 2354,3358 2458,3356 2562,3354 2666,3350"
                         HEIGHT="158"
                         WIDTH="2102"
                         VPOS="3267"
                         HPOS="577">
                  <String ID="string_region_1644325876754_9719l30"
                          HEIGHT="158"
                          WIDTH="2102"
                          VPOS="3267"
                          HPOS="577"
                          CONTENT="den voorvielen ulser wegens de suyn ce longe"/>
               </TextLine>
               <TextLine ID="region_1644325876754_9719l31"
                         BASELINE="644,3508 746,3499 848,3492 950,3486 1052,3482 1154,3478 1256,3476 1358,3474 1460,3472 1562,3472 1665,3472 1767,3470 1869,3470 1971,3470 2073,3470 2175,3468 2277,3468 2379,3466 2481,3463 2583,3459 2686,3454"
                         HEIGHT="209"
                         WIDTH="2070"
                         VPOS="3362"
                         HPOS="629">
                  <String ID="string_region_1644325876754_9719l31"
                          HEIGHT="209"
                          WIDTH="2070"
                          VPOS="3362"
                          HPOS="629"
                          CONTENT="syn geschiet om van die occasies te profiteeren"/>
               </TextLine>
               <TextLine ID="region_1644325876754_9719l32"
                         BASELINE="638,3608 737,3602 837,3597 937,3594 1037,3590 1137,3588 1236,3586 1336,3584 1436,3582 1536,3580 1636,3580 1735,3578 1835,3578 1935,3578 2035,3576 2135,3576 2234,3574 2334,3572 2434,3570 2534,3568 2634,3564"
                         HEIGHT="172"
                         WIDTH="2024"
                         VPOS="3459"
                         HPOS="624">
                  <String ID="string_region_1644325876754_9719l32"
                          HEIGHT="172"
                          WIDTH="2024"
                          VPOS="3459"
                          HPOS="624"
                          CONTENT="en sullkers gevalle racomm and eere maer mes"/>
               </TextLine>
               <TextLine ID="region_1644325876754_9719l33"
                         BASELINE="656,3720 757,3716 859,3714 961,3710 1063,3708 1165,3705 1267,3702 1369,3701 1471,3699 1573,3698 1675,3696 1776,3694 1878,3694 1980,3692 2082,3691 2184,3690 2286,3690 2388,3688 2490,3687 2592,3686 2694,3686"
                         HEIGHT="177"
                         WIDTH="2068"
                         VPOS="3589"
                         HPOS="641">
                  <String ID="string_region_1644325876754_9719l33"
                          HEIGHT="177"
                          WIDTH="2068"
                          VPOS="3589"
                          HPOS="641"
                          CONTENT="intrest waerten emen en posirief te vercoopen"/>
               </TextLine>
            </TextBlock>
            <TextBlock ID="region_1644325879843_9722"
                       HEIGHT="3729"
                       WIDTH="2282"
                       VPOS="82"
                       HPOS="2764">
               <Shape>
                  <Polygon POINTS="2764,82 5046,82 5046,3811 2764,3811"/>
               </Shape>
               <TextLine ID="region_1644325879843_9722l1"
                         BASELINE="2762,232 2869,221 2976,214 3084,206 3191,201 3299,196 3406,193 3513,191 3621,189 3728,188 3836,186 3943,186 4050,186 4158,184 4265,182 4373,180 4480,176 4587,173 4695,167 4802,160 4910,152"
                         HEIGHT="165"
                         WIDTH="2176"
                         VPOS="108"
                         HPOS="2747">
                  <String ID="string_region_1644325879843_9722l1"
                          HEIGHT="165"
                          WIDTH="2176"
                          VPOS="108"
                          HPOS="2747"
                          CONTENT="dogh het moet iwogt boven de selve ten np een "/>
               </TextLine>
               <TextLine ID="region_1644325879843_9722l2"
                         BASELINE="2790,354 2894,345 2998,336 3103,330 3207,324 3312,318 3416,314 3520,310 3625,306 3729,304 3834,301 3938,299 4042,298 4147,296 4251,296 4356,296 4460,294 4564,294 4669,294 4773,294 4878,294"
                         HEIGHT="244"
                         WIDTH="2117"
                         VPOS="171"
                         HPOS="2776">
                  <String ID="string_region_1644325879843_9722l2"
                          HEIGHT="244"
                          WIDTH="2117"
                          VPOS="171"
                          HPOS="2776"
                          CONTENT="wesen anders desireeren die te behouden segghhe "/>
               </TextLine>
               <TextLine ID="region_1644325879843_9722l3"
                         BASELINE="2790,466 2892,459 2994,453 3096,447 3198,441 3300,436 3402,433 3504,429 3606,426 3708,422 3810,420 3912,418 4014,416 4116,414 4218,411 4320,409 4422,407 4524,404 4626,402 4728,398 4830,396"
                         HEIGHT="250"
                         WIDTH="2068"
                         VPOS="289"
                         HPOS="2776">
                  <String ID="string_region_1644325879843_9722l3"
                          HEIGHT="250"
                          WIDTH="2068"
                          VPOS="289"
                          HPOS="2776"
                          CONTENT="twee hondert ons brief voor dhr. Dancl hays"/>
               </TextLine>
               <TextLine ID="region_1644325879843_9722l4"
                         BASELINE="2792,578 2897,568 3003,561 3109,554 3215,548 3321,545 3427,542 3533,538 3639,536 3745,534 3851,532 3956,531 4062,530 4168,526 4274,524 4380,521 4486,516 4592,511 4698,505 4804,498 4910,488"
                         HEIGHT="248"
                         WIDTH="2146"
                         VPOS="408"
                         HPOS="2778">
                  <String ID="string_region_1644325879843_9722l4"
                          HEIGHT="248"
                          WIDTH="2146"
                          VPOS="408"
                          HPOS="2778"
                          CONTENT="en magh ue niet afsenden ten sij ue deselve"/>
               </TextLine>
               <TextLine ID="region_1644325879843_9722l5"
                         BASELINE="2798,694 2902,686 3007,678 3111,672 3216,668 3321,663 3425,661 3530,658 3634,656 3739,654 3844,652 3948,651 4053,649 4157,646 4262,642 4367,638 4471,632 4576,624 4680,615 4785,604 4890,592"
                         HEIGHT="232"
                         WIDTH="2124"
                         VPOS="534"
                         HPOS="2782">
                  <String ID="string_region_1644325879843_9722l5"
                          HEIGHT="232"
                          WIDTH="2124"
                          VPOS="534"
                          HPOS="2782"
                          CONTENT="went te vercoopen ingevalleed en amins "/>
               </TextLine>
               <TextLine ID="region_1644325879843_9722l6"
                         BASELINE="2802,806 2908,797 3014,792 3120,787 3226,784 3332,781 3438,778 3544,776 3650,774 3756,772 3862,771 3968,768 4074,766 4180,762 4286,758 4392,754 4498,747 4604,739 4710,730 4816,718 4922,706"
                         HEIGHT="273"
                         WIDTH="2149"
                         VPOS="623"
                         HPOS="2788">
                  <String ID="string_region_1644325879843_9722l6"
                          HEIGHT="273"
                          WIDTH="2149"
                          VPOS="623"
                          HPOS="2788"
                          CONTENT="vergaet onde de sondte goen faveur nemen"/>
               </TextLine>
               <TextLine ID="region_1644325879843_9722l7"
                         BASELINE="2818,928 2924,922 3030,917 3137,912 3243,908 3350,906 3456,902 3562,900 3669,897 3775,894 3882,892 3988,888 4094,884 4201,880 4307,876 4414,870 4520,864 4626,855 4733,848 4839,837 4946,826"
                         HEIGHT="214"
                         WIDTH="2159"
                         VPOS="756"
                         HPOS="2802">
                  <String ID="string_region_1644325879843_9722l7"
                          HEIGHT="214"
                          WIDTH="2159"
                          VPOS="756"
                          HPOS="2802"
                          CONTENT="sal ditto brief met de procuratie de vagghe "/>
               </TextLine>
               <TextLine ID="region_1644325879843_9722l8"
                         BASELINE="2814,1040 2923,1035 3032,1032 3141,1027 3250,1023 3359,1020 3468,1016 3577,1014 3686,1010 3795,1008 3904,1006 4013,1002 4122,999 4231,996 4340,992 4449,988 4558,984 4667,978 4776,973 4885,966 4994,960"
                         HEIGHT="226"
                         WIDTH="2207"
                         VPOS="876"
                         HPOS="2799">
                  <String ID="string_region_1644325879843_9722l8"
                          HEIGHT="226"
                          WIDTH="2207"
                          VPOS="876"
                          HPOS="2799"
                          CONTENT="ombieden ende dan sijn wij wederom als vorens"/>
               </TextLine>
               <TextLine ID="region_1644325879843_9722l9"
                         BASELINE="2836,1162 2940,1155 3044,1148 3148,1143 3253,1139 3357,1136 3461,1134 3566,1134 3670,1132 3774,1132 3879,1130 3983,1129 4087,1127 4191,1124 4296,1120 4400,1115 4504,1109 4609,1102 4713,1091 4817,1078 4922,1064"
                         HEIGHT="219"
                         WIDTH="2116"
                         VPOS="976"
                         HPOS="2822">
                  <String ID="string_region_1644325879843_9722l9"
                          HEIGHT="219"
                          WIDTH="2116"
                          VPOS="976"
                          HPOS="2822"
                          CONTENT="willende ue wet seyghen ick meer soliditeydt "/>
               </TextLine>
               <TextLine ID="region_1644325879843_9722l10"
                         BASELINE="2840,1286 2942,1276 3045,1267 3148,1260 3250,1256 3353,1252 3456,1250 3558,1248 3661,1248 3764,1247 3867,1246 3969,1246 4072,1244 4175,1242 4277,1238 4380,1231 4483,1224 4585,1215 4688,1203 4791,1188 4894,1170"
                         HEIGHT="209"
                         WIDTH="2087"
                         VPOS="1093"
                         HPOS="2822">
                  <String ID="string_region_1644325879843_9722l10"
                          HEIGHT="209"
                          WIDTH="2087"
                          VPOS="1093"
                          HPOS="2822"
                          CONTENT="vinde in de banque als in de luyt ne compt"/>
               </TextLine>
               <TextLine ID="region_1644325879843_9722l11"
                         BASELINE="2850,1388 2957,1382 3064,1377 3171,1372 3278,1368 3386,1364 3493,1362 3600,1358 3707,1356 3814,1352 3922,1350 4029,1348 4136,1344 4243,1340 4350,1338 4458,1334 4565,1329 4672,1324 4779,1318 4886,1312 4994,1304"
                         HEIGHT="256"
                         WIDTH="2173"
                         VPOS="1179"
                         HPOS="2835">
                  <String ID="string_region_1644325879843_9722l11"
                          HEIGHT="256"
                          WIDTH="2173"
                          VPOS="1179"
                          HPOS="2835"
                          CONTENT="ende dat ick wenste meer geemplogeeri te hebben "/>
               </TextLine>
               <TextLine ID="region_1644325879843_9722l12"
                         BASELINE="2834,1504 2942,1498 3050,1492 3158,1487 3266,1484 3375,1480 3483,1476 3591,1472 3699,1469 3807,1466 3916,1462 4024,1458 4132,1455 4240,1452 4348,1447 4457,1444 4565,1438 4673,1433 4781,1427 4889,1421 4998,1414"
                         HEIGHT="191"
                         WIDTH="2196"
                         VPOS="1343"
                         HPOS="2818">
                  <String ID="string_region_1644325879843_9722l12"
                          HEIGHT="191"
                          WIDTH="2196"
                          VPOS="1343"
                          HPOS="2818"
                          CONTENT="in de banque als ick by de uynsee comp dedan"/>
               </TextLine>
               <TextLine ID="region_1644325879843_9722l13"
                         BASELINE="2852,1628 2955,1618 3059,1612 3162,1605 3266,1600 3369,1594 3473,1591 3576,1588 3680,1585 3783,1582 3887,1580 3990,1578 4094,1576 4197,1574 4301,1572 4404,1568 4508,1564 4611,1561 4715,1556 4818,1550 4922,1544"
                         HEIGHT="231"
                         WIDTH="2100"
                         VPOS="1429"
                         HPOS="2835">
                  <String ID="string_region_1644325879843_9722l13"
                          HEIGHT="231"
                          WIDTH="2100"
                          VPOS="1429"
                          HPOS="2835"
                          CONTENT="hebbe mijne te graote eer compeende ude te "/>
               </TextLine>
               <TextLine ID="region_1644325879843_9722l14"
                         BASELINE="2842,1748 2946,1738 3050,1730 3155,1723 3259,1717 3364,1712 3468,1708 3572,1704 3677,1702 3781,1699 3886,1696 3990,1694 4094,1692 4199,1689 4303,1685 4408,1682 4512,1677 4616,1670 4721,1664 4825,1656 4930,1646"
                         HEIGHT="205"
                         WIDTH="2121"
                         VPOS="1574"
                         HPOS="2827">
                  <String ID="string_region_1644325879843_9722l14"
                          HEIGHT="205"
                          WIDTH="2121"
                          VPOS="1574"
                          HPOS="2827"
                          CONTENT="vergroote precannen bi avres te nemen"/>
               </TextLine>
               <TextLine ID="region_1644325879843_9722l15"
                         BASELINE="2842,1852 2950,1848 3059,1844 3168,1840 3277,1836 3386,1833 3494,1829 3603,1826 3712,1822 3821,1820 3930,1816 4038,1814 4147,1810 4256,1806 4365,1802 4474,1799 4582,1794 4691,1790 4800,1786 4909,1780 5018,1774"
                         HEIGHT="217"
                         WIDTH="2207"
                         VPOS="1677"
                         HPOS="2826">
                  <String ID="string_region_1644325879843_9722l15"
                          HEIGHT="217"
                          WIDTH="2207"
                          VPOS="1677"
                          HPOS="2826"
                          CONTENT="mynder vrijnden heeft mij groote schaede geconsecr"/>
               </TextLine>
               <TextLine ID="region_1644325879843_9722l16"
                         BASELINE="2836,1964 2942,1960 3048,1958 3154,1954 3260,1952 3366,1950 3472,1948 3578,1944 3684,1942 3790,1940 3897,1938 4003,1934 4109,1932 4215,1929 4321,1926 4427,1923 4533,1919 4639,1915 4745,1910 4851,1906 4958,1900"
                         HEIGHT="208"
                         WIDTH="2152"
                         VPOS="1790"
                         HPOS="2821">
                  <String ID="string_region_1644325879843_9722l16"
                          HEIGHT="208"
                          WIDTH="2152"
                          VPOS="1790"
                          HPOS="2821"
                          CONTENT="int vercoopen van de lhijtsce aenis dogh daer"/>
               </TextLine>
               <TextLine ID="region_1644325879843_9722l17"
                         BASELINE="2862,2086 2969,2081 3077,2078 3184,2074 3292,2070 3400,2066 3507,2064 3615,2060 3722,2057 3830,2054 3938,2052 4045,2050 4153,2048 4260,2046 4368,2043 4476,2042 4583,2040 4691,2038 4798,2036 4906,2034 5014,2034"
                         HEIGHT="209"
                         WIDTH="2181"
                         VPOS="1939"
                         HPOS="2847">
                  <String ID="string_region_1644325879843_9722l17"
                          HEIGHT="209"
                          WIDTH="2181"
                          VPOS="1939"
                          HPOS="2847"
                          CONTENT="geen soliditeydt en is en can memant staet maeken"/>
               </TextLine>
               <TextLine ID="region_1644325879843_9722l18"
                         BASELINE="2840,2210 2948,2204 3057,2198 3166,2192 3275,2188 3384,2183 3493,2180 3602,2176 3711,2174 3820,2171 3929,2169 4037,2168 4146,2165 4255,2164 4364,2162 4473,2160 4582,2158 4691,2156 4800,2154 4909,2150 5018,2148"
                         HEIGHT="172"
                         WIDTH="2208"
                         VPOS="2065"
                         HPOS="2824">
                  <String ID="string_region_1644325879843_9722l18"
                          HEIGHT="172"
                          WIDTH="2208"
                          VPOS="2065"
                          HPOS="2824"
                          CONTENT="de se begonne leuwe doet sien dat het sprecckwoot "/>
               </TextLine>
               <TextLine ID="region_1644325879843_9722l19"
                         BASELINE="2868,2324 2968,2316 3068,2310 3168,2304 3268,2301 3368,2297 3468,2294 3568,2292 3668,2292 3768,2290 3869,2288 3969,2288 4069,2286 4169,2286 4269,2284 4369,2282 4469,2278 4569,2275 4669,2270 4769,2265 4870,2258"
                         HEIGHT="195"
                         WIDTH="2032"
                         VPOS="2145"
                         HPOS="2852">
                  <String ID="string_region_1644325879843_9722l19"
                          HEIGHT="195"
                          WIDTH="2032"
                          VPOS="2145"
                          HPOS="2852"
                          CONTENT="waer  audaces fortuna det dez que "/>
               </TextLine>
               <TextLine ID="region_1644325879843_9722l20"
                         BASELINE="2878,2434 2983,2434 3088,2434 3194,2432 3299,2432 3405,2432 3510,2430 3615,2430 3721,2430 3826,2430 3932,2429 4037,2428 4142,2428 4248,2427 4353,2426 4459,2424 4564,2424 4669,2422 4775,2420 4880,2418 4986,2416"
                         HEIGHT="228"
                         WIDTH="2135"
                         VPOS="2286"
                         HPOS="2864">
                  <String ID="string_region_1644325879843_9722l20"
                          HEIGHT="228"
                          WIDTH="2135"
                          VPOS="2286"
                          HPOS="2864"
                          CONTENT="reggellet want ales daajn de wlegh schael"/>
               </TextLine>
               <TextLine ID="region_1644325879843_9722l21"
                         BASELINE="2884,2568 2985,2562 3087,2556 3188,2552 3290,2548 3391,2546 3493,2544 3594,2542 3696,2540 3797,2539 3899,2538 4000,2538 4102,2536 4203,2536 4305,2534 4406,2534 4508,2532 4609,2529 4711,2526 4812,2522 4914,2516"
                         HEIGHT="193"
                         WIDTH="2058"
                         VPOS="2424"
                         HPOS="2869">
                  <String ID="string_region_1644325879843_9722l21"
                          HEIGHT="193"
                          WIDTH="2058"
                          VPOS="2424"
                          HPOS="2869"
                          CONTENT="gesielt is heeft exordinaire wihsen tot u"/>
               </TextLine>
               <TextLine ID="region_1644325879843_9722l22"
                         BASELINE="2884,2684 2990,2675 3097,2668 3204,2662 3310,2658 3417,2654 3524,2650 3630,2648 3737,2648 3844,2646 3951,2644 4057,2644 4164,2642 4271,2642 4377,2640 4484,2638 4591,2635 4697,2631 4804,2628 4911,2622 5018,2614"
                         HEIGHT="194"
                         WIDTH="2164"
                         VPOS="2532"
                         HPOS="2869">
                  <String ID="string_region_1644325879843_9722l22"
                          HEIGHT="194"
                          WIDTH="2164"
                          VPOS="2532"
                          HPOS="2869"
                          CONTENT="toegegeven en alles dat met groose eircomtya"/>
               </TextLine>
               <TextLine ID="region_1644325879843_9722l23"
                         BASELINE="2848,2812 2951,2800 3054,2789 3157,2782 3260,2775 3364,2770 3467,2766 3570,2762 3673,2760 3776,2760 3880,2758 3983,2758 4086,2758 4189,2756 4292,2756 4396,2755 4499,2753 4602,2750 4705,2747 4808,2743 4912,2736"
                         HEIGHT="223"
                         WIDTH="2092"
                         VPOS="2613"
                         HPOS="2834">
                  <String ID="string_region_1644325879843_9722l23"
                          HEIGHT="223"
                          WIDTH="2092"
                          VPOS="2613"
                          HPOS="2834"
                          CONTENT="=tde aengennemen is en heeft ornn toe niet"/>
               </TextLine>
               <TextLine ID="region_1644325879843_9722l24"
                         BASELINE="2892,2914 2998,2904 3105,2896 3211,2890 3318,2884 3424,2880 3531,2876 3637,2874 3744,2872 3850,2872 3957,2870 4063,2870 4170,2870 4276,2868 4383,2868 4489,2866 4596,2864 4702,2860 4809,2856 4915,2852 5022,2846"
                         HEIGHT="170"
                         WIDTH="2159"
                         VPOS="2755"
                         HPOS="2878">
                  <String ID="string_region_1644325879843_9722l24"
                          HEIGHT="170"
                          WIDTH="2159"
                          VPOS="2755"
                          HPOS="2878"
                          CONTENT="alt schaede gerenderrt daer op caeme mede tot"/>
               </TextLine>
               <TextLine ID="region_1644325879843_9722l25"
                         BASELINE="2884,3018 2988,3009 3093,3003 3198,2998 3303,2992 3408,2990 3513,2988 3618,2986 3723,2986 3828,2984 3933,2984 4037,2984 4142,2982 4247,2981 4352,2980 4457,2977 4562,2973 4667,2968 4772,2962 4877,2952 4982,2942"
                         HEIGHT="196"
                         WIDTH="2127"
                         VPOS="2854"
                         HPOS="2868">
                  <String ID="string_region_1644325879843_9722l25"
                          HEIGHT="196"
                          WIDTH="2127"
                          VPOS="2854"
                          HPOS="2868"
                          CONTENT="ue propositie van den insooor van pesser tot "/>
               </TextLine>
               <TextLine ID="region_1644325879843_9722l26"
                         BASELINE="2902,3134 3005,3126 3108,3118 3211,3111 3314,3107 3417,3103 3520,3100 3623,3098 3726,3098 3829,3096 3932,3096 4035,3096 4138,3094 4241,3092 4344,3090 4447,3088 4550,3084 4653,3079 4756,3072 4859,3063 4962,3054"
                         HEIGHT="209"
                         WIDTH="2089"
                         VPOS="2971"
                         HPOS="2888">
                  <String ID="string_region_1644325879843_9722l26"
                          HEIGHT="209"
                          WIDTH="2089"
                          VPOS="2971"
                          HPOS="2888"
                          CONTENT="1 grooten Ick hebbe mij aen weynigh daer"/>
               </TextLine>
               <TextLine ID="region_1644325879843_9722l27"
                         BASELINE="2890,3238 2996,3234 3102,3230 3209,3226 3315,3222 3422,3220 3528,3216 3634,3214 3741,3212 3847,3210 3954,3208 4060,3207 4166,3206 4273,3204 4379,3202 4486,3200 4592,3197 4698,3194 4805,3192 4911,3188 5018,3184"
                         HEIGHT="209"
                         WIDTH="2157"
                         VPOS="3084"
                         HPOS="2876">
                  <String ID="string_region_1644325879843_9722l27"
                          HEIGHT="209"
                          WIDTH="2157"
                          VPOS="3084"
                          HPOS="2876"
                          CONTENT="naer geintormeert on van vrinden vernoemen"/>
               </TextLine>
               <TextLine ID="region_1644325879843_9722l28"
                         BASELINE="2878,3342 2985,3340 3093,3339 3200,3338 3308,3336 3415,3333 3523,3330 3630,3328 3738,3326 3845,3322 3953,3320 4060,3316 4168,3314 4275,3312 4383,3310 4490,3306 4598,3305 4705,3303 4813,3302 4920,3300 5028,3300"
                         HEIGHT="218"
                         WIDTH="2180"
                         VPOS="3186"
                         HPOS="2862">
                  <String ID="string_region_1644325879843_9722l28"
                          HEIGHT="218"
                          WIDTH="2180"
                          VPOS="3186"
                          HPOS="2862"
                          CONTENT="dtt over dlepasseerde tijden de s peer c"/>
               </TextLine>
               <TextLine ID="region_1644325879843_9722l29"
                         BASELINE="2902,3450 3007,3450 3112,3450 3217,3448 3323,3448 3428,3446 3533,3443 3639,3441 3744,3438 3849,3436 3955,3432 4060,3430 4165,3426 4270,3423 4376,3420 4481,3418 4586,3414 4692,3412 4797,3410 4902,3409 5008,3408"
                         HEIGHT="210"
                         WIDTH="2135"
                         VPOS="3298"
                         HPOS="2887">
                  <String ID="string_region_1644325879843_9722l29"
                          HEIGHT="210"
                          WIDTH="2135"
                          VPOS="3298"
                          HPOS="2887"
                          CONTENT="tot 15 gnobten naer lange jaer ue bewaest"/>
               </TextLine>
               <TextLine ID="region_1644325879843_9722l30"
                         BASELINE="2908,3568 3009,3566 3111,3562 3213,3559 3315,3556 3417,3553 3518,3550 3620,3547 3722,3544 3824,3541 3926,3538 4027,3535 4129,3532 4231,3530 4333,3526 4435,3524 4536,3523 4638,3522 4740,3520 4842,3520 4944,3518"
                         HEIGHT="165"
                         WIDTH="2066"
                         VPOS="3417"
                         HPOS="2893">
                  <String ID="string_region_1644325879843_9722l30"
                          HEIGHT="165"
                          WIDTH="2066"
                          VPOS="3417"
                          HPOS="2893"
                          CONTENT="men blijde is geweest di sonder schaede"/>
               </TextLine>
               <TextLine ID="region_1644325879843_9722l31"
                         BASELINE="2896,3670 3000,3670 3105,3669 3209,3667 3314,3664 3418,3662 3523,3658 3627,3654 3732,3650 3836,3646 3941,3644 4045,3640 4150,3638 4254,3635 4359,3634 4463,3632 4568,3632 4672,3634 4777,3636 4881,3640 4986,3646"
                         HEIGHT="196"
                         WIDTH="2119"
                         VPOS="3514"
                         HPOS="2882">
                  <String ID="string_region_1644325879843_9722l31"
                          HEIGHT="196"
                          WIDTH="2119"
                          VPOS="3514"
                          HPOS="2882"
                          CONTENT="afte setten wat sal men nu voor yl "/>
               </TextLine>
               <TextLine ID="region_1644325879843_9722l32"
                         BASELINE="2886,3770 2984,3770 3083,3768 3182,3768 3281,3766 3380,3764 3478,3762 3577,3760 3676,3757 3775,3754 3874,3752 3972,3750 4071,3746 4170,3744 4269,3742 4368,3740 4466,3738 4565,3736 4664,3736 4763,3734 4862,3734"
                         HEIGHT="156"
                         WIDTH="2003"
                         VPOS="3647"
                         HPOS="2872">
                  <String ID="string_region_1644325879843_9722l32"
                          HEIGHT="156"
                          WIDTH="2003"
                          VPOS="3647"
                          HPOS="2872"
                          CONTENT="daer meer en meer schepen van dssende "/>
               </TextLine>
            </TextBlock>
         </PrintSpace>
      </Page>
   </Layout>
</alto>
