5169 3874
654 86 2072 184 de la compt. des indes de 2 spouree eschen si

621 176 2010 229 Jcan et que la coomp. du puy vas payeer 3

612 318 2104 193 pour cent pour mn pariez siusdeux ie vous prie

597 427 2135 192 me remettre ce que vous aurez en caiste

655 525 2061 205 pour mogde hesme que pour mons

678 637 1963 213 des may mon beay rons  ic mdis

675 753 2054 236 Ghendt Jhe de Saedelaer Ady 25 supil223

629 901 2060 218 mettue 22 deser becoeme remisedsc

672 1015 2062 199 Pater plowden ƒ600:- wisselgeld het w geaccop

628 1127 2092 169 feert is. ick salt briefie 3 £50:7 a ƒ £35:1 ean

673 1242 2060 218 ue geccepteert by mij addres voldoen ente

627 1367 1330 196 ue toesenden blijve

588 1470 2133 208 mendt Francois Seraerp Ady 2 Augusti 1722

634 1560 2101 215 Ick hebbe beyde ue missves dato 15 deser uijt ghedt

680 1701 2047 206 en 22 uyt Brussel wel ontfangen aengaende onse

627 1827 2102 204 liyftenten op den sande van elst n pretende

633 1914 2087 203 dat de conditien in de rente brieven verhebt sullen

670 2029 2043 160 achter volght worden dat is dat de jaerlyersche

660 2141 2068 188 croisen door de pachters oft door den ontfangen

669 2259 1938 204 ter heure van de rentheters sullen beaelt

669 2354 2039 252 worden ende niet p bewijs tot geeraer sberghs

689 2482 2008 225 ue gelieve dat te companiceeren ende te

676 2608 1840 175 besorghen dat ditto onse biyfrenten ten

662 2698 1976 200 comptoire van dh. Igpack vollam Behorselg

684 2821 1925 223 geen reaistreest woden ende de vervallen

678 2932 2047 179 crorden van in Jannarie laedt betaelt op dat sy

690 3052 2042 203 ons casitael restiomeeren want solc neme

680 3161 1999 171 van handelen is ongehoert ick bidde daer toot

644 3275 2088 198 werecken dat sulckx sijn est eet e en peersten

664 3377 1970 204 geschieve oock versocht ue de goethendtgekiet

627 3487 2010 201 te hebben van mij eene notschaele declainsse

703 3593 1909 164 te senden als de enregest rate gedaen sal

698 3729 1870 108 wesen tot mijne satisfactie aengaende e

2768 81 2194 276 restant van de asignatie van dheer van beveren

2771 210 2157 236 rese ne nu een eijnde sal besorghen ende oock

2795 322 2149 229 aen de restar ende ƒ 50000: & die nu in sbereen

2806 452 2061 244 jaer over stier sullen sijn geloopen: het is

2802 555 2181 225 oock wonder dat ue geen acceptatne en becoemt

2855 704 2017 221 voor den decharge brief op te staelen van

2823 834 2112 214 brabaut ue bekent Ick ben soo chagrin ever

2853 945 2110 218 alle dese affairens dat het ue niet ca melden

2836 1093 2151 190 op sulcken voet can mes noeyt staet macken

2850 1143 2141 267 ick groete ue en eens een goet succes verwaghten

2854 1357 418 188 erlsds

3761 1362 1115 223 Ady 26 Aurin 1732

2809 1417 837 205 hendt Jacobus Baut

2838 1491 2134 256 alester volgens ue d. laeste missive dato 22 meert

2820 1638 1972 178 laest hebbe verwaght mijne reken onran

2822 1745 2097 204 die alhoewel niet becoemen hebbende ue de

2823 1822 2155 226 recommandeere met occasie te senden hennisse

2819 1959 2138 178 hebbende dat de renten off verloopen croiden

2831 2049 2099 192 als nu betaelt worden nene de libertijdt ue

2823 2183 2158 155 ingesloeten te senden mijne quittantie van een

2848 2267 2111 259 jaer liffente gevallen 28 gber 17 van ƒ100:

2821 2399 2140 229 courant gelde waer in bidde in te schrijven den

2854 2481 2172 238 naem van die de selve betaelt  de weerde

2871 2600 2124 260 ontfangen hebbende mij daer voor in rekene de

2884 2737 1824 212 wediteeren die blijve in alle occasien

2852 2834 2147 252 forme dan procuratie gesonden aen thodat scawin

2808 2978 2123 164 tot london tot het ontfangen van de dividenten

2819 3084 1657 208 van  £1500:- in de laysee comp

2813 3220 931 183 to m. Charles Lockeyer

2792 3340 837 149 Aecountant toy sonth

2786 3444 557 118 ea commarng

2805 3437 2151 219 as 1s S. Thomas seawe Kknight and aldermay the

2796 3539 2088 194 dividend due id sumer  o thousand tive hunires

2790 3674 2166 124 pdinds sterling sonts len stoek en my parme gud pay

3280 3727 1668 104 vm e searvers ael future divsoent n the

2801 3765 418 67 ke £21d14
