5183 3856
603 75 2111 265 G hendt JBB De Saevelaer Ady 12 xber 1732

666 227 1822 213 met ue missive 9 deser sendt ue mj de

658 367 2020 166 rugh de wee geaccepteerde e stilts eve

677 475 2010 174 waer voor ue bedancke p daende alnoch

696 579 1945 210 den ingeleyden op DH4: le scburobe

627 708 1990 197 laeter accepteeren en met occasie

643 825 1982 196 mij maer te renvoijeer en p ue van

663 932 1984 213 gisteren remitteert ue my  426 op dir

622 1056 1877 194 Jacobus De Soninek waer van het

624 1190 1956 199 noodigh sal besorghen pary op cosij

640 1303 2039 184 is hiey niet geproeker seder t myn laese

660 1436 1948 171 advies oft het moet isschen vinden

655 1541 1790 187 en aprint o wesen buijsen de beurs

677 1642 1937 191 gelieft ue dat ick aprix courant e

654 1766 2004 200 occasies trecke gelieft mij eens voor ul

666 1905 2015 175 ordres te geven: dat ick doen is om

687 2005 1809 176 ue intrese te menageeren. blijve

591 2089 2091 257 Ghondt JB de Saedelaer Ady 18 xber 1722

591 2244 2087 197 pdmossive 15 deser becoeme met briefke

574 2405 2001 153 gexccepteert du refair en p dienut

646 2442 2047 227 gisteren reise op jay van delft opp est

634 2583 1701 230 deser p cassa te bettaelen £200:-

643 2668 2014 256 aengaende brieven op Amsterdam

611 2793 1997 209 banco invenaeste m aent vallende

632 2942 2087 181 tot 1½ a  aen te nemen en can ue met

658 3027 1966 234 raeden ick en geloove met die prijs

644 3135 1966 272 hier te connen macken ende disetre

645 3281 1897 201 optenonden is te resgnant voor dien

652 3409 1943 195 men niet weet hoe de wissel sick

664 3530 1893 210 tegensseorparis sal schickeet want de

696 3615 1994 177 beseven worden maer afgeschreven

2750 72 2126 276 ende betaelt t het openen dir banque

2761 193 2246 231 sooick meyne tegens sichtmiste ingesloen

2763 293 2062 265 n de n brief tien lasse by mj addres

2769 416 2087 301 heden door miy voor ue Reken voldaen tiy

2774 539 2009 241 £50:- a ƒ36:4 vlaems £90:16: 8 vwaer

2778 651 2176 240 voor mij gelieve te crediteeren dh walhiers

2768 841 2180 219 leeft hier geweest en eenige penningen

2769 892 2235 251 sto geloove genegoneert ende daer door

2777 1040 2103 231 soude ick a ff hebbe connen trechen

2791 1144 2171 215 dogh die occasie is nu voor t blijve

2786 1319 2075 266 Ghendt JB De Saedelaer Ady 23 xber 1722

2784 1461 2200 193 N. ue missive dat 20 deser remitteere ue mij

2789 1578 2103 234 twee brieven als op af wijlinck £173:19:2

2771 1707 2186 201 is gevallen en £1154:- addres adriaaus Cooleu

2785 1835 2200 177 ick op 21 gevallen waer voor de noodighe

2786 1945 2183 179 orghe sal draeghen op morgen: ingesloeten

2792 2048 1959 227 den brief mes lassel st £200 ½ aƒ36:4

2804 2174 2137 204 laemt £ 363:6:8 door mij volgaen bidde

2787 2320 1346 203 ay te crediteeren die blijve

2796 2389 2101 251 hunst De Sandelaer Ady 28 xber 1772

2779 2559 2132 214 In antwoort op ue nissive dato 26 deser sal

2786 2679 2217 216 voor ue remise daer by gesonden op jan van delft

2784 2794 2121 229 30 p casse te betaelen sorghe dwagghe sijnde

2771 2924 2169 216 £100:- ende ue trachten volgens ie versoeck

2755 3035 2238 194 reken courant te senden. egesloeten den laesten

2781 3151 2211 204 brief pmesn laske heden door mij voor ue rekesel

2781 3302 2158 202 vild aen  150 a £36:3 vlaems £ 271:17:6

2811 3411 2178 235 waer voor mij gelieve de crediteeren die blijve
