5097 3855
441 56 2004 164 manier qualijck intrest voor cappitael sien van te

435 169 2074 175 becoemen. ick bidde ue, hebt considerast, belieft ue

404 301 2054 147 dat ick can dit magh met ue in conscientie virder

429 369 2036 177 consideratie hebben en afwaghtende: dat ue mj

410 463 2046 211 sal coemen spreken en ien op reken brenghen

427 619 600 162 soo blijve

1692 679 719 205 Adij 14 xber 1719

360 710 965 190 Ghendt JBB de Saedelaer

1800 807 90 95 2

405 824 2061 166 gedraeghe mij aen mijnen laesten 12 court desen tot

440 944 1999 126 couvers van den wisselbrief pien laste heden doer

435 1017 1990 171 my voor ue reken voldaen als ot £150 aƒ :36:t

455 1121 2104 145 waer voor mij gelieft te crediteeren vllaems wissel

351 1245 1221 189 =gelde £272: 1oen blijvee

1673 1302 751 174 Ady 14 xber 1719

387 1330 1056 184 Rotterdam Jacques Meyers

451 1435 2100 203 hebbe ue ofp 14 courant geadviseert dat den Raet tot

377 1540 2210 202 Brussel vonnis gegeven heeft in faveur der crediteuren

430 1647 2162 183 tegens de stershuiysen van scheppers en sijn huysvrouwe

440 1756 2126 177 en ue daer van copie gesonden. nu hebbe die n aengaende

445 1874 1986 194 gecondulteert, ende daer is raet saem gevondeu de

441 1974 2050 139 ertgcnaemen af te vraeghen oft sij, die de effeeten van

453 2030 2013 207 beyde de sterthuysen besitten, de gautsche st

463 2171 1990 154 willen erkennes ende aenveerden op conditie daer

458 2237 2075 158 men met ter minnen te saemen sonden over tracteeren

401 2359 2162 159 ditto afvraeginge is gisteren notarialijck geschiet

407 2440 1934 176 dertalnaemen hebben gevraeght hun te moogen

389 2540 2018 164 delibereeren tot vrijdaghs naer middagh het gene is

441 2664 2034 181 toegestaet in gevalle van weyneringe sal mende

437 2737 2052 193 novo sonder tijdt verlies requeste tot haeren laste

412 2841 1832 217 presenteeren ende daer by annexeeren hun refus

453 2918 1989 201 ingevalle sij consenteeren ende de schift willen

413 3032 2034 174 erkenien soo salmen moeten tracteeren. hier toe

447 3139 1993 170 verlocke alvoerens ue sentiment te weeten en ue

446 3199 2029 218 aureatte te hebben. mijn intentie is wel vrinden dienst

473 3323 1919 162 te doen maer niemant buyten ataet van hunne

441 3422 1986 184 affairent te connen continneeren te brenghen. ick e

443 3520 2057 198 geloove niet het ue soo veer soude willen pourteeren

469 3620 2011 144 dat men die hinderen soude ruineeren schon meure

2700 61 2059 179 meght hadde van instantelijck ons meester van de

2719 155 2137 213 edeeien te maeken daerom ul mijn speeulate dat te

2706 272 2208 191 naer het aenveerden van de ganssehe schuldt ende

2712 385 2277 183 naert passeeren van een solunnecle daere dien aengaende

2691 555 2249 130 de 25 prete van de courtreste gemaeckt biy hun moeders

2728 619 2205 210 teslamente contant Louden betaelen en over de 36a

2737 727 2199 235 27 prete vant cappitael die als dan souden resteeren

2748 842 2195 211 p diversche payementen te contracteeren niet over

2733 980 1498 164 verwaghte ue resolune blijve

2714 1080 2154 249 Ghendt JB. desaedelaer Ady 19 xber 1719

2742 1203 2177 222 met ue van gisteren becoeme voor ue eken

2749 1346 2194 166 briefken op S sicht op J Pauwels van ƒ401 vcour

2745 1414 2153 199 waer van dacceptatie sal paghten te voorderen

2759 1546 1991 197 onder & prete schaede en can ich present niet

2746 1669 1470 205 trecken tot ue geverno. blijve.

4042 1770 789 195 Ady 21 xber 1719

2723 1794 1066 195 Rotterdam Jacques Meyers

2772 1908 2069 168 naer het becoemen van ue aengenaeme 15 courant

2778 2010 2185 164 en het vernemen van ue sentiment daer bo uijtgedracht

2768 2124 2176 150 hebbe ick te meer op een accomodement het willen

2792 2235 2153 132 dirigeeren considereerende de salu en principaler

2774 2308 2182 181 nu eerst moste gaen beginnen het een lanckdurien

2807 2391 2136 210 proces conde worden men stertelijck is tte ende dat

2794 2509 2039 159 het aprecenwoort seght beetel een slight accort

2808 2553 2181 240 als aen goet proces. boven dien dat het voor ue dde

2824 2691 1785 181 en dangere crediteuren gevonden geldt ie

2805 2793 1950 162 het is dan godt danck gisteren avoirt noe verse

2827 2884 2115 218 gebrocht dat het accerdt ostchen derfgenaemen van

2810 2990 2152 190 scheppers en sjr huysvrouwe ende de creditcrren

2818 3070 2108 177 mondelingh is getrosfen ter presente van notaris

2827 3134 2044 248 als gerejgen om voor heet e ooghtjd teaterdagh

2828 3235 2132 222 tochoetende ue der schepenen te passeeren in den

2828 3339 2173 173 voet ende conditie naer volgens dat de vier onbeed

2823 3436 2149 150 hinderen den soone en drij dochters die detteeten belitten

2816 3570 2173 102 de volle schult oft taghereydt de crediteuren van hunney

2840 3605 2142 158 vaeder ende moever sullen erkennen en hun eygen van

2906 3724 1955 73 maeten cwe ten vollen l en  ant r
