5087 3855
629 59 2015 233 Costrijck dhuysvrouwes Ady 7 emey 1720

665 166 1043 220 ne ghond greijfser

696 254 1976 242 ick hebbe ue aengenaeme 14 meert wel

716 387 2017 237 ontfangen. ick considereer ue redene inde

699 505 2057 230 occasies heeft ue een ander aen mij geprefereert

727 617 2020 245 dde sale niet en twjfcl oft sijn vool en voldaen

717 753 1751 210 en om een cleynigheynt die ick het delve

707 875 1870 238 gehadt hebbe ue tot den alder evielsie

678 995 1926 219 prijse te leveren valt het lot op

652 1102 1987 183 rwille altijdts alle moogelijcke considipeie

708 1202 1869 246 gebruyken maer het gaet te veer isser

657 1348 1982 188 tgen negoue men moet bij den intrest

634 1435 2092 184 vap sijn geldt subsisteeren ue can het wel

645 1548 2071 174 af meesen dat ick meer aen intrist toegeve

684 1656 2064 195 aen het gene ich ue gelevert hebbe als dat aen

691 1757 2031 238 die coopmanschatr gewonnen is daerom

650 1888 2045 180 bidde ue dan eyndelijck ue sich gelieve naer

672 1989 2061 198 de reden te voeghen en mij te voldoenen

687 2093 2034 224 In alle occasien daer capabel sal wesen

673 2190 2009 253 ue de dienen te commandeeren die bljve

2052 2342 549 161 3 mey 1720

606 2329 1287 222 Londen Schoppens en Edewardy

633 2442 2091 193 ue aengenaeme 15 en 26 pasto hebbe wel ont

633 2550 2073 216 fangen Ick hebbe appacsement bij het geene

644 2635 2102 211 my noteert in aen geande den eoop onseract

661 2749 2064 211 inde juytue compagnie hebbe ick een vrandin

671 2850 2067 232 holant die de oopacte van is anders en soude &

656 2981 2049 217 pris coust geen ordre hebbe gegeven nu isser geen

667 3055 1993 177 ander versoeck als om met enen oye tejberde

661 3162 2065 187 daer toe advanceert ue mij acties in de fanque te

689 3255 1985 206 coope ick hebbe de smoulatie dat die moeten

666 3360 2056 199 dae en door dien de banque van ale canse onder

670 3428 2087 299 meijntwoort ende de selve an haer intrest jaere

688 3581 2017 202 lijckx comt te diminiueren soo dat daer op geen

2772 100 2252 138 glaet is te meecken als voor desen toen die 8 p jaere

2772 154 2201 246 ele betaelde inge valle de meer comt te doelben

2770 232 2236 298 iidr mij te adviseeren as den sal wel eenigh en

2770 328 2235 307 gploye doen meddelertijt resfusteren bijde hollant

2806 471 2190 276 ie geseste dat d konbreklijke vessery compat

4534 648 339 82 ende selve

2817 547 2219 305 ue e costy staet octroy te becomen ende dat als

2805 656 2228 263 van nie af considerable in schrivange geschee

2811 760 2212 308 den ingevalle die a payme bij het parleme

2816 860 2219 293 getroje, becomt en gectablieert wort soude wel

2834 970 2182 290 daer toe resolveeren geel. te nemen als het ue

2806 1091 2184 310 soude b aproberens biddende daer op ue de

2809 1179 2225 361 lexie te nemen en mij dien aen gaende toe

2808 1367 2210 329 sendement te laeten weten met ue adves wat

2819 1468 2166 356 intreste sjairs du compagrece tbe oft uyt ie

4068 1597 279 111 adaer en

2823 1595 2146 305 rijcken middeler wijl can ue voor mij alst ue

4120 1724 870 146 m et Ro 0o

3662 1787 1361 150 de selve octroy recoeumt

2840 1764 848 240 geraeden vinkinse

3739 1854 1299 206 y testende voor de nost eande

4384 1962 196 83 van

2833 1953 2207 285 voor commende voervallen de occasie em ploye van

2842 2087 2200 275 penninge te sorgen ende te communeuereden

2836 2314 553 134 di bliice

3878 2303 972 236 Ady 10 mey 1720

2789 2364 824 213 mons le Bleux

2820 2479 2214 205 plus de consideration at on, pir est en recompen

2803 2591 2242 213 sie. vous scavez que me devez encor et cependant

2836 2716 2059 200 vous ne songez pus a me sansfaire ie vous

2850 2832 2165 168 prie done me remettre et suis en touttos occatios

2819 2939 1963 198 mons Anthoini Gallopin Ady 1o mey 71

2862 3064 1105 165 selven te neur als boven

2763 3139 2040 167 Antwerpen wed Pleeter verschilden Ady 10 ey 1720

2810 3217 2184 199 deken coeme ue maer indaghtigh macken us eygen brief

2813 3369 2158 144 die ue mij ca 15 meert geschreven heeft ende mij ander mael

2796 3461 2173 128 referereren aen mijnen laesten met mijn redelijck versoeck

2809 3549 2114 99 om naer soo veel jaeren gewaght te hebben te moogen

2815 3629 2122 107 voldaeninge ergaen ende te saecken te cesfusteeren hier opp

2806 3713 1653 69 my verlaetende blyve in alle occasien
