5076 3855
684 51 1995 200 Amsterdam Franciies Rousseau 20 ay 1720

708 243 2062 120 ue aengemaeme 13 en 17 jourt hebbe wel ontfangen was

715 295 2051 184 wille ick ue in antwoort seggen anders als dat ick in

719 382 2036 129 capabel ben eenige e te connen nemen ic en

723 466 2048 219 hebbe mijn lever mij niet connen inbelden dat men

709 565 2070 186 in engeland oft hollandt negoteerde als men seelt i

702 670 1936 152 den terlinck endene onder boinde ick dat mijne

679 728 1999 260 fondamenteele ordenen mij seer duer costen siudie iek

714 829 2034 273 mij connen inbelden dat de engelsche en hollanders

709 930 1949 250 gelijck als de fransche messisipsie souden speelen ick

693 1028 2036 240 hadde voor waer een groot cannitael uyt de sunt de ge

724 1119 158 102 1n

709 1163 1932 177 maeckt soo als ue  bekent. is aengaendeee de 2

721 1265 1927 218 partiyekens banck actus tot londen is by naer de

718 1333 2052 201 mooten niet meer weert om daer op castalen ende

694 1464 2046 199 cocht te bouwen daerom doet ha maer naer geraeden

725 1558 1942 214 want ick wille niet voorders schrijven nochte ue

731 1661 2012 163 reecommondeeren anders als dat u sal r a ppro

742 1752 2007 160 beeren wat ue sal gedaen hebben oft coemers te doen

721 1872 1980 170 het syne de selve tot 25 met premes op augusty te

738 1971 2040 181 lieveren a 5o0 vercoght heeft oft anders noch staet te

752 2082 1998 166 disponneeren mij dunckt mede het tijt is daer van

730 2225 2007 124 te disponeeren echter op premis bleter als contant

724 2281 2057 153 door dien s00 contant en s00 voor 2 maenden wel

733 2386 1983 152 dien i meriteert ick verwachten met groot

733 2464 1951 172 verlangen wat ue  sal hebben geeffectweelt ge

724 2557 2010 201 leeft mijn breef op Dancil hays te openen ende de pro

732 2662 1993 167 curatie te laeten examineeren manikeert daer ict

716 2763 1982 139 Ick sal ue een amgelder senden mijn ordre in aen

707 2868 1945 184 Dh huys algegeven e hij heeft me geantwoort in

723 2963 1948 183 fubstantie de dato s april inge valle hr franco

723 3079 2012 174 Rousseau ven amsterdam mij toe kent ue procurat

766 3181 1992 138 om ue e £ s60 banck acte ofte leveren die op

756 3275 2011 156 ue naem staen ick en sabnelt naer laeten het s

775 3363 1985 163 te doen hevens het ontfangen de capetael pennenge

747 3465 2006 179 ver vencoop somme van mijn broeder heeft heij over

782 3565 1921 169 lanck selfs lebere pprocuratie gehadt en ty sal

789 3673 1863 112 hem Jakerda odon nier en ue ordre te vollen

2841 87 2157 174 wij onfirmeeren het voorige en boven staende en bly

3891 155 1039 147 was mede onder seeckent

2855 181 608 211 ve alle beyde

3855 249 1005 209 Jan mechiel melijn

4026 346 628 172 20 Juny 1720

2847 364 983 204 Rotterdam Jaques Meyens

2886 449 2091 248 In antwoort op ue aengenaeme 4 court segge mons

2930 532 2103 213 de schepper heden mij heeft coemen siggen bij de naert

2938 629 2020 201 weeke het eerste payement sal voldoen hebbe hem

2925 726 2079 189 conform ue missue eene notitie behandight van

2915 826 2065 271 ƒ16848 courtresse waer van 25 piethe beloopen

2881 943 2134 227 ƒ4212: wisselgelde dat hy het selfde soude naersiee

2887 1057 2122 198 sal dat contoren ue procuraue en ue di ordre envoir

2856 1184 2025 212 deren quittantie aen hun, en ue p. instantelijck

2866 1257 2085 219 advies geven bedancke ue van herten voor het

2882 1376 2101 178 expedieeren mijnder brieven en recommandeere

2860 1516 1993 182 andermael het selfs voor den ingetloeevoor

2862 1608 2079 162 Amsterdam hetis ovor eenighe banck daere

2873 1689 1959 180 die noch hebbe dan die oock te vercoopen ick

2851 1763 2125 182 reftecteere wat ue gelieft de melden noopoede

2868 1901 2064 187 de pavigaus op de oosfrdies. ick ben en houde

2851 2009 2055 151 mij daer buyten want ick voor sien vat iuteynd

2840 2096 2129 175 sal den last draeghen want het schepie het huys

2867 2176 2108 158 van oostenrijcq camteyn naissche toehoesende

2870 2297 2101 146 aen den baron geloors enn suis sight meer ops

2885 2398 2142 134 de retour 20 meylen becosten de cat de bonne

2861 2522 2105 115 esperenie te sijn geactaqueert ende genoemen

2846 2589 1966 167 van ue roovers ick laete ue nu bordeelen

2869 2680 2102 137 wat aen de meenighe noch uyt weesende sat

2881 2794 2149 158 wedervaeren hadde ick maer naer mijn enstog

2852 2880 2113 152 inde engelsche mist sipp den tijdt conneu

2859 2967 2155 154 afwaghten ende de forinne hebben ick hadde noch

2860 3063 1980 177 tosij wat beeter gestaenalt de nadiganten

2863 3166 2108 133 t in den heer heeft het sonders geschicht en

2854 3261 2138 184 Ick verhoepe noch al content te sullen wesen

2882 3371 558 128 en blijee
