<?xml version="1.0" encoding="UTF-8"?>
<alto xmlns:xsi="http://www.w3.org/2001/XMLSchema-instance"
      xmlns="http://www.loc.gov/standards/alto/ns-v4#"
      xmlns:page="http://schema.primaresearch.org/PAGE/gts/pagecontent/2013-07-15"
      xsi:schemaLocation="http://www.loc.gov/standards/alto/ns-v4# https://www.loc.gov/standards/alto/v4/alto.xsd">
   <Description>
      <MeasurementUnit>pixel</MeasurementUnit>
      <OCRProcessing ID="IdOcr">
         <ocrProcessingStep>
            <processingDateTime>2022-02-11T21:34:09.867+01:00</processingDateTime>
            <processingSoftware>
               <softwareCreator>READ COOP</softwareCreator>
               <softwareName>Transkribus</softwareName>
            </processingSoftware>
         </ocrProcessingStep>
      </OCRProcessing>
   </Description>
   <Layout>
      <Page ID="Page1" PHYSICAL_IMG_NR="1" HEIGHT="3871" WIDTH="5173">
         <TopMargin HEIGHT="0" WIDTH="5173" VPOS="0" HPOS="0"/>
         <LeftMargin HEIGHT="3871" WIDTH="0" VPOS="0" HPOS="0"/>
         <RightMargin HEIGHT="3871" WIDTH="0" VPOS="0" HPOS="5173"/>
         <BottomMargin HEIGHT="0" WIDTH="5173" VPOS="3871" HPOS="0"/>
         <PrintSpace HEIGHT="3871" WIDTH="5173" VPOS="0" HPOS="0">
            <TextBlock ID="region_1644328277239_10629"
                       HEIGHT="3623"
                       WIDTH="2250"
                       VPOS="45"
                       HPOS="486">
               <Shape>
                  <Polygon POINTS="486,45 2736,45 2736,3668 486,3668"/>
               </Shape>
               <TextLine ID="region_1644328277239_10629l1"
                         BASELINE="656,254 759,250 862,246 965,242 1068,240 1172,238 1275,238 1378,238 1481,238 1584,238 1688,240 1791,242 1894,242 1997,244 2100,246 2204,246 2307,248 2410,250 2513,250 2616,250 2720,250"
                         HEIGHT="235"
                         WIDTH="2093"
                         VPOS="81"
                         HPOS="641">
                  <String ID="string_region_1644328277239_10629l1"
                          HEIGHT="235"
                          WIDTH="2093"
                          VPOS="81"
                          HPOS="641"
                          CONTENT="Ghendi t B de saedelaer Ady 22 xber 173"/>
               </TextLine>
               <TextLine ID="region_1644328277239_10629l2"
                         BASELINE="676,382 778,380 881,378 983,376 1086,374 1189,372 1291,370 1394,368 1496,366 1599,364 1702,362 1804,362 1907,360 2009,360 2112,360 2215,362 2317,362 2420,366 2522,368 2625,372 2728,378"
                         HEIGHT="212"
                         WIDTH="2079"
                         VPOS="230"
                         HPOS="663">
                  <String ID="string_region_1644328277239_10629l2"
                          HEIGHT="212"
                          WIDTH="2079"
                          VPOS="230"
                          HPOS="663"
                          CONTENT="met ue van 13 deser remitteerde ue my briete"/>
               </TextLine>
               <TextLine ID="region_1644328277239_10629l3"
                         BASELINE="664,518 766,510 868,505 970,499 1073,494 1175,490 1277,487 1380,484 1482,482 1584,480 1687,480 1789,478 1891,478 1993,478 2096,480 2198,480 2300,482 2403,484 2505,485 2607,488 2710,490"
                         HEIGHT="213"
                         WIDTH="2075"
                         VPOS="364"
                         HPOS="649">
                  <String ID="string_region_1644328277239_10629l3"
                          HEIGHT="213"
                          WIDTH="2075"
                          VPOS="364"
                          HPOS="649"
                          CONTENT="op Pater p lowden ƒ 200:- daer van voldaen"/>
               </TextLine>
               <TextLine ID="region_1644328277239_10629l4"
                         BASELINE="676,640 768,631 860,623 952,615 1044,610 1137,606 1229,603 1321,600 1413,598 1505,598 1598,598 1690,598 1782,598 1874,598 1966,598 2059,598 2151,600 2243,600 2335,598 2427,598 2520,596"
                         HEIGHT="178"
                         WIDTH="1874"
                         VPOS="479"
                         HPOS="661">
                  <String ID="string_region_1644328277239_10629l4"
                          HEIGHT="178"
                          WIDTH="1874"
                          VPOS="479"
                          HPOS="661"
                          CONTENT="ben en ue gecrediteert met dien van"/>
               </TextLine>
               <TextLine ID="region_1644328277239_10629l5"
                         BASELINE="664,754 763,748 863,742 963,738 1062,733 1162,730 1262,728 1361,725 1461,723 1561,722 1661,720 1760,720 1860,720 1960,720 2059,720 2159,720 2259,720 2358,721 2458,722 2558,722 2658,722"
                         HEIGHT="233"
                         WIDTH="2023"
                         VPOS="597"
                         HPOS="648">
                  <String ID="string_region_1644328277239_10629l5"
                          HEIGHT="233"
                          WIDTH="2023"
                          VPOS="597"
                          HPOS="648"
                          CONTENT="gisteren brief 11 deser 13 dato op eccrses"/>
               </TextLine>
               <TextLine ID="region_1644328277239_10629l6"
                         BASELINE="624,866 721,862 819,858 916,854 1014,850 1111,848 1209,846 1306,844 1404,842 1501,840 1599,838 1696,836 1794,836 1891,834 1989,834 2086,834 2184,832 2281,832 2379,832 2476,832 2574,832"
                         HEIGHT="192"
                         WIDTH="1980"
                         VPOS="719"
                         HPOS="608">
                  <String ID="string_region_1644328277239_10629l6"
                          HEIGHT="192"
                          WIDTH="1980"
                          VPOS="719"
                          HPOS="608"
                          CONTENT="van son im Amsterdam  ƒ1500:"/>
               </TextLine>
               <TextLine ID="region_1644328277239_10629l7"
                         BASELINE="616,996 710,989 804,984 898,978 992,973 1086,970 1180,966 1274,964 1368,962 1462,960 1556,958 1650,958 1744,956 1838,956 1932,954 2026,954 2120,952 2214,950 2308,948 2402,946 2496,944"
                         HEIGHT="214"
                         WIDTH="1908"
                         VPOS="832"
                         HPOS="600">
                  <String ID="string_region_1644328277239_10629l7"
                          HEIGHT="214"
                          WIDTH="1908"
                          VPOS="832"
                          HPOS="600"
                          CONTENT="die tot 1 prete hebbe ingetrockesn"/>
               </TextLine>
               <TextLine ID="region_1644328277239_10629l8"
                         BASELINE="634,1108 694,1109 755,1110 816,1110 877,1110 938,1108 998,1107 1059,1105 1120,1102 1181,1100 1242,1096 1302,1094 1363,1092 1424,1089 1485,1086 1546,1084 1606,1081 1667,1080 1728,1078 1789,1078 1850,1078"
                         HEIGHT="197"
                         WIDTH="1246"
                         VPOS="955"
                         HPOS="618">
                  <String ID="string_region_1644328277239_10629l8"
                          HEIGHT="197"
                          WIDTH="1246"
                          VPOS="955"
                          HPOS="618"
                          CONTENT="ƒ 888:16:3: blijve"/>
               </TextLine>
               <TextLine ID="region_1644328277239_10629l9"
                         BASELINE="624,1262 723,1254 823,1246 923,1242 1022,1238 1122,1238 1222,1238 1321,1240 1421,1242 1521,1246 1621,1248 1720,1250 1820,1254 1920,1255 2019,1256 2119,1255 2219,1253 2318,1248 2418,1242 2518,1232 2618,1220"
                         HEIGHT="293"
                         WIDTH="2022"
                         VPOS="1056"
                         HPOS="611">
                  <String ID="string_region_1644328277239_10629l9"
                          HEIGHT="293"
                          WIDTH="2022"
                          VPOS="1056"
                          HPOS="611"
                          CONTENT="Ghendt Adriaen Du wiy Ady 22 xber 1722"/>
               </TextLine>
               <TextLine ID="region_1644328277239_10629l10"
                         BASELINE="654,1404 753,1396 852,1390 951,1386 1050,1384 1150,1384 1249,1384 1348,1386 1447,1388 1546,1391 1646,1394 1745,1398 1844,1400 1943,1402 2042,1402 2142,1402 2241,1402 2340,1397 2439,1393 2538,1384 2638,1374"
                         HEIGHT="191"
                         WIDTH="2011"
                         VPOS="1258"
                         HPOS="641">
                  <String ID="string_region_1644328277239_10629l10"
                          HEIGHT="191"
                          WIDTH="2011"
                          VPOS="1258"
                          HPOS="641"
                          CONTENT="gesen om ue te adviseeren dat tot als poch"/>
               </TextLine>
               <TextLine ID="region_1644328277239_10629l11"
                         BASELINE="654,1524 753,1517 853,1512 953,1509 1053,1508 1153,1508 1252,1508 1352,1510 1452,1511 1552,1514 1652,1516 1751,1516 1851,1518 1951,1518 2051,1517 2151,1515 2250,1512 2350,1505 2450,1497 2550,1488 2650,1476"
                         HEIGHT="147"
                         WIDTH="2025"
                         VPOS="1394"
                         HPOS="640">
                  <String ID="string_region_1644328277239_10629l11"
                          HEIGHT="147"
                          WIDTH="2025"
                          VPOS="1394"
                          HPOS="640"
                          CONTENT="van Dih ontfanger seraerts nochte schrijven"/>
               </TextLine>
               <TextLine ID="region_1644328277239_10629l12"
                         BASELINE="666,1662 760,1656 854,1650 949,1645 1043,1642 1138,1640 1232,1638 1326,1638 1421,1638 1515,1638 1610,1638 1704,1638 1798,1640 1893,1640 1987,1640 2082,1640 2176,1640 2270,1638 2365,1634 2459,1631 2554,1626"
                         HEIGHT="246"
                         WIDTH="1917"
                         VPOS="1494"
                         HPOS="651">
                  <String ID="string_region_1644328277239_10629l12"
                          HEIGHT="246"
                          WIDTH="1917"
                          VPOS="1494"
                          HPOS="651"
                          CONTENT="nochte remises hebbe becoemen voor de "/>
               </TextLine>
               <TextLine ID="region_1644328277239_10629l13"
                         BASELINE="626,1818 720,1805 814,1796 908,1788 1002,1782 1096,1778 1190,1776 1284,1774 1378,1774 1472,1774 1567,1774 1661,1774 1755,1774 1849,1774 1943,1772 2037,1770 2131,1766 2225,1761 2319,1754 2413,1745 2508,1734"
                         HEIGHT="256"
                         WIDTH="1909"
                         VPOS="1639"
                         HPOS="611">
                  <String ID="string_region_1644328277239_10629l13"
                          HEIGHT="256"
                          WIDTH="1909"
                          VPOS="1639"
                          HPOS="611"
                          CONTENT="partije. ue bekent soo dat ue vrindelijck"/>
               </TextLine>
               <TextLine ID="region_1644328277239_10629l14"
                         BASELINE="654,1940 751,1932 848,1925 945,1920 1042,1916 1139,1912 1236,1910 1333,1910 1430,1908 1527,1908 1624,1906 1721,1906 1818,1904 1915,1902 2012,1898 2109,1894 2206,1888 2303,1880 2400,1871 2497,1858 2594,1844"
                         HEIGHT="204"
                         WIDTH="1971"
                         VPOS="1757"
                         HPOS="638">
                  <String ID="string_region_1644328277239_10629l14"
                          HEIGHT="204"
                          WIDTH="1971"
                          VPOS="1757"
                          HPOS="638"
                          CONTENT="versocke daer de handt aen te houden"/>
               </TextLine>
               <TextLine ID="region_1644328277239_10629l15"
                         BASELINE="598,2082 698,2070 799,2062 900,2055 1001,2050 1102,2046 1202,2044 1303,2042 1404,2042 1505,2042 1606,2042 1706,2042 1807,2040 1908,2038 2009,2036 2110,2031 2210,2023 2311,2015 2412,2004 2513,1989 2614,1970"
                         HEIGHT="289"
                         WIDTH="2046"
                         VPOS="1872"
                         HPOS="581">
                  <String ID="string_region_1644328277239_10629l15"
                          HEIGHT="289"
                          WIDTH="2046"
                          VPOS="1872"
                          HPOS="581"
                          CONTENT="opdat het self de magh volghes ue al"/>
               </TextLine>
               <TextLine ID="region_1644328277239_10629l16"
                         BASELINE="640,2222 719,2214 798,2207 878,2199 957,2195 1037,2190 1116,2188 1195,2186 1275,2184 1354,2182 1434,2180 1513,2179 1592,2178 1672,2176 1751,2174 1831,2172 1910,2169 1989,2165 2069,2160 2148,2155 2228,2148"
                         HEIGHT="258"
                         WIDTH="1620"
                         VPOS="2029"
                         HPOS="626">
                  <String ID="string_region_1644328277239_10629l16"
                          HEIGHT="258"
                          WIDTH="1620"
                          VPOS="2029"
                          HPOS="626"
                          CONTENT="mij verobligeeren die blijve"/>
               </TextLine>
               <TextLine ID="region_1644328277239_10629l17"
                         BASELINE="610,2352 711,2345 812,2338 914,2334 1015,2330 1117,2326 1218,2324 1319,2322 1421,2322 1522,2322 1624,2322 1725,2322 1826,2322 1928,2322 2029,2322 2131,2322 2232,2322 2333,2320 2435,2318 2536,2314 2638,2310"
                         HEIGHT="305"
                         WIDTH="2053"
                         VPOS="2134"
                         HPOS="596">
                  <String ID="string_region_1644328277239_10629l17"
                          HEIGHT="305"
                          WIDTH="2053"
                          VPOS="2134"
                          HPOS="596"
                          CONTENT="Ghendt J68 de Saedelaer Ady 7ger1781"/>
               </TextLine>
               <TextLine ID="region_1644328277239_10629l18"
                         BASELINE="678,2498 778,2484 879,2473 979,2464 1080,2459 1181,2454 1281,2451 1382,2450 1482,2448 1583,2450 1684,2450 1784,2452 1885,2454 1985,2456 2086,2458 2187,2458 2287,2458 2388,2458 2488,2456 2589,2452 2690,2448"
                         HEIGHT="219"
                         WIDTH="2042"
                         VPOS="2312"
                         HPOS="662">
                  <String ID="string_region_1644328277239_10629l18"
                          HEIGHT="219"
                          WIDTH="2042"
                          VPOS="2312"
                          HPOS="662"
                          CONTENT="ue remitteert mij met sijne nue vell "/>
               </TextLine>
               <TextLine ID="region_1644328277239_10629l19"
                         BASELINE="662,2618 756,2605 850,2593 945,2585 1039,2580 1134,2576 1228,2574 1322,2574 1417,2575 1511,2576 1606,2578 1700,2580 1794,2581 1889,2582 1983,2582 2078,2580 2172,2578 2266,2574 2361,2566 2455,2558 2550,2546"
                         HEIGHT="179"
                         WIDTH="1917"
                         VPOS="2475"
                         HPOS="646">
                  <String ID="string_region_1644328277239_10629l19"
                          HEIGHT="179"
                          WIDTH="1917"
                          VPOS="2475"
                          HPOS="646"
                          CONTENT="gisteeren en vier brieven ƒ 3300: op dien "/>
               </TextLine>
               <TextLine ID="region_1644328277239_10629l20"
                         BASELINE="644,2756 743,2742 842,2729 941,2720 1040,2712 1139,2706 1238,2702 1337,2698 1436,2696 1535,2694 1635,2694 1734,2694 1833,2694 1932,2694 2031,2694 2130,2694 2229,2692 2328,2690 2427,2688 2526,2683 2626,2676"
                         HEIGHT="226"
                         WIDTH="2012"
                         VPOS="2569"
                         HPOS="630">
                  <String ID="string_region_1644328277239_10629l20"
                          HEIGHT="226"
                          WIDTH="2012"
                          VPOS="2569"
                          HPOS="630"
                          CONTENT="If gjlinck die hem opp aeceptatie hebbe"/>
               </TextLine>
               <TextLine ID="region_1644328277239_10629l21"
                         BASELINE="638,2868 738,2856 838,2847 939,2838 1039,2831 1140,2824 1240,2820 1340,2816 1441,2812 1541,2810 1642,2808 1742,2808 1842,2806 1943,2806 2043,2806 2144,2806 2244,2806 2344,2806 2445,2806 2545,2806 2646,2804"
                         HEIGHT="237"
                         WIDTH="2038"
                         VPOS="2674"
                         HPOS="621">
                  <String ID="string_region_1644328277239_10629l21"
                          HEIGHT="237"
                          WIDTH="2038"
                          VPOS="2674"
                          HPOS="621"
                          CONTENT="schandight. maeke nota van de bieven"/>
               </TextLine>
               <TextLine ID="region_1644328277239_10629l22"
                         BASELINE="660,2984 761,2973 863,2963 965,2954 1066,2948 1168,2941 1270,2936 1371,2934 1473,2931 1575,2930 1677,2928 1778,2930 1880,2930 1982,2932 2083,2934 2185,2938 2287,2940 2388,2944 2490,2949 2592,2953 2694,2958"
                         HEIGHT="206"
                         WIDTH="2064"
                         VPOS="2835"
                         HPOS="644">
                  <String ID="string_region_1644328277239_10629l22"
                          HEIGHT="206"
                          WIDTH="2064"
                          VPOS="2835"
                          HPOS="644"
                          CONTENT="door ue geaccepteert by mij addres di c"/>
               </TextLine>
               <TextLine ID="region_1644328277239_10629l23"
                         BASELINE="664,3094 766,3086 869,3079 972,3073 1075,3068 1178,3064 1281,3060 1384,3056 1487,3054 1590,3052 1693,3052 1795,3052 1898,3052 2001,3054 2104,3057 2207,3060 2310,3064 2413,3070 2516,3077 2619,3084 2722,3092"
                         HEIGHT="243"
                         WIDTH="2084"
                         VPOS="2922"
                         HPOS="651">
                  <String ID="string_region_1644328277239_10629l23"
                          HEIGHT="243"
                          WIDTH="2084"
                          VPOS="2922"
                          HPOS="651"
                          CONTENT="ue informaeren men hier tot 2 advanue"/>
               </TextLine>
               <TextLine ID="region_1644328277239_10629l24"
                         BASELINE="660,3206 750,3197 841,3189 931,3184 1022,3179 1113,3176 1203,3174 1294,3174 1384,3174 1475,3174 1566,3176 1656,3176 1747,3178 1837,3178 1928,3178 2019,3178 2109,3178 2200,3176 2290,3172 2381,3167 2472,3160"
                         HEIGHT="176"
                         WIDTH="1840"
                         VPOS="3069"
                         HPOS="646">
                  <String ID="string_region_1644328277239_10629l24"
                          HEIGHT="176"
                          WIDTH="1840"
                          VPOS="3069"
                          HPOS="646"
                          CONTENT=" sy can trecken inlormierey ue "/>
               </TextLine>
               <TextLine ID="region_1644328277239_10629l25"
                         BASELINE="660,3328 758,3321 857,3314 955,3309 1054,3305 1152,3303 1251,3302 1349,3300 1448,3300 1546,3300 1645,3300 1743,3300 1842,3300 1940,3300 2039,3298 2137,3296 2236,3294 2334,3290 2433,3286 2531,3279 2630,3272"
                         HEIGHT="214"
                         WIDTH="1999"
                         VPOS="3174"
                         HPOS="646">
                  <String ID="string_region_1644328277239_10629l25"
                          HEIGHT="214"
                          WIDTH="1999"
                          VPOS="3174"
                          HPOS="646"
                          CONTENT="squalijck aen den voet deser de wisel"/>
               </TextLine>
               <TextLine ID="region_1644328277239_10629l26"
                         BASELINE="642,3456 741,3447 840,3440 939,3432 1038,3427 1137,3422 1236,3418 1335,3415 1434,3412 1533,3412 1632,3410 1731,3408 1830,3408 1929,3407 2028,3406 2127,3406 2226,3406 2325,3404 2424,3404 2523,3402 2622,3400"
                         HEIGHT="208"
                         WIDTH="2010"
                         VPOS="3291"
                         HPOS="627">
                  <String ID="string_region_1644328277239_10629l26"
                          HEIGHT="208"
                          WIDTH="2010"
                          VPOS="3291"
                          HPOS="627"
                          CONTENT="soo hier voor leden sonderdags geneget"/>
               </TextLine>
               <TextLine ID="region_1644328277239_10629l27"
                         BASELINE="706,3544 770,3546 835,3548 900,3548 964,3546 1029,3546 1094,3544 1158,3542 1223,3538 1288,3536 1353,3532 1417,3530 1482,3526 1547,3522 1611,3518 1676,3516 1741,3513 1805,3510 1870,3507 1935,3506 2000,3504"
                         HEIGHT="210"
                         WIDTH="1326"
                         VPOS="3423"
                         HPOS="688">
                  <String ID="string_region_1644328277239_10629l27"
                          HEIGHT="210"
                          WIDTH="1326"
                          VPOS="3423"
                          HPOS="688"
                          CONTENT="Beert  blijve"/>
               </TextLine>
            </TextBlock>
            <TextBlock ID="region_1644328280560_10632"
                       HEIGHT="3294"
                       WIDTH="2332"
                       VPOS="69"
                       HPOS="2763">
               <Shape>
                  <Polygon POINTS="2763,69 5095,69 5095,3363 2763,3363"/>
               </Shape>
               <TextLine ID="region_1644328280560_10632l1"
                         BASELINE="4780,108 4820,106"
                         HEIGHT="88"
                         WIDTH="69"
                         VPOS="39"
                         HPOS="4764">
                  <String ID="string_region_1644328280560_10632l1"
                          HEIGHT="88"
                          WIDTH="69"
                          VPOS="39"
                          HPOS="4764"
                          CONTENT="6"/>
               </TextLine>
               <TextLine ID="region_1644328280560_10632l2"
                         BASELINE="2806,298 2909,281 3012,269 3116,260 3219,252 3323,244 3426,240 3529,236 3633,234 3736,234 3840,232 3943,232 4046,232 4150,232 4253,232 4357,230 4460,228 4563,226 4667,220 4770,215 4874,206"
                         HEIGHT="265"
                         WIDTH="2098"
                         VPOS="98"
                         HPOS="2791">
                  <String ID="string_region_1644328280560_10632l2"
                          HEIGHT="265"
                          WIDTH="2098"
                          VPOS="98"
                          HPOS="2791"
                          CONTENT="Ghendt 3 de saedelaer Ady 17 gber 1732"/>
               </TextLine>
               <TextLine ID="region_1644328280560_10632l3"
                         BASELINE="2802,432 2908,419 3015,410 3122,401 3229,394 3336,387 3442,382 3549,378 3656,374 3763,372 3870,368 3976,366 4083,365 4190,364 4297,362 4404,360 4510,358 4617,356 4724,354 4831,352 4938,348"
                         HEIGHT="267"
                         WIDTH="2164"
                         VPOS="243"
                         HPOS="2787">
                  <String ID="string_region_1644328280560_10632l3"
                          HEIGHT="267"
                          WIDTH="2164"
                          VPOS="243"
                          HPOS="2787"
                          CONTENT="op 7 deser was aen ue mijnen laesten vaer aen"/>
               </TextLine>
               <TextLine ID="region_1644328280560_10632l4"
                         BASELINE="2798,558 2904,548 3010,539 3116,530 3223,524 3329,520 3435,514 3542,510 3648,507 3754,504 3861,502 3967,500 4073,498 4179,496 4286,494 4392,492 4498,490 4605,488 4711,484 4817,480 4924,476"
                         HEIGHT="256"
                         WIDTH="2153"
                         VPOS="389"
                         HPOS="2782">
                  <String ID="string_region_1644328280560_10632l4"
                          HEIGHT="256"
                          WIDTH="2153"
                          VPOS="389"
                          HPOS="2782"
                          CONTENT="my gedraeghe hollant is gisteren alhier "/>
               </TextLine>
               <TextLine ID="region_1644328280560_10632l5"
                         BASELINE="2802,696 2907,683 3013,671 3118,662 3224,654 3330,648 3435,644 3541,640 3646,636 3752,634 3858,632 3963,630 4069,628 4174,626 4280,623 4386,620 4491,616 4597,610 4702,605 4808,596 4914,586"
                         HEIGHT="234"
                         WIDTH="2142"
                         VPOS="513"
                         HPOS="2787">
                  <String ID="string_region_1644328280560_10632l5"
                          HEIGHT="234"
                          WIDTH="2142"
                          VPOS="513"
                          HPOS="2787"
                          CONTENT="wat gesiapt van banco 2 preis oo 1¼ en"/>
               </TextLine>
               <TextLine ID="region_1644328280560_10632l6"
                         BASELINE="2802,822 2908,810 3014,799 3120,790 3226,783 3333,778 3439,772 3545,770 3651,767 3757,764 3864,764 3970,762 4076,762 4182,760 4288,759 4395,757 4501,755 4607,752 4713,748 4819,743 4926,736"
                         HEIGHT="299"
                         WIDTH="2155"
                         VPOS="613"
                         HPOS="2785">
                  <String ID="string_region_1644328280560_10632l6"
                          HEIGHT="299"
                          WIDTH="2155"
                          VPOS="613"
                          HPOS="2785"
                          CONTENT="hoove meerder sal scappest desen om ue "/>
               </TextLine>
               <TextLine ID="region_1644328280560_10632l7"
                         BASELINE="2812,956 2905,941 2999,930 3093,921 3187,914 3281,909 3375,906 3469,902 3563,902 3657,900 3751,900 3844,900 3938,900 4032,900 4126,900 4220,898 4314,895 4408,891 4502,885 4596,876 4690,866"
                         HEIGHT="248"
                         WIDTH="1903"
                         VPOS="753"
                         HPOS="2798">
                  <String ID="string_region_1644328280560_10632l7"
                          HEIGHT="248"
                          WIDTH="1903"
                          VPOS="753"
                          HPOS="2798"
                          CONTENT="ftesenden de drij wisselbrieven docr ue "/>
               </TextLine>
               <TextLine ID="region_1644328280560_10632l8"
                         BASELINE="2786,1080 2892,1070 2999,1060 3105,1052 3212,1046 3319,1040 3425,1036 3532,1034 3638,1032 3745,1030 3852,1030 3958,1028 4065,1027 4171,1026 4278,1024 4385,1022 4491,1019 4598,1015 4704,1010 4811,1002 4918,994"
                         HEIGHT="232"
                         WIDTH="2161"
                         VPOS="887"
                         HPOS="2771">
                  <String ID="string_region_1644328280560_10632l8"
                          HEIGHT="232"
                          WIDTH="2161"
                          VPOS="887"
                          HPOS="2771"
                          CONTENT="geaccepteert biy mij addres heden den laesten"/>
               </TextLine>
               <TextLine ID="region_1644328280560_10632l9"
                         BASELINE="2806,1206 2912,1197 3018,1189 3124,1183 3230,1176 3336,1171 3442,1166 3548,1163 3654,1160 3760,1157 3866,1156 3972,1154 4078,1152 4184,1150 4290,1148 4396,1146 4502,1144 4608,1142 4714,1140 4820,1136 4926,1132"
                         HEIGHT="250"
                         WIDTH="2146"
                         VPOS="1019"
                         HPOS="2790">
                  <String ID="string_region_1644328280560_10632l9"
                          HEIGHT="250"
                          WIDTH="2146"
                          VPOS="1019"
                          HPOS="2790"
                          CONTENT="dagh ende door my voor ue reken voldaen"/>
               </TextLine>
               <TextLine ID="region_1644328280560_10632l10"
                         BASELINE="2810,1340 2907,1332 3005,1324 3102,1318 3200,1313 3297,1308 3395,1304 3492,1301 3590,1298 3687,1296 3785,1294 3882,1292 3980,1290 4077,1290 4175,1288 4272,1286 4370,1284 4467,1282 4565,1281 4662,1278 4760,1276"
                         HEIGHT="208"
                         WIDTH="1978"
                         VPOS="1155"
                         HPOS="2796">
                  <String ID="string_region_1644328280560_10632l10"
                          HEIGHT="208"
                          WIDTH="1978"
                          VPOS="1155"
                          HPOS="2796"
                          CONTENT="als eter £200:- a ƒ36:3- £362:88"/>
               </TextLine>
               <TextLine ID="region_1644328280560_10632l11"
                         BASELINE="2818,1440 2920,1436 3022,1431 3124,1427 3226,1424 3328,1422 3430,1419 3532,1417 3634,1415 3736,1414 3838,1412 3940,1411 4042,1410 4144,1410 4246,1408 4348,1408 4450,1406 4552,1406 4654,1404 4756,1402 4858,1400"
                         HEIGHT="235"
                         WIDTH="2067"
                         VPOS="1248"
                         HPOS="2804">
                  <String ID="string_region_1644328280560_10632l11"
                          HEIGHT="235"
                          WIDTH="2067"
                          VPOS="1248"
                          HPOS="2804"
                          CONTENT="ssedƒ 150:13—36:3-„ 273:1½"/>
               </TextLine>
               <TextLine ID="region_1644328280560_10632l12"
                         BASELINE="2814,1570 2912,1568 3010,1564 3108,1562 3206,1560 3305,1556 3403,1554 3501,1552 3599,1550 3697,1546 3796,1544 3894,1541 3992,1538 4090,1536 4188,1534 4287,1532 4385,1530 4483,1528 4581,1526 4679,1524 4778,1524"
                         HEIGHT="247"
                         WIDTH="1988"
                         VPOS="1403"
                         HPOS="2800">
                  <String ID="string_region_1644328280560_10632l12"
                          HEIGHT="247"
                          WIDTH="1988"
                          VPOS="1403"
                          HPOS="2800"
                          CONTENT="see £96:—35:2-„ 173:12:"/>
               </TextLine>
               <TextLine ID="region_1644328280560_10632l13"
                         BASELINE="2808,1756 2907,1745 3007,1737 3107,1730 3206,1726 3306,1724 3406,1722 3505,1720 3605,1721 3705,1722 3805,1724 3904,1724 4004,1726 4104,1728 4203,1728 4303,1728 4403,1726 4502,1724 4602,1720 4702,1714 4802,1706"
                         HEIGHT="256"
                         WIDTH="2020"
                         VPOS="1536"
                         HPOS="2795">
                  <String ID="string_region_1644328280560_10632l13"
                          HEIGHT="256"
                          WIDTH="2020"
                          VPOS="1536"
                          HPOS="2795"
                          CONTENT="saemen in wisselgelde £809:3:1"/>
               </TextLine>
               <TextLine ID="region_1644328280560_10632l14"
                         BASELINE="2806,1878 2901,1870 2997,1866 3092,1861 3188,1858 3284,1857 3379,1856 3475,1856 3570,1857 3666,1858 3762,1858 3857,1860 3953,1860 4048,1860 4144,1858 4240,1856 4335,1853 4431,1847 4526,1842 4622,1832 4718,1822"
                         HEIGHT="220"
                         WIDTH="1941"
                         VPOS="1732"
                         HPOS="2791">
                  <String ID="string_region_1644328280560_10632l14"
                          HEIGHT="220"
                          WIDTH="1941"
                          VPOS="1732"
                          HPOS="2791"
                          CONTENT="waer voor mij gelieve te crediteeren"/>
               </TextLine>
               <TextLine ID="region_1644328280560_10632l15"
                         BASELINE="2826,2006 2851,2002 2877,2000 2903,1996 2929,1991 2955,1989 2981,1986 3007,1983 3033,1979 3059,1975 3085,1973 3110,1971 3136,1969 3162,1968 3188,1967 3214,1966 3240,1966 3266,1968 3292,1968 3318,1971 3344,1972"
                         HEIGHT="162"
                         WIDTH="552"
                         VPOS="1876"
                         HPOS="2807">
                  <String ID="string_region_1644328280560_10632l15"
                          HEIGHT="162"
                          WIDTH="552"
                          VPOS="1876"
                          HPOS="2807"
                          CONTENT="blijve"/>
               </TextLine>
               <TextLine ID="region_1644328280560_10632l16"
                         BASELINE="2814,2110 2920,2104 3026,2100 3133,2098 3239,2096 3346,2094 3452,2094 3558,2094 3665,2094 3771,2096 3878,2096 3984,2096 4090,2096 4197,2096 4303,2094 4410,2092 4516,2090 4622,2086 4729,2080 4835,2074 4942,2064"
                         HEIGHT="292"
                         WIDTH="2156"
                         VPOS="1895"
                         HPOS="2801">
                  <String ID="string_region_1644328280560_10632l16"
                          HEIGHT="292"
                          WIDTH="2156"
                          VPOS="1895"
                          HPOS="2801"
                          CONTENT="Tede 3 De Sedelaer Ady 17 gber 1723"/>
               </TextLine>
               <TextLine ID="region_1644328280560_10632l17"
                         BASELINE="2818,2232 2926,2230 3035,2228 3144,2226 3253,2226 3362,2226 3470,2226 3579,2226 3688,2226 3797,2226 3906,2228 4014,2228 4123,2228 4232,2228 4341,2228 4450,2228 4558,2228 4667,2226 4776,2224 4885,2222 4994,2218"
                         HEIGHT="216"
                         WIDTH="2204"
                         VPOS="2082"
                         HPOS="2804">
                  <String ID="string_region_1644328280560_10632l17"
                          HEIGHT="216"
                          WIDTH="2204"
                          VPOS="2082"
                          HPOS="2804"
                          CONTENT="hebbe ue 1s deser afgesonden de drij wisselbrie"/>
               </TextLine>
               <TextLine ID="region_1644328280560_10632l18"
                         BASELINE="2820,2348 2928,2348 3036,2350 3144,2350 3252,2350 3361,2350 3469,2352 3577,2352 3685,2352 3793,2354 3902,2354 4010,2354 4118,2356 4226,2356 4334,2358 4443,2358 4551,2360 4659,2360 4767,2362 4875,2364 4984,2364"
                         HEIGHT="194"
                         WIDTH="2192"
                         VPOS="2223"
                         HPOS="2807">
                  <String ID="string_region_1644328280560_10632l18"
                          HEIGHT="194"
                          WIDTH="2192"
                          VPOS="2223"
                          HPOS="2807"
                          CONTENT="een en laste voor my voor ue reken. besaelt"/>
               </TextLine>
               <TextLine ID="region_1644328280560_10632l19"
                         BASELINE="2812,2456 2919,2460 3027,2464 3134,2467 3242,2470 3350,2474 3457,2476 3565,2480 3672,2482 3780,2484 3888,2486 3995,2486 4103,2488 4210,2488 4318,2488 4426,2486 4533,2485 4641,2483 4748,2480 4856,2476 4964,2472"
                         HEIGHT="201"
                         WIDTH="2180"
                         VPOS="2369"
                         HPOS="2797">
                  <String ID="string_region_1644328280560_10632l19"
                          HEIGHT="201"
                          WIDTH="2180"
                          VPOS="2369"
                          HPOS="2797"
                          CONTENT="ier somme van ££04:3:1 vlaems wisselgelde"/>
               </TextLine>
               <TextLine ID="region_1644328280560_10632l20"
                         BASELINE="2832,2586 2938,2587 3044,2588 3151,2590 3257,2594 3364,2596 3470,2600 3576,2602 3683,2606 3789,2609 3896,2612 4002,2614 4108,2616 4215,2616 4321,2616 4428,2615 4534,2612 4640,2608 4747,2602 4853,2595 4960,2586"
                         HEIGHT="176"
                         WIDTH="2155"
                         VPOS="2480"
                         HPOS="2818">
                  <String ID="string_region_1644328280560_10632l20"
                          HEIGHT="176"
                          WIDTH="2155"
                          VPOS="2480"
                          HPOS="2818"
                          CONTENT="sedert ontfangen ue missive van selven"/>
               </TextLine>
               <TextLine ID="region_1644328280560_10632l21"
                         BASELINE="2814,2712 2921,2715 3028,2718 3135,2722 3242,2725 3350,2728 3457,2732 3564,2734 3671,2736 3778,2738 3886,2741 3993,2742 4100,2744 4207,2744 4314,2742 4422,2742 4529,2740 4636,2737 4743,2733 4850,2728 4958,2722"
                         HEIGHT="230"
                         WIDTH="2173"
                         VPOS="2593"
                         HPOS="2800">
                  <String ID="string_region_1644328280560_10632l21"
                          HEIGHT="230"
                          WIDTH="2173"
                          VPOS="2593"
                          HPOS="2800"
                          CONTENT="daso met remise op 3 vrijsinck van 10 deser"/>
               </TextLine>
               <TextLine ID="region_1644328280560_10632l22"
                         BASELINE="2822,2836 2928,2843 3035,2850 3141,2858 3248,2862 3354,2866 3461,2870 3567,2872 3674,2874 3780,2874 3887,2874 3993,2874 4100,2873 4206,2872 4313,2870 4419,2868 4526,2866 4632,2864 4739,2862 4845,2859 4952,2856"
                         HEIGHT="202"
                         WIDTH="2158"
                         VPOS="2723"
                         HPOS="2808">
                  <String ID="string_region_1644328280560_10632l22"
                          HEIGHT="202"
                          WIDTH="2158"
                          VPOS="2723"
                          HPOS="2808"
                          CONTENT="10d. dato van wisselgelde ƒ1048:- waer van"/>
               </TextLine>
               <TextLine ID="region_1644328280560_10632l23"
                         BASELINE="2838,2968 2945,2974 3052,2980 3160,2984 3267,2989 3375,2994 3482,2996 3589,2998 3697,3000 3804,3002 3912,3002 4019,3002 4126,3002 4234,3000 4341,2998 4449,2994 4556,2991 4663,2986 4771,2982 4878,2976 4986,2968"
                         HEIGHT="193"
                         WIDTH="2175"
                         VPOS="2864"
                         HPOS="2824">
                  <String ID="string_region_1644328280560_10632l23"
                          HEIGHT="193"
                          WIDTH="2175"
                          VPOS="2864"
                          HPOS="2824"
                          CONTENT="aciptatie hebbe gevoordert de wissels hier"/>
               </TextLine>
               <TextLine ID="region_1644328280560_10632l24"
                         BASELINE="2826,3088 2933,3099 3040,3108 3147,3116 3255,3121 3362,3124 3469,3126 3577,3128 3684,3126 3791,3124 3899,3122 4006,3118 4113,3114 4220,3110 4328,3106 4435,3102 4542,3098 4650,3094 4757,3090 4864,3088 4972,3086"
                         HEIGHT="215"
                         WIDTH="2175"
                         VPOS="2986"
                         HPOS="2811">
                  <String ID="string_region_1644328280560_10632l24"
                          HEIGHT="215"
                          WIDTH="2175"
                          VPOS="2986"
                          HPOS="2811"
                          CONTENT="onder soo als heden genegoieert s. blijve"/>
               </TextLine>
            </TextBlock>
         </PrintSpace>
      </Page>
   </Layout>
</alto>
