5199 3815
642 33 2176 173 is aen sijn ordre te trecken het geene ick by

668 136 2154 163 intres te goet hebbe doch mets ue voor mij geen teter

542 136 2250 217 intrest ils 3 prit con procureeren enick hier by

667 327 2155 133 het descompteeren van obligaties ten laste des provin

690 422 2081 145 tien noch 4 en 5 met aen becoemen hebbe goet ge

663 567 2116 123 vonden tegens den val dagh 3 angestij daer van te

681 638 2102 159 disponeeren sullen de dan met eenen van den en

674 745 2091 197 trest mij bedienen het sij ue de goetheyt sal hebbe mij

691 852 2074 215 te remitteeren oft dat ick sal reeken naerenvan ens

697 975 2115 199 Ick dan best mijne reek sal vinden midde llermeyt

701 1092 1254 173 mit oftes mijns dienst blijvve

569 1149 2148 251 Bruxelles Jacomo Rousseau Ady 23 jmin 1319

669 1303 1981 212 Jay receu lhonneur de vre denier 4 ma

671 1428 2032 196 en suitte de vous ay debitez de change ƒ14 pour

675 1546 2077 212 limport de ma quittence a charge de vre ville

713 1662 1969 223 que me marques d'avoir reccu. cy incluze

680 1772 2113 201 deux de mesxtraittes ƒ400:- de change a charge

702 1903 2044 172 le S Paut de Brogeer et ƒ300: de change a

704 2005 2114 174 charge le s Jean haeghens de vre ville dont

712 2122 1922 199 ie vous prie procurer le payement ie

686 2220 2136 203 =surs enay sonne avis dato 20 du conpoitt

701 2345 2021 200 j'espere quils pageront p compt ie vous

694 2446 1949 215 prie me donner un mot d'advis de la

714 2556 1742 159 icception de cette et me croipele

1574 2662 1164 201 9 io Ady 24 Junii 1719

540 2698 1083 196 Londen P. De Dorpere

627 2798 2186 183 ue aengenaeme dato 6 :7 deser hebbe wel ontfangen

639 2914 2068 138 en gesien dat ue posirief achter volgens mijn ordre

643 3010 2077 114 smijne tiekets soude vercoopen en ordre gegeven

677 3134 2124 101 hadde ende de weerde soude remitteeren d

674 3200 2097 159 verhoepe ooer un geeffeetueert  briven  com

674 3303 2083 155 noteeren de wissel 336:1 men seght hier remises

676 3410 2080 120 te wesen ielfs tot   36:3 2 usos ifa hier is gisteren

671 3495 2089 194 ƒ 33:10 a 36 ter borte afgegeven. hadde ueg een

667 3595 2076 152 ordre gegeven van te remitteeren ick soude de

2878 49 2177 165 weerde getrocken hebben want ick sien niet dese

2858 130 2173 207 hroght cours sal standt houden en soude daer

2896 259 2179 184 van geerne profiteeren daerom en gelieft niet

2876 359 2259 189 naer telasten de vercoop komme in ano

2899 485 2178 158 afste remitteeren engevalle niet geschieten is

2898 612 2208 198 in de vasste brieven die ue can rescontreeren

2887 701 2233 181 dat ue toebetrou we voor den intrest v

2897 836 2067 195 jaer o8 st michiel dat sal sich wel in

2915 930 2207 141 renent rescoppeeren als ue dat sal ontfangen

2908 996 2209 199 hebben en gelieft daerom niet te dilayeeren

2911 1144 1315 184 blijve in afwaghtinge

3900 1234 976 203 Ady 24 Junii 1719

2887 1270 815 201 Brussel Chaeghens

2920 1401 2166 192 dat voor ontfanck van sijn mistive 22 deser mijn

2920 1519 2130 193 grato op hem van ƒ300:- wisselgelde op resceree aen

2895 1629 2059 211 J Rousseau was afgesonde. voorders groote

2933 1734 2144 202 doelcannes dat hij met my soo handelt tegens

2918 1851 2156 207 sijn beloften my soo lange tijden gedaen die ick

2909 1966 2181 156 hem met sijn eygene missives can bethoonen

2938 2072 2178 209 dat hij mijn trato pps te mach accepteeren

2939 2180 2128 186 alst anders niers sijn en can en wilt hij de

2927 2312 2063 168 rest dat dan noch soude resseeren £105:-

2949 2415 2037 165 in 2 a 3 briefkens naer sijn commodiuydt

2933 2543 1929 140 accepteeren mits p tont disjaer betaelt

2917 2634 2077 153 weesendi dat ick tevreden ben want dat

2928 2749 2136 190 ick moeye ben relkens als een bedelaer te

2884 2867 2144 143 solliciteeren om iets op reken te ciggen

2938 2978 243 140 el

2861 2990 2100 243 Brussel Joannes RMeghens Ady 27 Juni 1719

2888 3152 2077 143 het en gedenckt my niet meer oft ick hebbe to

2906 3225 2161 208 reckens meenighste van brieven moeten schrijven

2913 3335 2111 129 eer ue icts op reken heeft gelieven te betaelen

2909 3440 2195 123 voorwaer een slechte recompente aen hersoonen

2894 3509 2206 172 die smandt dienst doen. nu ontfange ue mistire

2912 3646 2198 95 aes gisterep met een proposiie die ick noeyten
