5211 3856
454 57 941 156 onder Thomas Deawen

1785 71 569 161 18 april 1718

569 115 2128 215 ayant rereu lhonneur de la vre 28 mars 8 court der veu

543 257 2145 109 vre opinion moy et mon freres Jean michel vs aan

551 332 2119 189 envoyez nre procuration vous d'ossen de le 13 de a

585 424 2022 181 moys pr vendre nre intrest dans la compoiner des

572 485 2095 206 indes orcentale et mesme sil nen pouvak obte

585 612 2040 162 nir passant le 200 o et en mesme temps rie

579 706 2027 198 de remplascer le pr venue e ennuctiez

582 800 2096 188 ce que je vs conftirme avec procuration pr lain

585 896 2097 176 et laute si incluse vra hollande pour le vendion

572 1019 2101 181 traire nre susdit lettre ne vs pues estre pervece

1259 1142 150 85 seh

544 1129 2157 234 jusques a present ayant vere p lettres de puis ppr oostend

1789 1241 215 99 prins

563 1235 2117 198 et aussy p hollande datto  12 que les fonds estous

553 1357 2087 173 deminuce pesques a 208 compaynie orientales avez

551 1452 2144 185 adis et aparerce non obstant que la sar ditte compa

565 1589 2072 176 monterdy et prendra fateur jespere que nres ordre

1196 1684 54 58 ul

559 1668 2102 184 parviendra en temps que vs pourois profiter de loe

575 1769 2029 131 casion la plus favoiable pr nre intrest ce que

529 1861 2137 198 ieu veuille et que je vs recommande de menage

556 1943 2076 196 et ffaire come pr vs mesme de l'une et de lautre

528 2056 2104 204 no attendron advis estant vendiu et remplace aussy

542 2157 2130 212 le compte i'attend facture et congnossement de 15 pr de

541 2240 2063 210 Colchertre bayes que de vre charge dans le navere

552 2340 2054 152 de mr. adiaen van Grembarge pr brys que ieu

523 2461 2150 157 veuille condiiere je voudroi bien avoir vre opindon

510 2536 2110 167 toschant le compaynie de la mer de sud il y er des

534 2622 2147 189 mes amies et parands quil y on part et de linterest

522 2760 1357 116 ce seroit leur goeverne je suis

373 2822 2265 232 Rotterdam Dronijs verbargh Ady 18 Apr. 178

490 2986 2179 207 desen alleen om ue hertelijck te versoeken den

480 3109 2192 205 ingeleyden voor London prompt voorrsyene

464 3233 986 207 te geven: blijve

2768 66 1031 184 den Polder den doet

3994 70 1048 217 Ady 22 April 1718

2827 209 861 184 Jan very auwen

2896 329 2076 158 in antwoort opue aengenaeme d1 meert

2867 441 2176 219 ue gelieve de claghte te doen verniewe tn

2832 587 1912 192 sonder faute niemant en heeft nogh

2838 689 2222 224 omgesien oft my coemen prekenn beijve

2805 873 783 149 haet andre breton

4352 875 652 173 2ƒ 178

2843 969 2219 171 Jay receu la vre 2 du court voila 21 i et une

2864 1075 2217 114 vous point l'affet de vos promssez enfin. ce st pr me

2867 1178 2223 143 faire enrager come je croy car il ne se pais autre

2848 1239 2151 196 ment d'autant quil est aise avoir que voors

2859 1369 2176 160 mocquez de moy a me faire payeer encor de ports

2849 1459 2240 123 des lettrjs au lieu de m'envoyeer de largent com

2851 1545 2243 194 de vriesfaire je ne paye pointavee de la monnos

2851 1640 2206 160 come vs me payez et vs deurez estre honte

2847 1775 2248 177 traiter des gens quils vs donnent credit et vs tractut

2843 1881 2234 177 bien come jay fait a vre esgard je ne vreserivere

2841 1967 2229 194 plus mais je fray ce que je suisobligee en ma

2866 2080 2193 138 consien ce a faire quoy que serois a mes de

2884 2202 2127 179 pens pr vs aprendre a vivre a ce la vs vs

2881 2311 1010 127 pouvez regle et jeus

4315 2362 695 175 23 avril 1710

2857 2372 982 193 haer mattiice vrants

2870 2479 2203 192 voile treise mois pr ainsy dire quatois a queg

2878 2593 2193 116 nay rececu un seul pastare bon compte et accceue

2880 2669 2153 180 de largent je paye des ports de lettres pr l

2876 2760 2181 127 1n ars vs me promettiez a que remettre aux pre

2899 2857 2078 109 miers jours pr tire derniere un moes passe de o 16

2897 2935 2136 102 court vs me priie de tirer vs scavez sibien que moj

2890 3027 2176 100 ns navons pas tousjours cette oe cas ion et au conras

2897 3087 2128 132 re quilvs est plus aisez a remettre q e ns a ftrez

2910 3174 2117 110 et autre vs avoz des messagers en tout cces quante

2905 3257 2153 84 vs ne rouvez autrement cyez au moins un pea de

2930 3323 2156 124 consideration sil vs plaist sur ns ne pouvons a he

2926 3384 2133 96 ter on tirer marchandises si non avec de largea

2937 3465 2137 101 contant ip cre conderez en quil embara

2938 3517 2136 138 lon je trouve presentement je vs le sa plie tres

2914 3592 2092 107 theiblement et vs recomonde le vrer a inlu

2935 3654 1434 106 a ½ 1oort et me dit en attendant
