5199 3815
522 36 951 179 tournage wetue donne

1751 49 910 149 Adij 2 de may 1719

585 116 2117 200 maderniere a 59 fut le d febvries jesuis duco

588 268 2144 160 sans au cunne le chires vostres d'surlle 9 janvier

602 363 2075 146 517 de ne vous ay livre aucunne maroiende le

584 459 1965 161 et depuis un tns diey vous ne m'avez fait

611 480 2135 277 remise aye sil vous plaist un pou asgond

630 661 2090 179 pour moy car vous voyez bien que iay beauouge

626 747 2056 226 de complaisence et que ie vous rende service

610 883 2047 202 mais il ve tropsoing vous asseurant de

613 977 2113 216 met respects et attendant remise ie me dit

1804 1094 752 184 Adj 4 mey 1719

481 1108 939 222 Ghendt s De Saevelaer

603 1191 2094 246 met ue aengenaeme van gisteren beweme voor

582 1362 2136 163 ue rekent twee remises als op Jan Bapt schenaers

606 1426 2095 188 2 sicht £300:- en op Pater en den Aeniet

587 1532 2145 239 D ƒ300:- waer voor het noodigh shal besorghen

618 1661 2062 185 macke nota van de twee brieven n en lasse

599 1766 2148 255 biy mij addres. aengaende de wissels datiseven

624 1868 2079 233 als met alle andere negtie ende daer p

642 1975 2024 209 te present geen speculatie te macken  sick

642 2063 2054 201 te sonbeeren soo als ue nogh mackt hebbe

615 2199 2035 211 geschreven. in ½ huers tijdis heden son borse

644 2270 2107 191 hebbe ick ingetrocken in courant op Amterd

628 2374 2059 198 tot 3 t schaele en het is geloopen tot 3½

620 2490 2049 235 ter in banes tot 1½ a  london en is

642 2630 1989 179 niet willigh pochte seer gesocht t

628 2721 2101 211 333:5 laest gedaen dies 35:5: 211:01 dit tot

628 2846 1514 189 geu governo blijve in haeste

467 2946 2219 242 Rottordam Jacques sMebers Ady 9 mey 1719

601 3068 2085 210 antwoorde op sijne misste dato 28 Aprile dat

587 3243 2115 146 ick van mehant als van hem en voor hem

571 3317 2128 171 procuratie en begeere nochte en sal aen veerden

597 3409 2112 203 dat ick hem daer toe p naeste copijs sal toesenden

602 3531 2138 179 soo dre den auvoiaet van caun in stalt sal

612 3685 454 87 ner

2810 35 2279 179 dat het schandt dat de crediteuren maer ett socken

2793 160 2212 178 niet tmandts anders hooten castagenen my thet

2827 262 2098 184 vier te willen haelen ende dat ick soo wel

2849 397 2203 179 alt le grelle sonder de wescks sij nocht ainden

2823 520 2145 228 dagh geraeckt en souden hebben al evenveel

2862 634 2170 251 geteshousseert worden en sindat mijn

2867 755 2235 184 intons niers is als onder de handt te ageeren

2860 878 2158 201 en sijn intrest alsoo te behernkn want doet

2866 982 2220 243 ick het anders als wast voor mijn eygen reken

2860 1105 1666 199 niet en soude dencken te beginent

2856 1155 2222 242 dermen daer toe bis aen mij de ven wede bieen

2870 1321 2177 186 de laghen aen de vos. livinus de dorpere aln

2882 1473 2185 201 l Mertens lumor hun procuraine connen

2862 1578 2189 149 senden ende dan de crediteiren alhier daertep

2846 1669 2116 193 sal doen vergaeder en en hun conformeeren

2868 1833 2252 152 enmant tot de direcste tellenost committeeru

2833 1888 2074 181 dat ick dan onderde handt sal wercken

2885 2000 2124 201 tot den dipniies toe maer vooreert niet

2880 2153 421 157 te

2821 2152 2107 249 rase Recursnes Adj 1mij 171

2896 2329 2172 178 het is us bekent dat he jaer crone van in de maent

2902 2467 2211 202 gber vervallen is ende dat ick soeke prompt betaelt

2893 2568 2163 209 te worden heden ue het tot soo en fielen rt

2880 2680 2093 202 hebbe gelaeten daerom versoeke ue vrindelijck

2860 2810 2095 158 dat ue niet en soude willen naer laeten aen ue

2901 2938 2188 136 belosten te voldoen ende het selfde aen ue groeder

2905 3033 2114 212 uytt mijnen naem indoghtigh de maeken. ue seer

2826 3138 1675 200 pggoetende blijve in afwaghtinge

2802 3239 2076 176 Minst JB De Redelaert Ady 4 mey 1719

2903 3334 2044 162 mijnen laesten is 4 courant ingesloeten brief men

2881 3415 2122 168 laste biy mij addres van st £ 100 aƒ 733:2 £ 175:16:8

2907 3527 1769 186 waer voor mij te crediteeren— blijve
