5182 3852
534 88 1999 112 London AMs. Scawenen CAmp Ady 6 may 1722

601 168 2037 184 je vous aytescript  du passee. le 15 dittoie

596 260 2033 185 vous ayt envoyee ma roeure pr ant fasre

623 361 2016 144 enregistrer et misser en mon nom en suitte

580 447 2085 197 la partie d £1000:

537 557 2016 195 Cdurf sud et m'en vouloir donner advss avilly

596 665 1993 157 fonchent que ie vous ay demanue en gsace

593 780 1893 159 p ma premiere surditte et ne recevant

580 859 2063 138 aucupmes de cheres vostres celle cy piux vours

599 961 2024 182 la prier de nouveau a fin gausie cette bontce

599 1065 1898 169 en responce de cette 1 vors pou des lestre

567 1154 2032 167 assepice que jay saisfait pouttes vos traittes

574 1250 2103 172 pres   avattt son temps a la presentation

609 1351 2001 205 jesperte que l'interess des fmuita eschen

534 1448 2087 187 d'enrie Imars le payera bientost i& stapprt

587 1567 1926 206 de monsiers  richiel que chericur de

548 1687 1963 150 mad Pousfois trouve Peasico dobstacle

586 1808 1894 181 pour dispiser du peu du sond quelle aten

572 1912 1904 144 Angleterrre il me semble qse ce la est vre

582 1991 1874 195 esfrange pourveuc p'unne parsoene

576 2103 2092 147 mine 'un cettitfatent nequi

571 2225 1951 178 du lier quil sest suriner dune seleon

582 2343 1913 114 selle passonne  devroit pruvoir librement

575 2456 1913 162 disposer des effeers sams autres formalitoes

595 2537 2020 179 sar tout ce que vous demande doibtestre

579 2635 2005 191 passée p le smagisirat p conse quence une

560 2739 2107 173 decluration scabing ies duenesme magesma

564 2841 2037 185 devroit subsister aultrement bren

583 2951 1857 186 facheuze affaire pour les espancers et

570 3021 1936 211 baucoup j fraixs mal a propas dont

555 3152 1880 180 sounaitte imesmee don epre esclurss

606 3296 1820 156 pous prendre my mesires a ladvenant

586 3379 2088 130 soultre ie vous demande de grace p minsormes

617 3451 2060 157 or en cas de querne il n a pas de contiscatlon

620 3562 1935 171 vour les estrange svil mes semble que v e

589 3696 2060 112 p2a r'espondue jaultre fois que nois, cepeidant

2763 42 2241 232 pour en estre a sseuree ie vous prie encor csissez

2753 154 2197 245 vois men vou loir donner vre jadvis qui suis est

2744 307 712 171 atendant 6d

2745 298 2107 308 London SchanveleA Caappeel Ady 8 mar 1725

2753 464 2226 254 je m'estonne de p'avoir vre responce a ma disniere

2772 582 2243 223 et du passee principalement pour pos voir contenten

2760 702 2182 196 le s veraeghteren l'ostune affaire quine me

2778 798 2066 200 touchz pas et cependant c'esst moy qui lest de

2758 907 2186 190 lembaras. considerez las lettres que ie vous ayt

2764 980 2262 246 escript a  sui cet dont le posts et hainserde

2788 1112 2239 223 e charge de cette parsie sil m'en parle co

2795 1275 2179 155 element. je luy ay dit gayant vre restonde

2763 1347 2243 169 il puistirer a bon compte sos  £56 car moy

2794 1446 2189 189 ie ne m'en ven plus messer laira de la vous

2787 1598 2222 158 en Jaurand r marquees moe sil vans t carte

2791 1666 2182 183 le que vous avez receu pour mon dvidesre

2800 1781 2146 228 e  £500:- acsns dans la comp. de

2795 1887 2130 198 en escher a noct dernier pour vous en

2801 2012 1811 193 pouvoir debiter en comppe ie suis

2762 2108 2138 234 Brussel dhunserouwe Jmilliamt dat Ady 9 mey 1722

2818 2204 2235 207 het comr van 26 juln laet dat van ue nieten hebben

2824 2340 1916 189 vernoemen noch geldt oprekene nochte eenige

2804 2383 2095 227 suistaette en beloeme ue man is mij £335:1

2817 2547 2088 143 ulkems wisselgelde schulijgh ende dat van mr hee

2803 2648 2197 128 lange saeeel dat en can soo niet blyven sm

2811 2701 2186 206 de famitie moet mesures nemeer om mj dhe soo

2813 2790 2153 193 eerlijck gehandelt hebbe met discrete te voldoen

2817 2916 2114 163 oft ick moete mesures ne men om het menlelet

2809 3005 2156 180 iecht erdighe echult t& conney in voor de rese

2842 3102 2176 163 ick bidde u sich naer ad tenart te schrehe ende

2808 3217 2166 161 maetregels te nemen die hobt ende de contetonde

2829 3298 2136 186 ul te laemen hiller urseeren als men et een

2825 3376 2206 169 recht voordigh oordeel de saeke inster aden ben

2821 3517 572 145 iul bljve
