5079 3889
1127 740 2614 190 memoris voor DH. Bartholonco van winghen tot Londonn

1132 898 2735 145 naer te sien nevens potaris ende eene bestattaels aes daer van

1139 985 2769 139 te laeten op macken alles onder eenen ael oft de naer volgende

1141 1129 2627 174 persoonen proppetatissen en credit staen inde naer

1151 1199 2624 145 volgende foudsen en voor de naervolghend sommen

1209 1298 2037 142 in de Banque van Engeland ot London

1184 1410 2111 213 Dedro heleh voor du pdelt ponden stet ling5

1140 1517 2209 177 Jan michiel Melyn voor duysent ponden sterlings

1281 1640 627 105 na marit alles

1214 1622 2479 188 2 weduel roeckmans voor vijt hondert ponden sterlings

1067 1641 159 109 Ah

1303 1784 78 68 t

1253 1771 1504 138 in de Postundi sche ContManie

1141 1869 2026 188 Pedro Jlelijn voor duysernt ponden ster lings

1157 1981 2362 186 Jan Michiel Melyn voor bijf hondert monden sterlings

1163 2081 2527 198 mijchiel Joseps van havrs voor vrthondert ponden sterlings

1209 2194 2230 137 peue man voor   sterg

1236 2283 1273 160 en Lotterye Annuityten

1148 2338 2725 220 michiez joseph van havie voor vijfhondert ponden sterlings

1100 2493 2800 184 maria de la ports wed. michiel courtors voorvinder ponden stery
