5158 3863
637 69 1911 210 waer voerent het noodigh sal beterghen en

643 158 2040 212 incoemende ue m Reken crediteeren. sedert dat

656 278 2094 218 wij geadgusteert sijn laest mister niets voorge

627 392 2132 183 vallen als alleen de £1000 bonner daer ue van

686 533 2066 169 gedesponeert heeft ue weet tot dont

645 621 1835 173 en twat porten van brieven ick ue moete

653 734 2099 193 verhoden soodat ick van ue d soude poeten

666 850 1813 171 rekest vraeghen om te comen sluyte n

659 957 1854 199 in groet ue van herten i blijven

550 1056 2070 232 Ghendt  De SaedelaerAdy 27 xber 1719

645 1195 2098 185 met mijnen laetten 21 deser hebbe ue gesonden

644 1326 2040 193 brilf tien lasse biy mij addres en door my voor

665 1417 2078 189 ue Reken voldaen van 1 £ 82:17:- a ƒ36

652 1519 1993 195 vlaems wisselgelde £149:2:7. met ue van

667 1617 2098 180 22 courant remitteert de in voor ue etns

653 1747 2054 150 21  dato op jacomo vernimme £100-

679 1857 2054 129 vlaems wwisselgelde waer van voldaen ben

663 1959 2071 180 ingesloeten den brief door mij voor ue baken

661 2073 1920 172 geacquitteert heden gevallen s £140

690 2169 2030 164 a ƒ5 :11 vlaems wisselgelde £251:

703 2304 1990 167 waer voor mij geleft te crenteeren en

679 2367 2078 226 alle occadien te commandeeren die blijve

1891 2520 512 154 2 gber 1719

564 2517 935 235 Gent J:BB Desaedelaer

672 2676 2097 155 ue aengenaeme van 30 en 31 past hebbe wel ontfange

668 2781 2097 113 den rissell van 20 op ess op naswelaers en blommaert

660 2840 2086 171 van £s00 is mij versocht tot morgen op te houden sal

665 2924 2108 186 hem ue weder senden geaccepteert oft ongeacceptet

677 3015 2075 174 contden ue ordre sonder imtest vande remise die

672 3107 2040 168 ue  doct voor ue noch t7 sber 't daegen dagen

698 3208 1967 207 dato op J:B: vray clincke £100 wis: hebbe aleep

685 3301 2013 179 tatie becoemen maecke nota vande 2 brieven

697 3399 2046 149 taen lasten bij mij addres heden gevallen en seervice

699 3491 2039 188 remises te gemoet tot ue govens heeft ue de wisel

699 3579 2034 207 soo als heeden gedaen is aen den voet desen nopende

2863 66 2193 152 mijne versochte is het onnoodigh het dieplaet af

2855 155 2209 200 te senden den commis ten contoire van dh dove

2873 257 2200 186 loope heeft maer een extractien oft oft certiticaert

2880 350 2159 257 uyt sijn boecken te geven het gene hij doen moet als

2884 430 2136 279 hem versocht wort dat bidde te doen effectueren

2898 534 2167 290 het Jan can maer 115 oft 2 coften ben daermede

2899 664 2089 256 te vreden het is hier soo desperaert met de wolle

2906 737 2181 297 manufacture dat ick daerallen peysen hebbe sa

2900 844 2161 299 dert 2 u 3 jaeren met cerconspectie geverckt

2886 946 2087 293 om daer uyt te geraecken en tot noch toe te

2897 1072 2165 317 vergeefs het eehigh daer ick mede belast ben

2889 1176 2176 330 sijn enoessche spaensche laecke ick vreese dat

2875 1306 2192 342 sij noch van de motte sf sullen geconimeer

2894 1402 2087 285 wonde want weete niet hoe mijn leden doer

2907 1522 2170 248 van te geraecken dat gadt gelieve te voorsien

2916 1625 2151 245 dat nopende dien handel soo voor de reste

2912 1723 2084 263 iende goederen als uyt shaende schulde een

2914 1818 2177 304 coop man wiste ick soude vrij wat ca p

2911 1932 2140 276 willen jarresiceeren ende verlieten om daer

2938 2058 2144 251 niet een wee aste wesen want ick en voorsien

2927 2149 2172 267 niet als allenden te gemoet dat gadtnerhoeden

2922 2280 2128 246 mijn ellendiege uyt staende reck wort iege

2928 2371 2130 261 recommandert en ineachtigh gemaeck blijve

2836 2576 601 184 van hebe

2830 2568 1959 284 Ghendt J6o de SaedelaerAdy 3 gber 1719

2923 2760 2117 187 gedraeghe mij aen mijnen van gisteren. ingesloeten

2911 2868 2143 135 sende ne twee brieven tue p laste heden den laesten

2861 2925 2103 197 dagh door mij voor ue Reken voldaen als ta £100:-

2914 3042 2060 186 36 vlaems £150:- 2 £80:8 aƒ36: 1elaems

2907 3134 2113 212 £145:151 waer voerens mij saemen in reken gelieft

2912 3200 2168 231 te crediteeren vlaems wisselgelde £325:1:1 mede heeft

2900 3310 2165 197 ue ue brief op n aulaerts en blommaerts van 7100

2920 3421 2150 148 ongeaccepteert sonder protest terugghe van

2905 3499 2127 154 voordere ingesloeten op hathijs verberckmoes van 33

2893 3581 2204 154 uyt London 2 usos 76:18:11 aƒ 36:3 door si de vorgen

2898 3680 2097 101 aen mijn ordre versoeke acceptatie te voorderen en by fane

4332 3737 544 71 obedvele

3270 3765 1001 46 iet protest de renvoyeeren en
