5175 3837
277 50 606 156 Loeven & nyd

1412 56 911 172 Adj 3 Juiil 1719

405 196 2122 160 men brief van recommendane en offers van

420 298 669 132 Dienst 8te

1893 298 158 145 cri

217 318 2224 287 Bruxelles Jacomo Rousseau Ady 4 ditto

358 465 2067 276 pour responce a lhonneur de la vre dhier

397 581 2148 210 ie vous retvoye ly iucluse vre remise r vre

344 681 2161 239 Ouele Rousseau a ars  200: 400:-

363 813 2149 271 puis que vous en pouvez faire 83. on ne

339 935 2225 235 m a point offer  eutrement ie lausois

369 1048 2136 221 negoice  gades lettres 2 a2 usenu

345 1174 1405 268 sis vous salue et surs

235 1277 2158 255 Amsterdamm Franc. Rousseau Ady 5 Julli 1713

362 1402 2204 219 doer voor gevallen affairens vien ue de vie efferert

354 1581 2163 133 woort p sijne missive dato primo courant hebbe

327 1629 2199 240 fers muller gesprocken die seght tallen tyde sijne

317 1759 2245 186 presentaie  sal naercoemen dogh dat hy versoeckt

335 1857 2019 156 van laurence sweerts ende sijne crediteuren

345 1961 2187 194 alvoerens quittantie oft de charge m naer daim

343 2058 2135 204 in geenquestie van Reken oft Erqhidatie met hem

358 2167 2137 165 oft sijne crediteuren te vervallen wat daer van i8

350 2253 2167 218 weet ue beeter als ick ue can milden door dien by

294 2360 2228 182 mij seght alles aunder van son bekent te wesen

337 2450 2221 181 ende dat hy ditto gecharge in een postatwee naer

313 2546 2239 225 te becoemen sijnde convoeane der crediteuren

295 2655 2231 212 van sweertsetot dien eynde  cosy toekoemende

321 2752 2202 177 woonsdagh gearresteerti dre salles wat ue can

296 2853 2207 191 melden alvense mijne preentatie van dienst als

287 2938 2266 219 u my gelieft sijne procuratie te senden blijve

351 3083 625 174 van hertet

1600 3076 804 201 Adij 106ul 17

214 3171 1195 231 Ghendt JBapte Desaedenaer

329 3177 2249 240 ue aengenaeme 8 deser en is mij maer heden behanden

283 3341 2174 178 met remise cadix Es mey uso op 23 deser vallende

289 3437 2264 170 op Joseph de medina shipos in Amsterdam £ 400:-

314 3544 2248 181 4231½ banco £306:8:- die tot ue meeste asvantagie

316 3635 2132 131 sal waghten te vernegotieereningesloeten sende ue

2619 49 2247 145 den brief p en lasse by my addres heden gevallen

2660 194 2204 132 ende door miy voor ue Rekene aen Jacobus de Conines

2680 264 2196 173 vold aen conform de quittantte van  £100:-

2658 350 2251 220 ƒ35:2 vlaeme wisselgelde £175:16:8 waer voor my

2659 468 2120 202 in Reke. gelieft te crediteeren en soo blijve

4056 601 513 156 13 d 6y 17

2651 635 930 173 Brusselle D: Bockmans

2685 698 2262 171 achter volgen ue aengenaeme 14 april nu wederom 3

2672 761 2291 169 mainden geleden hebbe ic ue van tijt tot tijt over verwacht

2689 839 2242 161 op dat ue mij soude voldoen volgens ue gelofte ue bekent

2665 882 2295 254 selfs dat ick intrest en pre peditie leijden ja de gantsche

2692 963 2306 201 werelt moet advoveeren dat ue mij niet wel en handel

2704 1078 2294 180 alhoewel ick ue mijn leven daer geen reden toe gegeven

2692 1124 2220 231 en hebbe nochte ue noeyt met godts gratie geven en sal

2698 1218 2279 189 niet soecende alsonde correspondentie maer se onder

2681 1298 2305 221 houden alst ue sal believens ue moet considereren dat

2678 1389 2228 235 het niet redelijck is meer op intrest toe te geven als

2700 1502 2286 219 men aen het goet can winnan ende dat men aen een ander

2695 1606 2324 208 mort doen, dat men wilt dat hem geschieden ick moete

2705 1688 2276 231 het gelt uijt mijne affaerens hebben om voordere affaire

2692 1801 2265 205 te connen drijven ende datmen van geene steerie braet

2711 1846 2296 239 een maeckn daerom supulieeeren ue gelieft de reden plas

2704 2019 2260 157 seke te geven ende mij te betaelen alhoewel het noch

2697 2109 2231 214 hebbe gedaen om ue versoeck naer te coemen ende ue te

2707 2197 2276 171 voldoen soo sende ue andermael de ne court waersjn

2724 2299 2263 166 mij nu noch schuldigh blijft £148:3:10 vlaerm wis: ende

4886 2394 58 57 2

2725 2398 2256 149 trecke daer tegens op reck aen d'ordre Dhr Jacomo Rousse

2715 2502 2284 148 £50 £: v die ue hertelijck smecke te willen betaelen en

2711 2592 2296 106 als ue gelieft over te coemen ue sal mij wille com wesen

2709 2658 2226 132 in alles dat sal connen sal ue dveel en wel bediinen

2732 2773 2265 147 die blijve naer cordiaue groetenisses als aen me jouffr

2710 2880 480 123 ue bemande

4356 2872 444 159 13 July 171

2617 2907 1312 181 Brusselle francois van den heck

2648 2992 2341 151 het sal haert 2 jaer worden dat d'eere niet gehadt hebbe ue over

2658 3103 2293 117 te sien oft ue iets te vercoopen godt geve dat a tijde eens mogen

2665 3175 2319 95 betern Ick coeme ue mijn dienst presenteeren ofter met het afgaen

2663 3205 2299 157 saisoen iets voor veel ue asseurerende dat ick alles sal doen wat

2653 3267 2343 143 mogelijck is om ue goeden coop en wel te bedienen middeller tijt trecke

2652 3382 2270 121 aen d'ordre Dhr Jacomo Rousseau de £25:16:9 riss du ue my

2649 3419 2349 175 p reste van nich schuldigh is biddende die te willen voldoen

2666 3518 1010 162 en my te gelooven dat ben
