5200 3856
1637 80 968 173 Ady 31 Jannarse 1716

365 58 950 166 Ghendt JBde Saedelaer

344 160 2188 158 met ue aengenaeme van gisteren becoeme een

414 294 2074 150 assignaste op Jean Anthonis Coget 214 deserng

422 352 2174 182 ghendt doot  Capesans aen ue ordre van £1330:

415 492 2105 140 vlaems wisselgelde waer voor de weerde hebbe

395 574 2079 165 ontfangen en ue daer voor op sijne ken

413 695 2041 215 gecrediteert ep ue op de seve sijneleke

410 782 2256 197 gedebiteert ƒ400:- £66:13:4 wisselgelde conforem

429 900 2071 183 ue ordre opreken va het gene bij ue te goet

401 982 2209 203 vinde van provenue mijnder goederen onder

366 1116 2279 211 dat altoo conform gelieft te noteeren ick sal

390 1225 2267 191 mijne devoiren aenwenden om ue syne advance

391 1319 2215 243 op costy te remitteeren maer heden waster al

430 1426 2192 244 redelijck vraeghe naer brieven op ghend soodat

398 1556 2247 216 ick twijfele ue tot 4 profijdt sal connen soutaren

380 1655 2268 194 heden en wasser in courant op hollandt geen geldt

396 1754 2206 156 te vinden soo dat ick noch bij geljck ue briefien

386 1871 2282 203 met voorsie gemeldt nn vervallen op Ringenberg

393 1981 2134 169 en Bosch in Amsterdam hollants cour ƒ625:10

383 2064 2242 201 tot 4 prete ue schaede hebbe ingetrocken. gemackte

399 2189 2115 198 brieven sijn flimmer dan als men selle trecht

415 2299 2153 170 en can accommooderen het gene somwyen ta

381 2405 2189 185 door gaenss 5 a 4 differeert & appoins ditis

412 2506 2200 171 het noodighe dat ue heden hebbe te melven en

1818 2653 120 135 bj

405 2645 811 168 soo blijv

1679 2668 897 228 Ady prfebrauu 1715

339 2747 1150 212 Ghendt J de saedelaer

407 2898 2229 137 geiraeghe mij aen mijnen van gisteren. ingeloeden

398 2945 2276 187 brief ien laste door mij voor ue rekens geacquisteert

403 3071 2205 185 en £200:- a ƒ£34:2 vlaems wisselgelt  170:16:8

406 3170 2205 154 waer voor mij gelieft te crediteeren heden hebbe

427 3304 2218 156 geene brieven op ghendt connen aentrefen alhoewel

382 3368 2274 184 alle maekelaers hebbe last gegeven, en devoiren genoch

415 3442 2241 223 gedadn dat is daegheljen d ontyd brieven en geen gedt

420 3572 2204 203 soutydts geldt en geene brieden dentin daer geene

2717 63 2329 130 negone is en cen geen wissel wesen en soo moet men

2731 184 2208 190 surhelen soo wel in dien als in dander gedene

2748 344 2165 145 ick ue ingesloeten sende om met ue geldt nilt te

2771 422 2174 222 blijven sotten mijn eygen briefse m dicht os

2756 572 2272 219 Jacobus Masson pars ƒ400: courant wisselg

2818 675 2022 214 £52:2:8 en asignatre ot Johay de meyer

2743 809 2306 215 M6b0 vlaerms wissel £120: sonde courtagie

2764 935 2266 224 tot us advance £219:17:- sel over moijen

2773 1105 2231 181 devoiren doge mits morgen heuligh dagh is

2768 1190 2266 203 om ue verderste remiteeren voor de ƒƒ25:10

2783 1361 2229 159 hollants ous ot 4 prete ingetrocken crediterre

2797 1447 2084 205 ue wisselgelde £100:4:10½ blijve in alle

2796 1579 2248 135 occasien. bidde mij eens te meldiet oft ue geen

2788 1695 2125 186 familiare lieniste heeft an dh Diver

2790 1803 2202 189 om meden dit ue dat soude commurieeren

2768 1918 2237 237 Ghendt J Bapt De Saedelons  febrvar 173

2776 2066 2220 239 deser hebbe die geremitteert daedbus merson

2817 2205 2177 225 &costy op bient courant 400:- encop Johan de

2825 2307 2219 234 meder 120½ wisselgelde ingesloeten ƒ2800: contan

2822 2452 2203 209 russelgelde 00: 1aree onefsegid eN.1400: beyde

4569 2582 49 64 4d

2786 2572 2132 203 op Rochur nameling t tot 3 monsvande

2785 2679 2241 185 daer sijd diversche gevers als un heden niet voorder

2852 2789 2129 182 hebbe connen aentresten hebbe er Bae selft

2803 2887 2212 209 gepresenteert toe lart dat niet en heeft willen

2798 3002 2144 180 doen anders soude e toet vinden in eene

2803 3078 2210 238 boet ue hebben geremaseert orgen voordant

4620 3215 224 148 A 1681

2800 3267 515 175 besoee

3561 3296 310 132 23 d to1o

4567 3262 404 191 nederved
