5182 3871
637 55 2075 160 Laid Stoch Small att all Jimes be your Jutherer

643 169 2013 212 warrant wittnets my hand this 2ey daby of eug

627 277 2070 209 one shousand seven hundred and weaut

637 396 1093 186 ned stule at Antwertp

613 509 879 142 seales and de livered

637 614 846 150 in the presence of

1698 615 584 166 Lu0d attestor

630 707 785 187 geteekent woost

1631 725 732 173 as geteckent

678 806 514 157 bede man

1613 784 1129 219 van Jonges Loo nt. Beyd

608 892 814 142 es ditats Antvorp

653 981 481 176 Aabinus

618 1072 564 218 Cogels

602 1133 2031 244 Lonvon Mo Scawers En Comts. Adu 29e fout11732

628 1279 1874 226 je vous art escript le 19 du cour. hier jay reccu

587 1404 2156 165 lhonneur de la vre 1 ditto p. la quelle mm donnez

628 1509 1930 198 advis que ceux de la compt. du suld refiisent d

600 1589 2131 201 payeser le divident a moins d'un eau pouvoir

573 1735 2175 173 pour l'intrest de la somme totall quelle le trouve

575 1842 1981 169 1s ur mon nom de quinie ceins livres

588 1956 1977 174 a cette fin vous m'envoyez un lormalaire

587 2055 2026 178 que ie vous renvoye cy incclus signe et passee

579 2151 1959 206 pour vous en seroir et recevoirr le drvident

591 2281 2153 165 escheu et a eschoir pour las veux mais ie reparge

606 2374 2138 196 quil  est easere ces moss ie vous en seray tossenr

586 2462 2063 236 1gaurand pour quoy veut on avoir garanc. ie lay

538 2577 2151 263 signe parce quil a passe p. vos mains et jesper

588 2736 2104 209 que se ne puis lamais me tires daffaite p la

603 2867 2065 159 sul le Crs peant moins si vous luges que cela

590 2989 2039 182 me pourroit engager en la moindre difficultle

591 3091 2027 198 ie vous prie me la renvoyeez pluspost que de

616 3234 1983 167 vous en servir. layaut receu ie vous prie me

601 3320 2121 196 remittre avec ce que vord avez et mainnt comme

595 3414 1980 215 ie vous ay priel s poppa preedente car ie ne

588 3509 2102 205 suis plus d'advis a m'engager pour dedventage

566 3648 1946 157 dans les fonds au lies d  il va de

2778 55 2093 261 ' en pir comme il me semble. ie vous ay debitée

2770 144 2157 290 pour les parties que m'adviser d'avoir receuet vous

2777 287 2127 273 cbiterfar pourr le divident de  £1500: dans la

2763 408 2082 259 amst du sude schen st Jean dernier a 3 pour cent

2767 584 329 223 t

3769 539 1043 294 Adj 9 xber 1722

2786 597 961 310 Lendifb: De saedelier

2798 747 2184 231 mijnen lassten is 25 cour waer aen my gedraeghe

2778 879 2245 234 desen om ue afte senden het briefe door ca geaccep

2769 975 2131 224 weest bij mij addies door mij voorue becken

2807 1088 2015 219 voldaen van  £50:8 aƒ36:1 vlaem

2798 1185 2206 250 £90:132 waer voor mij gelieft teeregiteeren

2813 1326 578 213 delijve

3960 1409 1046 189 Anvessee 18 sbre 1732

2806 1430 930 247 tournaye & sa scoulre

2848 1598 2131 126 advis de plusieures de ces lettres que jay ecep cntre

2835 1669 2171 168 aultres celle du 20 de foust d'srnier avec sorandez

2820 1738 2196 198 que  stevenars at enfin sausfait luy envoyee

2825 1850 2203 209 compte e courant p solde du qull il m'est redepalle

2811 1983 2220 200 ƒ17:18 de change non compi £72:8:4 ou  434:10

2832 2086 2068 188 que stevenars me restoitd re devable et quit

2848 2197 2165 182 at receu pp. diverses parties ensuitte ssant que

2864 2341 2085 163 jen ay peu tenir compte. que ie luy prse

2867 2419 2098 208 quil fasse son compte, quil m'anvise ce

2865 2544 2032 182 quil at aurre ces mains de duit eet fraix

2856 2653 2128 205 des ports des lettres aussy ƒ 9 de change que ie

2871 2767 2170 170 lay rie de payeet a lla veufve simon donne

2858 2888 2191 219 pour ce quelle ma payce plus quil ne me sasett

2894 3044 2087 124 cause derreurs trouve a on preiudice d

2884 3164 2076 154 son compte austn quil fasse ce justemion

2899 3223 1965 210 et contente le sr stavinars mux

2916 3379 1523 136 possiice que i'en seray content

2906 3377 2106 221 attensant ces nouvelles et compte pour

2919 3543 2104 198 ponvoir 10 par et sortir d'affaires de ce que

2897 3675 1630 138 Jay bon entre ces mais s i ste
