5190 3837
279 54 1151 194 Brusselle Chrustiaers degers

1847 68 451 169 11 gbre 1717

317 186 2231 200 met ue aengenaeme van 7 deser become eene quistant ie

351 300 2248 169 te ontfange bij D cormelis verdure van ƒ164: contgelde

338 367 2236 207 waer vande weerde hebbe ontfange ende ae voor

351 482 2206 159 gecreditert wiss 40:11½ ende mets ue mij ordonnert te

362 575 2209 138 daer bij te trecken tot ƒ £50 op reck soo doen dat hede

342 669 2261 144 n ƒ154:8½ wes: in assignatie te behaelen aen d'ordre

319 754 2218 171 Dh Jacomo Rousseau die bidde conform te verheeren

214 853 2341 152 ick sien gerae ue van intentie hiet over te coemen vwort

336 947 2235 189 ick en soeke niet als ue calondisie te hebben ue esse

210 1070 2375 200 serende dat ue by niemant en antweepen soo goedr

337 1181 2179 155 coop als bij mj sal coop ende het sortiment dat ick

310 1295 2188 202 hebbe is tot ue dienste maer ue magh wel staet maeen

332 1443 2226 169 dat de goederen en ales en qualitijt en vernameer

202 1525 2367 200 meer en vallen gelijck die ue over een jaer gecoeht

318 1666 2106 135 heeft het geene mij eyn genoch dat erde me niet

332 1790 2242 139 can doen gesolveren om groote pertije te onsbiede

329 1908 2168 146 groete ue en afwachtende d'eere ue oierte sien

205 1930 1666 254 en mondelinckx te spocken blijve

258 2075 1087 143 Brusselle Jacomo Rousseau

1833 2078 632 207 11auge sbre 1717

308 2168 2297 232 ma derniere et 31 du passe celle icy pr couverse de mon arigne

304 2273 1348 188 serr Chisaen de Zegers de change

1904 2321 650 185 que la payere

291 2385 2278 227 pompt de mece luna lettre sur S Jil person de vre ville

321 2472 2279 238 de ƒ 300 de change a 10 jours de veu dont je vs prie preceerer

308 2587 2305 231 l'acuptation la tenir et en son temps procurer le reqe

450 2667 1983 185 l'une et laute  me crediter  suis en haste

254 2722 2292 261 Ghendt J Bapte De Saedelaer  Ady 13 sber 1717

212 2907 2340 221 oe £200:- op lours francis de Conincs sijn

199 3023 2309 234 ingecoemen ende de £400: - a 125½ banco

303 3173 2123 186 £209:3:4 op voseph de meding & hijes in

285 3280 2195 161 Amsterdam sijn pari vernegooteert ende ue

279 3397 2133 199 op sijn Rokn & consorne gecrediteert mi

317 3519 2158 170 becoeme met ue aengenaeme van gisteren

322 3586 2226 183 remise voer ue reken op d sicht op cates

2664 51 2282 201 vanghan ƒ600:- wiste gelde reden selvene

2668 174 2332 198 heden geacceppeert heeft als mete de voors aene

2688 273 2318 178 op Pater wood van ƒ310:- voc on  sicht

2685 393 2247 196 soo dat voor deen en dande merde naer

2694 522 2236 245 daeghen noch  moen waghten wi

2704 650 2204 265 governo ne trato £26:14:5 et jacques de

2665 763 2272 243 letnnoge sal hij prompt vesheeren also

2665 908 2296 227 sb41 belieft te lenden soo hy mij ter borde

2707 1022 2278 243 getert heeft  e paro  £7:13:4

2737 1144 2190 289 wisselghde voor Der. thomas de nollen

2693 1287 2291 203 hebbe ick voldaen en ue gedebiteert blijve

2657 1417 2231 274 Dermonde Jf CeraersAdy 14 sber 1717

2752 1570 2276 254 geschreven aen hem ot ghendt ende geaddresseere

2746 1703 1774 227 onder couvert van Jacques Bres £

2705 1827 2264 213 de aete dieder manqueert is d'acceptare der leden

2725 1956 2266 162 van vlaenderen die dr. they sebaer op den des

2714 2065 2083 192 van den decharge brief selts reclaneert

2714 2162 2220 216 segghende de gustelijcke ende de heden van de

2684 2281 2320 228 provintte van vlaenderen hebben geaccepmeert

2692 2416 2256 179 soo al sj i aesn presoenis van den d twie

2739 2576 2250 185 1t verclaeren te accepteeren de betaeltre

2704 2669 2173 241 soo in captael als in roden ete het & de

2732 2806 2223 183 resoeune vaen 20 inis datick wille segghete

2721 2965 2259 182 waer van copge autenticque wort versochte

2730 3052 2082 195 ick vertrouwe ue dat nu sat begrijven

2689 3173 2293 182 en besorghen want die moeter pssindt sijn

2726 3271 580 216 blijve
