5175 3837
2007 74 525 159 15 Jullet 1717

298 54 1115 188 haet Nicola francois Le levre

384 163 2193 166 apris vs avoir salue je prence la liberte vs addresee celle

380 277 2124 163 y afin q vs vs fouvenice de moy depuis le mois de

376 370 2173 115 17 je ne vs ay levre pr un seul pastard de marchandise

346 460 2222 161 de puis le mois d'octobre 1715 je nay recu aucun arge

363 544 2216 106 vre ge me dois £63:14:55 de change je vs prie me l

354 634 2217 142 remettres et sil y a leu vs pauvois rendre servec cvoy

368 708 2187 154 q je vs serviray a si este prix q'au un autre pource

374 786 1249 188 faire je me dit en attendant

1800 830 608 196 15 Julle 1717

276 894 1126 169 Brusselle Jacomo Rousseau

347 996 2152 165 madermiere est du 4 de courant pr la quelle s

358 1124 2144 126 vs ay renvoye ensuitte a vre ordre la lettre sur

351 1168 2179 169 paris 400:- sur mons vre oncle Rousseau celu

205 1260 2340 155 pr cvert a 2 de mes traittes en vre faveur s

2473 1381 59 56 les

348 1373 2239 134 le p Jean Beckmans £50 de change et sue le S fran

362 1450 2095 153 vanden herle £25:16:9 au sy di change dont je

340 1574 2228 134 vs prie vouloir faire procurer le requis me credi

345 1630 1791 150 et m honnorer d'un mot d'avis et me dit

1718 1719 443 169 19 July 1717

245 1738 887 173 Brusselle J. Beckmans

303 1825 2279 171 ben verwondert van DH Rousseau te vernemenals hij aen ue mijn

318 1953 2245 156 tratos opsecht van ƒ 300 heeft doen predeiteeren dat : ue heuys

329 2095 2190 111 vrouwe hem tot op djnsdagh wesende morgen heeft gedilayee

309 2126 2258 179 seggende ue uyt de stat te wesen ende van mij geen advis te hebbe

307 2267 2265 117 ick hebbe ue dato 13 court daer van advis gegeven ende geschrev

325 2344 2254 136 als blijcket uyt de copje her boven wete wel ue ditto brief moe

318 2444 2262 125 wesen behandiegt al soo die niet andere brieven sijn bestest

322 2528 2222 138 geweest is die andere vrinden wel sijn geworden ick hidde

326 2600 2179 172 het is wel droevigh dat ick soo veel moeyte moete doen om

331 2694 2227 146 mijn gelt te becoemen naer ue soo lanck geborght hebbe ick

338 2791 2253 137 dde laet ons vrinden blijven en welt niet ondedelijck voort

354 2904 2202 165 te gaen ende mijn boven schreven tratos aen dh Roussaee

195 2972 1481 190 op rest te voldoen waer op my sal verlaeter

1772 3007 367 197 19 Jullef

202 3103 1016 147 Brusselle Jacomo Rousseau

294 3132 2280 180 en neponce a lhonneur de le vre 17 du cout il est bien que le S vanden

270 3265 2280 131 hecke at accepte m'a traitte a vre faveur £25:16:9 mais il me

286 3331 2303 116 chagrine q vs avez tent d'ambaras avec le s beckmans la derniere

280 3422 2320 142 fois il pretendoit d'avoir compte court non obstant quil avoit eu

306 3506 2281 117 asteur luy en ayant envoyee de nouveau et advis de ma traite

318 3589 2272 151 de a  £300 aveu le 13 du court je ne comprenne pas commen

2677 52 2295 116 la femme puis repondre n'en avoir point d'aves ce mance

2672 92 2214 159 ie d'agir ne me sont point de plaiséer frie sont point

2654 190 2295 162 honneste il me rederabbe pres de 5 cela plus d'un

2674 271 2243 209 an q je luyay donne credit je souhaitte m'en desfaire

2687 351 2244 226 je sur pree a my vouloer rendre service je luy ecrevent

2696 415 2168 249 encor une sois a ce suyet et a moins quel ne vs satis

2660 505 2243 265 fasse prompt ma traitte sus ditte je serois oblige a

2672 599 2199 234 rendre d'autre mesures je souhaitte vs pouvoir te

2684 697 2226 232 moignes ma reconnoissance aux occasions pr la

2682 845 1206 223 grace de Diee et me dit

4025 891 538 174 20 sullet 1717

2675 975 915 174 tournaij & I le secultre

2698 982 2255 274 suoyq je n'ayt occasion ie n'ose plus delaycer a faire

2697 1099 2253 215 deponce a lhonneur de 2 cheres vrs 23 may et t dre cout

2705 1178 2211 218 mois au huyct de la commissions q m'avez donne pr

2682 1273 2301 233 placer vre nepveu de Rasse au conniet des besccuttes

2689 1325 2321 269 iay je vs de ay q le det cnviel est une jelqce tres ape

2711 1473 2224 208 able passez commode pr 200 garcons q le gouvernement

2718 1540 2301 185 est bon quel s at un tres digne supcrieux que vieu

2702 1646 2310 184 sur la conduite de la feuresse quil y a des jesccettes de m

2713 1702 2236 196 connoissance et q je  ne manqueray pas de lay bienre

2698 1766 2263 235 commander auy q jen auray soing pendant le temmps

2729 1835 2252 246 quil deniurera iy  pr sable let feu & toutce quil

2737 1929 2222 216 en depens lon paye soo escus en espece pr blanchir

2739 1973 2266 279 les linges du corps ƒ10 p an les livres paple plamerr

2708 2111 2279 249 le payent apart de mesme q l'ontrettre des habits ou

2717 2230 2231 233 vs suis rendre service receproque ne m'esparqouz ie

2733 2295 2246 288 mais je suis rave q le d stevenarts vs a satifait maitrait

2729 2414 2220 254 de ƒ300 de change p occasion jen disgtoserez come aussy

2718 2493 2267 204 du reste de la piicedente a lme doit en £228:8:4

2739 2572 2261 216 de change pr de la marchandise lay livre au mois de Jan

2726 2650 2266 227 vee 1716 considerez un peu mons ou cela va pr le mois de

2721 2729 2226 206 sbre je vs envoyere encor une fois cinne as siune pr 300

2725 2814 2244 185 et ie tacheray n ende fave et obtenir  mier paes a peu

2737 2862 2259 220 et luy donner du tom si v q ny voes pas du mal enmons

2729 2946 2253 211 wete camp me doit de puis le 17 sbre 171 £ 37:7:8 qui dene

2718 3056 2303 171 p de draps ces heretiers ne m'ont satisfait ne ne me mondent

2719 3128 2267 233 plus au une marchandise je prisvre grace leyr eouloir

2718 3199 2301 222 par les une foedet leur faire offre de us marchandise de

2697 3230 2297 220 ma part en cas quelen ont besoin mad la veutue don

2689 3304 2336 208 ne me doit encor passant le 1000 enils voycy une lettre prelle

2699 3400 2318 161 nant la faire nettre esmains les pay emenp ne vout pas eume

2693 3468 2240 158 de passez jesnere quelle est bien dances afparre et quelny ge

2703 3531 2301 162 point de  pjelle je v poie vouloir un neu v pler sur es intre

2695 3625 2322 121 et me vouloir tous jours advessir en cas de quea schose que pour

2722 3672 2190 102 roit seer venir car il est incrayable come je me trouve en p
