5211 3832
410 40 2056 191 Brussel PB.de Broyeer Ady 18 Junii 1718

457 166 2075 218 sedert dat e dato  de meenighmaels

516 298 2022 185 versochte rekeninge courant hebbe gesonden

507 408 2125 187 en hebbe d'eere niet gehadt eenige ue mj altijdts

514 516 2099 222 aengenaeme te ontfangen oock niet het gelick

517 628 2122 228 van ue oft jut. ue Banunde sverte sier dat mij

489 736 2185 232 seer verwondert tot verhoepe niettegenstaende

473 880 2198 194 dat ue int cort et kens salovercoemen en wat

519 957 2187 261 goederen noodigh hebben waer toe ue mjn dienst

479 1067 2123 240 landermael preseyteere met versoeck dat ue

493 1203 2181 214 provisioneelijck ƒ400:- wisselgelde op rekeninge

449 1315 2235 193 soude gelieve te betaelen die in een dagh aswel

501 1404 2162 215 sal trecken ordre jacomo Rousseau op  uer

505 1554 2114 156 fient die versoehe gelieve te accepteeren en

483 1644 2170 208 te betaelen ue wel siende dat ick alles doen

511 1751 2190 204 wat moogelijck is om ue dienst te doen en dat wij

489 1868 2110 179 meer aen den intrest moeten toegeven alt

496 1958 2210 199 men op de goederen can winnen dat hoepe

469 2089 2028 185 met Godts gratie eens salbeteeren an soo

447 2242 550 212 Bijvee

440 2239 2149 305 Brussel Joannes Haeghens Ady 18 uni 1718

507 2387 2146 214 het is wonder dat met het voorjaer ue niet eens

505 2563 2205 131 en is overgecoemen ick hoepe dat ick even wel ie

467 2628 2221 178 cest ue eens sal sien ende dat ue al een parteyhen

489 2772 2188 198 goet noodigh sal hebben ick coeme ue versoeken

470 2841 2126 208 an ƒ400:- wisselgelde op rekeninge te willen

495 2961 2170 202 bestaelen die in een dagh a twee op ue sal trecken

473 3053 2153 188 ordre sacomo Rousseau op dstent die gelieft

493 3167 2194 224 te accepteeren ue sal mij verobligeeren die blijve

476 3293 2122 200 naer groetenisse en ofter mijns dienst in alle

480 3447 923 136 occasien

2765 41 1978 170 Brussel J BBeydaels Ady 16 punii 1718

2817 167 2214 205 volgens ue beloften hadde ue met het voorsaer vert

2773 275 2276 188 waght dat ue soude hebben overgecoehen om een

2806 405 2231 185 parteyken laekens te coopen die ue mij geschreven

2807 522 2202 212 hadde noodigh te hebben ick en dencke niet dat ue

2802 658 2129 166 mij voorbij gaet of op een arder gecoght heeft

2799 763 2216 188 maer dat ue dat noch tegens Brussel seer misse

2804 883 2213 176 doen sult waer toe ue mijn dienst presenteere

2825 990 2217 202 ue verseekerende dat ick ue alles soo goeden

2821 1113 2136 166 coop salover laeten en vercoopen als ue

2805 1224 2159 142 int gantt lands sal connen bedient worden

2821 1346 2209 169 middellerwijl versoeke ue vrindelijck van my

2833 1444 2068 174 het plaiser te doen van ƒ300 wisselgelde op

2833 1569 2117 171 reken te willen betaelen die in een dagh alswee

2822 1671 2166 186 sal trecken ordre Jacomo Rousseau op d sicht

2860 1791 2077 169 die gelieft te occepteeren en ue sal my seer

2853 1877 2169 188 verobligeeren die maer cordiaele groetenisse

2819 2000 1931 194 als aen mrte ue poeynde blijvee

2772 2133 1039 227 Mons EA. Gallopin

4043 2134 931 194 ad 16 a 1 718

4429 2295 120 100 gt

2827 2281 2176 205 pour responce a la vre 16 du cour. vie croy que

2836 2410 2195 194 vous ne pensez pas a ce que me respondez. vous

2822 2514 2205 194 avec a faire comme ie m''magine a plus des

2790 2682 2200 118 marchands pa moy mais ie ne suppose pas

2820 2769 2189 169 que vous ayissez avec les aultres comme vous

2806 2839 2199 177 a gissez a mon esgaurd. quoy que devez perdre

2814 2967 2227 133 prete a me remettre & n est il pas siidt que vous

2761 3054 2214 199 ffe pardie  ne remetter quant vous voulez

2820 3147 2189 174 ay lien que ie le perde asp. vous faittes sorffdis

2800 3252 2198 157 dintrest assez. n'est il pas spoeuible ni ldrnp assez

2816 3359 2166 193 le credit pue ie vos say donne ½ si javois

2788 3467 2198 159 doccasion a tirer  ie prerois plus souvens

2811 3557 2172 164 et s'il fault que de lire ie le feray mais ieureray

2820 3674 2247 94 aiu sty sont ie que me deveret vous n'avez y a longe
