5211 3832
965 46 1192 198 Ad maiorem

939 207 1321 211 Deipareque Virginis

1371 377 466 207 harie

892 459 1463 302 honorem en

1178 621 1049 237 Anno Domini

1440 811 342 167 1719

497 964 2126 286 Ghendt Jacobus Baus Ady 2 Januarni1719

651 1068 2079 241 Ick hebbe ue aengenaeme 6 ½ 24 gber en 30 pass

546 1221 2128 192 wel ontfangen ude het sijnen tijde ue gedebtteert

602 1295 2143 162 voor het import der wee obeiganiet op de d

604 1450 2131 144 ider ƒƒ3500: courant te saemen in wise l00:

612 1490 2103 198 ende voor den intrest £27:15:8 haddendchetersen

624 1603 2041 212 uytgevonden p ue laesten remitteert ue mij in

572 1719 2010 176 Pier brieven als op Anschno marsius £560:-

625 1819 2085 184 op Jacques schendert £300:- op Angelin the resie

575 1912 2058 168 Sane £166:13:4 op etex ander van Bemmel

587 2019 2120 200 £88:4:2 waer voor het noodigh sal besorghen

600 2102 2085 211 ende conserin ue genoteerde cours ue het synen

571 2195 2131 163 tijde crediteeren ick was van imene ue bpt

596 2309 2147 204 tijdt brieven op hollandt te versoeken nu soo syne

576 2399 2067 200 salmen die parsye dos laeten en boecken uldter

597 2498 2042 189 iets te diosponeeren voorvalt bidde ue ed het

592 2605 2118 199 sefde in daghtigh te wesen oock soo daer of caste

593 2697 2081 198 van lffrenten sich moghte offfeeren hadde

560 2814 2159 218 geerne eenige dn de lijven van mijne kinderen

545 2934 2185 179 hebbe niet gemankeert ue d commistie te volrens

575 3000 2163 208 uif Broeckmans mijn swaegher en swaege rieme

527 3101 2206 198 de man c wiens faimitie heden met eensonge dochte

586 3200 2131 188 vermeerdertis nevens mij en mijn huysvrouwe

559 3311 2177 157 groeten is e ende de famiere van herten en wensche

570 3398 2167 179 reciprogne het gelijck en saligh begonnen n'ett aa

560 3523 2184 123 met weeke volgende in prisperiteydt tot contentemen

572 3607 1405 161 en saligheyt en blijve van herten

2798 35 2086 223 Ghendt J desaedelaerAdy 4 Januarie 1719

2842 132 2246 183 sien bij ue aenden aeme 2 deser ue sijne reken coutant

2798 246 2274 188 daeord hadde bevonden en conform niet emj geloeten

2848 367 2111 152 en mij op nseude gecrediteert met £68:-:10 voor

2830 461 2254 204 het remicshen op Louis en Carlos le Candile 2 a d sicht

2826 584 2255 209 p Caste £68:13:4 sal de noodighe sorghe draeghen

2811 687 2182 168 de wissel ep Parisis vallende 2 uxos tot 58-

2866 803 2226 144 brieven cors hebbe heden helts tot 58 ingetrocken

2851 932 2264 159 London 34:½ ue mede van herten westschedde

2870 1013 2064 182 het gelijek salighh beg dte jaer met veele

2866 1131 1130 148 volgende blijve

2850 1232 2231 202 London Livinus de Drrper  Ady 2 Januai: 1719

2907 1410 2200 174 gedraegte mij aen mijnen laesten do xber die verhoeype

2907 1489 2052 178 ue wel is geworden en waer iver ue antwoert te

2879 1616 2240 149 gemoet sien: vernemende datter  het passament

2877 1725 2105 159 ded mij eene lotter  sijngewillinht vandin

2873 1864 2154 140 pouden sterlings ider let sooi  desen mijn

2897 1962 2136 116 versoeek dat ue in deseve ap mijnen naemen

2904 2062 2159 186 voor  leken. dis ontfanck deser dij losten

2903 2169 2205 197 gelieft in te liggee  bidde ue niet te mankeeren

2882 2275 2226 207 Ick wensche ie het beconnen nieuwe jaer voer spoe

2857 2397 2138 191 digh guet veeles volgende in contentement

2838 2514 1345 196 ete salgheydt en blijve

2796 2613 2240 202 Rotterdam Jaaques LeyerCadis 9 Tandrardr 1719

2855 2741 2182 203 ue aen genaemen de pass hebbe wel isaden

2824 2889 2196 171 sedert mdt mons. travcus le grelle noch diversche

2873 2974 2117 192 conferenies gehouden noopende den sterthujde

2880 3078 2209 172 van de voedue de schippper waer van den iuventars

2852 3178 2132 192 beloopt a ue meerhaels hebbe geschreven

2880 3289 1211 154 cirea de ƒ90000 bestaende

4550 3301 389 153 ƒ 27190:

2838 3379 846 127 contante penpingen

4617 3411 265 94 15900:

2847 3458 671 112 winchel cnoaeren

4624 3478 352 103 18485:13

2862 3454 1079 164 uijtstaende goede schiden

4623 3554 302 100 14 500:-

2860 3589 711 91 frondes en liven

4151 3619 60 81 -

4632 3620 250 80 5000:

2849 3573 1247 133 meubalen tiweelek en silver werck

2845 3652 2237 124 provisien in huyshouden aengenoemmen en geposteert  1 093:
