5199 3815
606 52 219 88 nf

1865 50 570 168 adij 7 Juny 1719

573 42 1004 193 Londen Lwiny de dorpere

614 115 2142 191 ue laeste 6:17 grasmeert is on beantwoort gebleven om dat mij

602 258 2156 165 hebbe wille informeeren by d'een end ander der geentresseerde

625 334 2128 169 en de lotterije a costy vant jae 1710: alles wel geballancu

2061 445 89 70 me

614 428 2135 161 hebbende as mijne resaliutie au  desen possitive ordre

638 562 2042 136 dat ue den mijnen op ontfanck  desen gelieft te

627 640 2084 188 vercoopen ende de weerde der selve met het gene bij e

639 747 2087 173 te goet hebbe mij te remitteeren men seght die te vercoop

635 855 2087 167 wesen tot st ƒ10:3:6 geleeft daer in mijn enresf

642 945 2061 190 waer te nemen ende in alle te doen als voor ey gen

644 1037 2102 184 iet dencke dat het jaer t: mechiel so 1718 verchpen

640 1131 2070 220 biy ue oock ontfangen is het seccco in antwoort ders

668 1278 871 156 verwachtende blove

539 1310 2094 272 Brussel Huiiliasas Ady 9 Junis 1714

652 1468 2072 220 Ick hebbe ue missier dato niet wel ontfangen

597 1597 2112 138 dogh die coemt my vremt voor is ue absent

665 1670 2008 190 ue Bennnde enfuf ue doghter is thuys soo dag ue

647 1814 2097 146 geen gesloeten hnys en heeft s ue absent ick beclant

602 1902 2087 157 ue soort ve wel hett schijpt dat soo doende ick

653 1997 2061 169 ue malkeur soude moeten draeghen het is goet

651 2092 2086 183 te schrijven ende te versoeken van passemiete

663 2183 2045 139 hebben my dincht dat ick die genoegh gehadt

658 2309 2020 155 hebbe ende dat van soo vale jaer en awant ue

633 2374 2036 190 hieft tekens een bagaselle van ƒ 2x: opreken

656 2467 2097 206 betaelt atdt ue goet gedoght heeft ende nu sedert

645 2590 1968 164 Janiarn niet aen h smijver bij het hastjaer

586 2636 2185 235 geeden. ue & mj moeh £250:9 wisselgele nhodigh

591 2794 2120 194 Ick wille alles doen wat in mijn maghtis maer

637 2894 2070 139 dit en bestaet in geen reden en gaet alle discretse

629 3007 2122 161 te boven daerom versoeke ue p desen noch mael

629 3106 2114 172 van herten van ie op reken voor mij aen dhi sale

654 3211 1997 134 Rousseau te doen bestaelen het welck in antwoort

665 3293 1983 187 te gemoet sien en afwaghtende blijve

3799 33 919 174 Ady 13 Junii 1710

2810 52 741 146 hhendt Jacob Bant

2838 116 2263 209 dhat Pedro ue Broederonten dom heeft heden de goeseride

2840 248 2128 209 gehadt mij sijn d. missive te commanniceeren waer bij

2850 349 2264 180 blijckt ue di vninsentie is en opinie dans. Pees volleer

2843 485 2212 164 hevens de dmodiateurs in sols du n verobligeert is

2854 561 2090 172 en moet wesen voor de ongelickte pmingen

2855 696 2195 145 ick geve mij deere ue te leguien dat by de onientie

2819 760 2207 224 doer hem mons faveur gepasseert hij voor niet

2856 883 2169 139 eenen smijver het sj voor cappitaet oft intrest

2857 975 2109 150 responsabel is ue gelieve sich te informeeren

2889 1113 2162 137 ende het sal soo bevonden worden de obligarie

2868 1195 2148 159 oft patseeringe voor notaris luydten behelft in

2873 1332 2170 119 verbirs. comparcerde voor  somet comme

2893 1385 2225 158 notarispriblieq tot ghendt residerende ter presenne

2856 1526 2106 96 vande naerschriuden gemiygen en persoone s

2872 1616 2226 143 deeer vollaert iubernaerts woonende biemen

2863 1703 2040 120 dese hadt 1119 u tarit en geiggen wel besaet

2876 1791 2203 155 welcken commarant ut reghte van authore la

2886 1915 2212 139 aen hem velleent y61 vom s. vollaerttse obligeeren

2872 2004 2149 145 soude moeten wes en welcken comparant voor hem

2870 2133 2246 114 selve en uyt craghte van authos satie aen hem verleent

2891 2203 2051 169 bij de admodiateurs voor hun tekende lijder ende

2860 2273 2213 198 verclaerde wel en denghdelijck opgeticht ite verders

2897 2372 2116 136 voor de croisen luijdt als volght waer vooren hy

2903 2482 2210 162 comparant over de gemetde sijne mandamen beloet

2902 2571 2131 155 te gelien ende te betaelen ten profjte ste en soude

2886 2735 2204 113 moeten wesen waer vooren hij comparaert soo voor

2920 2783 2081 174 hem selven als over de gemetde sijne mandaten

2917 2872 2100 151 beloeft te gelden ende te betaelen ten proffijte te

2922 3016 2100 129 volgens den ongestelden contracte ist gewis s

2898 3066 2095 176 leeter vollaert niets anders en contracteert

2877 3181 2135 162 dan voor de admod'atcurs en ingevalle die niet

2910 3266 2014 136 in staet waeren te betaelen hij over hun

2895 3350 2182 174 rekeninge doende niet eenen mijver van sijn egge

2894 3459 2162 126 en souve moeten boesen oft aensprekelijck wesen

2881 3547 2185 184 sck en skenne van saffisantie sr ollaert met meer

2907 3648 2027 112 als landere dit is enckelijck omdat dht d
