5118 3892
645 111 2095 210 Dermonde FransGeraerts d Ady 22 xbr 173

674 217 2075 202 Ick hebbe byne dre missives auto 7:15 en 29 deser

685 380 2010 129 geven sooveel satisfactie als bij de voorgaende

689 445 1996 170 en van den eersten dagh ue moet weeten

639 519 2067 190 dat het niet veel plaiser en geeft sijn gelst te

685 626 1890 153 schieten en sich van sjne daeuneuren

670 754 2070 155 guibloet te sien en het gene het tot prehansse

675 824 1977 156 van alles is dat ue meldt dat di van de

674 921 1975 176 cassellenden  cortrijck voor de domme

1259 1028 131 74 al

683 1020 1985 156 van ƒ45000:- al wisdelbrieven geseekent

666 1114 1820 198 hebben ende de selfse echter dus niet

670 1211 2073 156 toegesonden en worden mjn versoeckde Jan

692 1330 2000 157 dat ue in ant woort deser daer aen nieten

675 1448 2020 162 gelieve te manqueeren oock voor de 30000

673 1517 2078 169 opt lant van Aelst soo dia die geaccepteer

689 1625 1959 180 wesen op ue over comste sullen wij met ue

700 1740 1929 170 noopende den intrest wel convenigeren

692 1835 2005 154 wa het moet ue bekent wesen dat wij ue

700 1931 2005 200 ie alle occasien dienst gedaen hebben ende

695 2034 1785 152 s vielder als andere ons hebben laeten

661 2136 2076 170 consenteeren: ick verwaghte dan prvisoncge

603 2241 2015 170 de elt geaccepteerde devisselbreven voor

692 2353 1985 151 het hoochteyk aenstaende ede dat wegent

697 2429 1952 159 her laedt van ckeelst door ue presentdaer

690 2531 1879 170 oock sal afloopen om met het men ue

676 2631 1959 174 jaer aenstaende het geluck te moogen hebben

645 2729 1916 170 ue int selfde de moogen coplimenteeren

687 2875 1734 132 de rekente ie sluten en esferden etn met

677 2944 1760 184 vrieuwen moet henieuw te beninnen

660 3060 1915 105 dat Godt ont beyde gelieve te verlienen

710 3156 1406 168 tie blijve met offers van dienst

603 3196 2033 231 gheuit Adriaen de 7 d 22 xber 173

672 3343 1951 195 Ick hebbe geerne gesien uyt ue missive lecoirt

673 3464 1983 164 ende die van p Cromanelinck 18 d. uyt cortsoote

626 3559 1879 169 no d heeress van de Cattelerge aldaer de

685 3642 1973 160 assignatie van ƒ4500d:- hadden aengenoemen

666 3713 2029 141 daer voorens elt wisselbrieven houden gceseten

2762 127 2168 195 r Crommelinck bchandighen wie de selfde aen ue

2767 211 2189 230 en ue ons cito soude afsenden dat el ie ende voor

2768 278 2208 236 erhooghtyt verwachte echter de reden van desen

2776 373 2074 255 is dat dhr. Geraerts oock dato 20 uyt gheurt mj

2778 463 2142 252 onder andere schrijft dese woorden soo dat ick

2786 598 2213 231 et da keeren gelouvenmeert ben danp 1500

2775 752 2019 204 sullen betaelen in els payementen te weeten

2813 844 2115 215 ƒ4500-16 uys on 722 aude dan soo voorts

2769 947 2182 173 van maent tot maent ƒ4000 ende de laeste

2795 1029 2067 213 ƒ 5000:- soo dat hij mij daer elt brieven voor

2805 1114 2189 240 gerecket hebbenin mjn profan de wele attaen

2796 1233 2209 204 ue ordre endorseeren oft ten waere dat ue lreden

2778 1357 2211 225 daer voor gelde hadte geause riet wet meg voraet gen

2833 1499 2124 151 ete welck soo veel beteekent oft de brieven

2844 1577 2018 206 geaccepteert en effecivelijck aen der Ceraerts

2827 1673 2160 245 behaldighs waeren daer ue wel weete onse

2839 1803 1999 197 conventie dat wij ue onse decharge bieven

2862 1894 1978 171 hebben behandight en ue verobliger

2866 1996 2036 212 gegevene recipisse daer voore ue de wissel

2881 2113 1984 191 brieven al te voorderen en aen ons te

2859 2194 2057 222 behandighen vervolghens versoeke gelijck ue

2864 2342 1921 197 noch versocht hebbe daer niet aen te

2873 2445 1994 201 manqueeren want e beraerts en inder

2871 2566 2014 194 oue effeeten niet vereueren sulchx

2870 2641 2098 209 en is onse intentie niet. Ick wenscke ue van

2876 2773 2069 206 harten het aenstaet de saligh hooghteg

2866 2872 1903 200 en afwachten blijve in alle oecatien

2788 2992 2125 210 ghendtt   de saederaer  Ady 23 xber 721

2833 3084 1919 200 mijnen laesten is van 18 deser het bekende

2832 3148 2101 234 briefie t £57:- voor ue reken op sonde

2830 3313 1990 184 sicht en hebbe nogh niet te getrocken. ick

2832 3406 2149 183 geloove de treckster gaet i en ue niet dien en

2841 3511 2161 184 dependeert oft het eenige daeghen aen loopt at

2826 3602 2095 156 met niest sen ue ingesloeten reken

2819 3644 2199 143 courant daer in begrepen den medegaende wisselbrief

3530 3761 1481 78 oor mij voor ue rehup. voldaen

2825 3768 414 83 Auen las

3293 3779 160 55 „8
