5198 3815
557 34 2209 148 en soude oock wel restiveeren om in debewitte irees

559 142 2106 195 payt te neemen als sch les serre inden drout

559 237 2222 160 hende ende niet henige priccspanen conde alroveeren

583 351 2198 192 can dyy ed mij dat evanc eeren her sal mij alleyern

595 455 2165 205 wesen  want soo get de meeste dute hier sij nel

593 577 2176 191 voortsgaen ende mer thonius Rage iemengegelren

615 696 2160 160 en  dunckt mij niet soudement genoeght

593 791 2148 170 wesen vunddellerwe syn ue de vankesen

597 911 1860 159 groetende als oock mijn huysvrouwee

539 1024 2239 233 Brussel Peeter van den loeh, Ady  ebruariins

2196 1166 107 96 17d

601 1162 2179 200 Ick ben verwondert dat ue aen mijn versoeckde

559 1287 2076 205 dato 13 xber nieren heeft voldaen het en iede

633 1425 2115 166 moeyte niet weertgdat bagatelleken spue te

629 1548 2137 194 trecken: ue gelieft die £20 vlaems wisselgele

619 1643 2115 206 aen Dr JBousseau maer te betaelen. hij sal vee

568 1769 2205 206 daer van voor mijne reken opt fautte geven

652 1869 2033 179 ende dat sal ue valideeren en versoeke ue

633 1964 2114 224 anvermael van herten en apvagstende blijve

609 2089 2126 216 met offers van mijnen dienstin alle occasten

1801 2205 925 165 Ady 9 februari 1714

528 2230 1061 240 Ghendt Jde facielaer

606 2287 2174 239 ue aengenaeme en 8 deser hebbe veel ontfangen

610 2436 2155 196 met den eersten remise £200 - t sichinpe

622 2569 2001 162 Ganis waer van acceptatie hebbe becoemene

610 2649 2156 192 met dien van gisteren remiseop aes vae

588 2754 1999 194 vel 300:  voor het noodighe sal

610 2866 1962 176 beserghen ende voor den brief ien last

588 2970 2147 191 die ue mij opgeeft bij mij addres sal ick voor

630 3068 2126 214 ue rekent ten sijnen yde acquisteeren: daer sijn

634 3198 2033 184 weynighe reckers op Parijs frincspael 2 use

614 3319 2002 164 cortasicht soude ck veees te recht coemen

593 3401 2050 165 maer het & een bagatelle van l6 a 3001

628 3524 1936 130 sal mijne devoiren doen tegens morgen

644 3609 2086 144 en ue ist moogelijck st sij cort sich oft wel op

2866 48 1624 157 2 usos de selfde fous mere blijvee

2826 72 2231 279 Bussel  Aryeer  Ady 9 febru. 1719

2853 271 2244 183 iek voldoen aen ul het gene ue van mij versoecke

2877 348 2233 191 ende din l muden dendeer den bray oom ue mis

2858 524 2049 154 ƒ400s- od rchata pauts doer ue gexecepaert te

2878 586 2192 198 becoemen en nogh en sendten mij den leyden

2838 708 2160 201 niet ick bidie ue consdera te hebben

2841 835 1731 216 don andermael af wattonn blje

2836 982 2207 229 Brustel Joanaies Haeghen Aadij 9 aditto 1719

2895 1075 2100 196 nj ae versim als boven sd tgenoenen

2899 1209 2092 231 franuse van 3 deser tt vaken dobe van

2895 1348 944 217 400  reke

4104 1442 976 224 Ady 16 febru4 ƒ 1719

2850 1497 1158 203 Ghend J e Jacolaes

2886 1602 2174 235 gedraeghe mij aen mijnen van gisteren Parer

2867 1735 2198 189 van han heeft geaccepteerte ingesloeten da

2878 1848 2171 208 boo volgens ue in stant el ijck versoeck hwet

4966 1973 61 94 2

2867 1973 2184 193 Eusos op mons Brion a Ban  200 a 538

2882 2106 2106 182 vlaems wisselgele  :8:7 waer voor

2861 2203 1846 217 mij gelieft te peditieren blijve

3221 2384 78 100 1n

2821 2410 848 153 Rotterd  meyers

3969 2352 885 223 dy 17 bre 1717

2864 2535 2205 169 de ud vay 3 deser hebbe wel dntfangen ende aen den voltr

2860 2645 2246 214 han gecomunueert en voor gelegen voor leden donderdagh

2852 2776 2193 171 heeft sagrelle cun avorr cessie van e baveur

2854 2884 2220 200 der crediseuren gepasseert aen mij voor ue  nevent

2880 3021 2190 130 come doen insssmeeren die ue de hieringet denn dn

2855 3108 2212 192 voordes t aen de hier eynde crediteurez ende in het

2862 3208 2181 194 steyne van de wed: de schipper Ick hebbe met dr

2849 3300 2220 162 van Cael ergent ter maeltijdt  op gisterendig

2881 3410 2176 150 niet gesaetsaem gevonden voorder sn sprekenissi

2866 3502 2184 182 tijdt et wijlen te men sien sal of ditt de ruddaender

2841 3632 2223 108 de ereuileiren au niet sulen prehen de wijl sij sonde

2980 3703 2054 78 selfde niets voorts e p traghte van dctie
