5175 3897
250 68 1119 187 Rotterdam Diongs verburgh

1669 84 551 176 26 april 1713

309 204 2215 163 ue aengenaeme 9 en 12 passato hebbe wel ontfangen doch de

316 299 2204 116 eerste mploetie van op 1e woondagh en is mij maer 12 datto

332 391 2185 160 vrijdagh behandigh waer by s sulcksens toe gecoemenen can

313 462 2139 195 ick niet bedencken inersloeten sende ue eene redignatie op

293 545 2244 180 p Guilliaum Lormees in schraven haege van ƒ5oohollont

337 667 2169 162 court waer van het noodigh te procureren en by de laye

337 756 2179 111 oft retus de selve niet op te houde maer mi soo aenstont

309 812 2182 207 sonder motest weder te sende ick ben ue verbelgeert voor ue

332 916 2142 179 goet advis nopende de fonsen in engelant ick hebbe mij

304 1002 2175 216 naer advenant geregeliet en mijn intrest daer gelaeten

322 1097 2221 204 wetendde geen beter employe te doen doch iets voor vallende

328 1196 2162 222 ende ue van andere speculatie wordende recmmandee

309 1311 2197 160 ue seer hertelijck mij bij tijde met ue goeden raet te willen

273 1419 2272 197 favoriseren en talt seer esctimeeren hier te lande en is op gen

304 1496 2215 222 nesoten meer te dancken men soude sich vaineeren bijdide

279 1606 2252 203 tijt gelegentheyt door het poot ene dit diesten gegeven wort

311 1712 2244 197 dobude baeroeten en quaede suuten dien volgen het doch

311 1814 2212 200 mij resolveren mij uytalles tes tracken soo veel als het moge

298 1948 2162 180 yek can gesehende ende voor mijne een intrestie sick tn

301 2014 2166 158 maecken hebbe een vrent tot amsterdam de de goet hy

259 2131 2243 190 heeft voor eenige penninge eploye te soecken ende mij in

268 2247 2224 186 staende voor de selve af ens jaer goet te doen dat ue mij

269 2312 2284 207 mode dat faveur geliefde te doen list mogelijck voor 4 a ƒ2000

258 2459 1864 159 mij soude groot pfaiter geschieden, die blijve van herte

217 2550 2294 196 Ghendt Jean Rapte De Saedelaer Ady 29 ppril 1717

242 2667 2113 196 ue aengenaeme 24 deser hebbe wel ontfangen

286 2796 2159 147 ingesloeten den brief ien laste 23 deser gevallen bij

267 2891 2054 146 my addres aen d'ordre Joseph de Coninez saligher

250 3009 2319 174 geacquitteert aen desselfs broeder Douis franvois de Conine

261 3092 2267 184 van ste £100:10: a 8335:10 vlaemtwisselgele £1709:12:10

289 3179 2235 195 waer voor ue mij op sijn de heken gelieve te crediteeren

290 3290 2212 173 ende den mede gaende wisselbrief on ue d vans £110:-

260 3419 2294 158 geaccepteert te willen renvoyeeren ick bidde ue toglt mijne

266 3470 2186 173 te beneficeeren ende vant gene vercoghtis biekenste

298 3580 2218 123 willen senden aen den voet deser den cours der wissels

306 3655 1801 139 volgens den coirs van heden en blijve

2617 82 2208 198 Brussel nicolas vander Borght Ady 30ppri 2 1717

2664 187 2235 160 het is mij lest geweest dat ick niet thuiys was doen ue

2698 296 2232 164 de facture quaeme vraeghen die heeft ue aenden

2717 404 2192 170 voet deser bedraeghend een wisselgelde ƒ 747:1

2689 508 2112 207 het goet is van voorleden woonsdagh teheett

2729 622 2095 201 gedaen in een paxke gemerckt t 3 x baer

2676 723 2316 236 iet ue can dienen weest verleekert ue nietant

2699 844 2242 172 ewielder nochte seeter coopen sal oedienen

2670 966 1132 204 die blijve van herten

2656 1054 2060 234 Ghendt J Bapt De Saedelaer Ady 3 mey 1713

2661 1197 2148 181 met ue van gisteren becoeme den brief uen laste

2660 1302 2169 203 geaccepteert terugghe van sto £110 als mede remise

2668 1416 2206 183 voor ue rekene 9 deser vallende op dh Jean Burgert

2659 1515 2281 179 in Amsterdam  400 a 123 ½ banco £205:16:8 die vreese

2658 1658 2122 147 bover a verlies sal moeten intrechen oo sijn em

2657 1675 2296 236 brieven van voorleden vrijdagh gepresenteert heden

2668 1827 2314 180 ot den heylighen dagh geen bosse nochte cours woonsi

2640 1931 2112 189 sal mede een gebrocke posidagh weten om den

2635 2051 2306 175 heylighen dagh op donderdagh dat des wantageens

2645 2138 2119 154 is voor het regotieeren macke notader partijen

2647 2252 2220 143 die ue mij op geeft bij mij addres sal die aen sijnen

2644 2339 2220 174 tijde voor ue eken vereeren ken mijnder

2635 2450 2267 154 vercoghte goederen verwaghten badde ude geen

2640 2571 2083 155 occasie naer te laeten om de resteerende te

2668 2666 2086 123 beneticeeren ditis het noodighe dat hebbe n

2656 2758 2302 166 metden want posiuve cours ver wissele ca ne

2652 2869 438 149 noteeren

4273 2906 398 137 3 mej 1717

2616 2939 1048 153 Rotterdam Deonijs verbargh

2653 2974 2305 184 met ue aengenaeme 30 pass becoeme het briefien op p lonneer

2662 3127 2300 93 en den haegen court 500 te rugge doch ue meld ende het self die tegens

2651 3161 2360 157 6 meij nas geditereert gebruycke de vrjheyt n het andermael toe te sende e

2657 3260 2285 106 al wast tot tot het ejnde van mij hete wille wel wachten doch als het

2656 3327 2320 115 het soude aenloopen sonder limite als voor leden jaer dan gelieft het werden

2676 3380 2314 130 te senden iek sien ue goet gevoelen heeft vande engelsche fondien c

2660 3460 2299 94 gesolverens te vercorpen want en weete nergens emplaye oft soo havorabele

2634 3525 2331 105 bruysen te erscunerer echter als ue opine soude hebben het biste wosen sace te

2635 3619 2317 90 onsmaecken dan bidde my soo veel faveur te doen mij bij tijde ue gorden reut n

2652 3690 2288 89 baer te maecken want het is een wirck daer een gedierige ier comspeetie die

2633 3733 2334 81 te wesen dh willens valt mij continuel lastuys ue e een eynde sijn di bewictte
