5211 3856
376 62 2216 151 oneyten uyt sonden connen volghen. maeke notn

394 210 2219 112 der brieven n laste by infaddres den courssoo

387 274 2097 190 als laest gedaen is heeft ue den den voet deser het

377 392 2202 226 sgu al gebrocken postdaeghen daer weynigh staet

398 493 2171 220 op te maeken is soo als ue met mijnen laesten

422 631 2150 204 geschreven hebbe waer aen my referere en blijve

269 779 2320 200 & naer wensehinge van een lalian nieuw saer de

1644 841 892 206 Ady 14 Janu 1716

362 884 1076 214 Ghendt J Bapt De Saedelaer

392 1003 2174 171 beydde ue p en 12 cour ontfangen dogh den laester

380 1180 2077 117 gisteren opt eynde der borde alsoo de brieven soo

369 1259 2183 148 laer sijn gearriveert voor ue trato in mijn faveur

1616 1392 96 81 t

403 1360 2114 209 op franc de Roy in Amsterd 12 deser  dato

398 1474 2116 201 oll court £209:12:9 en il mijn geen geldt als

371 1596 2112 233 tot 4 prete verlies geiffereert. voor ue remise

366 1695 2296 280 ort fe deConinck ƒ1010 ben voldaen ue il gecredteert

367 1857 2073 252 sck sal ue tratstegens naesten possdagh sien

388 1994 1117 163 in te trecken blijve

1730 2075 759 227 Adj 19 ditto

364 2118 1100 210 tournaije  stevenars

396 2229 2202 207 my receu llettre escripte p. vre espouze p la quelle

373 2338 2189 217 ie vois que vous vous voudries bien exluser a me

370 2457 2202 167 mettres caution pour ce que me devez encosr disant que

388 2561 2160 151 trouvez ma demande fort rude et fort preiudihable

391 2624 2254 186 a vre repupation. moy ie le troive le moren le pas

407 2813 2205 100 doune et plus facrle que pourriez souhaitter e

416 2889 2180 170 reaucoups ne vous l'accorderigent pas mais vous

424 2981 2188 181 seroient payeer: vous ue tence la mais parolle

382 3080 2291 202 estant ieq vous me prometttez de payeer ma dernierr

392 3193 2139 194 traitte au mois de svre a vre retour considerez

383 3303 2164 212 quant vous savez acquittee et quelles instences

402 3399 2139 198 que ie n'ay fait pour avoir quelque chose a son

408 3504 2213 173 compte et ce la chacque sors je ne croy pas que ne

401 3606 2277 172 soy tres content de la marchandise que ie vous ay livre

2755 61 2199 175 et du prix auquel ie vous laa vendue il est tres sule

2768 169 2148 194 que me donnez saisfain on apres um credit de deux

2758 281 2273 187 tunsque de vous ay donne car ie ne suis pasdinsentson

2768 372 2254 190 vous laisser faire et me payéer quant bons vous demblere

4631 483 88 87 9

4730 507 111 74 12

2757 524 2231 144 voulee ous compier a vou compte en cor 1300:- aus.

2767 629 2285 181 lakceultia receu de cette le mieane et continneer

2774 734 2187 181 lainsy touts les trois moisa tant que ie seray saisfait

2764 841 2216 191 jrray encor pamuil las ide ne suit pes un comme

2802 946 2142 177 a vouloir chagriner ps sonne un mortee & uoez

4697 1058 86 77 d

2788 1049 2153 172 ie r'enpuis dispenter sans mon presraice ie est

2784 1140 2223 214 essende me ade pas bien agis a mon esgaire

2794 1303 2153 148 a pendonnt farmeareux  que de fare

2801 1369 2116 185 souffrs un auttre vous n'avez datee p'acepter

2823 1488 2216 163 et mon offre du ne vous  me mettre nition

2822 1586 1739 181 et sur ceste je me dit en attendant y

2737 1707 2270 178 tournaye la veuved donnne  brdy y panvier iv

2780 1850 2187 122 depuis ma derniers 35d bre ie nayt u lhonneer

2822 1938 2182 157 de vous escrire i de recevoir qu'un davos commen

2735 2046 2264 141 ½ dement se pourroit en croire que le temps pourroit

2802 2134 2130 121 der tenit sup  det des  our

2763 2214 2278 170 que de pu u n il no vou vay pas fivre  sl

2755 2319 2247 218 piesce de marchandisene me devez pas advoseer

2792 2434 2150 149 que at un peu de raison a mi maginer que vors

2782 2521 2211 199 poas endannez tout ee fait car dans vre bs que il

2779 2647 2278 149 manque de tempt en temps quelque chose et si peu goit

2781 2742 2278 181 lodt ce seroit au moins pour entresenir ure corpasspon

2765 2844 2169 186 =dence ce que je vous temande de grace et vous

2766 2952 2082 160 lerez tousjours tres prompt et dres bien servir cy

2797 3030 2216 141 neyde vors avr la quittence de de Bandter van

2787 3113 2250 137 p suyssen de ƒ169 de change que ie leur ay payes slivr

2810 3213 52 92 4

2792 3205 2124 147 ordre et pour vre compte le 7 xbres dernier que j'ay

2767 3334 2148 111 chanq vous envoyger ser vis auroit la boye

2790 3406 2171 127 a me roulayer de quelque remise vous n'obligeriez

2792 3477 2257 146 npaiment car assainne paut on recevoir quelque chos

2823 3582 2198 145 du lon mesix bn. ie vous souhaitte heurnsise nouvellleta

2842 3672 2190 99 ayes la bonte rendre l'inclusse a ½ port au d'estevenars
