5034 3821
1273 861 2557 199 Know all men by these presents that I petel meljs. of the ceti

1820 1013 314 120 meyhant

1307 1010 2601 225 of Antwerpe do make constitute and apoint m. Thomas Scawen of London

1118 1168 2771 165 hrught mij law full attorneij for me in mj name and on my behalf to accept

1325 1260 2410 214 the transserence of five hundred poundisterling of the Capital stock

1326 1388 2502 219 of the bast india comp in England and further to recaive ord give

1319 1516 2486 223 receipts for all premums and dividents here affer to grow due and

1332 1638 2502 219 payables to me at the said cemp for my afore mentiened stock and

2084 1765 102 86 and

1353 1749 2475 168 to do all other acts  things for acting the premise ratifyeng and

1375 1870 2456 221 confioming all that he shall do the rein by virtu of this preseat

1389 1996 2416 179 act, in witness w here of I have here un to seh my hand and seal

1368 2101 2436 180 at Antwerpp the inteen day of Lebruaris one thousand seven

1388 2212 1603 185 honderd and one an twinte ieuw stile

1498 2349 2220 179 met  atte stalte van notaris snogens en legalisatte

1407 2470 2122 225 door den secretaris van horne onderteckent
