5070 3838
597 82 2023 219 Ghendt boedesaedelaer Ady 7 sber 1770

664 225 1903 244 gedraeghe mit aen mijnen van 3 courant

647 347 1889 199 jngeolieren den brief den laste door mij

625 473 2043 217 voldaen t £100 a ƒ 335:1 elaems ƒ 173:6:4

625 592 2015 250 met remise door mij aen ue orede geendorseert

640 735 1985 253 van 4 courant 2 usos op Robert sesses in

636 850 1923 209 London en by faute addres fbram cross

648 995 1971 208 Dan st £100 a a32:10 vlaems £169:3:4

660 1112 1964 254 waer voerens beyde mij gelieft te creviteeren

684 1301 517 146 blijve

542 1395 1874 224 Londen Chawel t Cocqueel 3 sbre 1720

594 1547 2017 199 Jame refee a ma derniere 18 du passé depuis

623 1657 2018 186 Jay recele lhonneur de la vre 2s datto avec motest

626 1794 2039 184 de la lettre £100 sur clisabet chapman dont avec

630 1877 2028 190 recu a bon compte £50 je vouurois que messua

623 1985 2081 182 r'envoyee le dit illet sans avoir receu a bon comte

629 2080 2071 199 es me marquez le protest N6:9 il faut que la ditt

615 2190 1915 201 chap man vs le rembourse esperant quielle a

633 2295 2065 222 satisfait n le present il ya des lettres en vile

633 2412 2070 217 pr hollande de mardy passez quelles marquere

619 2534 1895 187 selon quon me dit les fonds generaellement

633 2639 2048 207 beusse le sude30 la banqie £1460145 ce quil

644 2763 2012 182 causera ppr tout de la consternation et beau

643 2857 2052 250 coup ie fallissements dont d'auviculle pre

635 2981 2064 264 servir un chaqun cependant come je touve

648 3096 1945 227 la banque un fond solude et le nuelleur

643 3224 1996 236 de l touts le fonds de chez vs et quelle pour

673 3359 2010 230 voit faulement pr ces troubles venir au pair

667 3479 1974 220 ou a 100 je suis d'aves que vs exployence et

667 3595 2026 189 achepteriez p 500 ½ actions de la banque

2848 55 2047 206 quoy quils seroit a 110½ iix pr cent plus ou

2861 173 2133 218 moins nest pas une affaire je cois q vs ne me

2854 292 2124 206 pourrez pas dissuader a acheprer a ceptie en cas

2865 411 2138 238 quil y'arrive cependant sil ne serait pa de vre

2888 512 2117 242 advis je ne le fera pas car vs connoissez mieux

2892 644 2046 191 les affaires au tond que ns autresestrangers en

2796 802 73 109 6 8

2882 739 2103 229 cas que vs acheptiez a quel y aura trop cout

2896 912 2017 187 a les of 500 que vs avecz es moins vs pourrez

2900 989 2085 237 tirer sur moy a veu p caisse je vs salue ts

4259 1128 563 171 17 sber 1720

2811 1134 1160 216 onder seawen et stockdaele

2853 1226 2114 253 je nay plus toit repondue a lhonneur de 2 cheres

3586 1340 524 97 23  aou

2842 1350 2110 175 ures 22 susit et 5 ditto pas ce pu je n'astoit

3053 1470 386 128 pr aoust

2851 1452 2112 215 resolie de souserere dans la compaque de sud de

2854 1608 2153 176 aucune condition et grace a lieu je n'aj men

2861 1691 2124 221 plaighe pas mais bien le malheureux quil

2854 1780 2150 275 y sont attrappe d'autant quelye de lettre en

2862 1937 2141 182 ville pr hollande de mardy passez quelles ma

2838 2050 2169 241 que selon qon me dit les fonds generalement bais

2842 2178 2177 255 ie le sed 250 la banque 146 a 145 ce quil cause

2830 2312 2181 230 ra pr tout de la conster nation et bealudoup de sal

2819 2427 2184 182 lissement dont dieu vuille preserver un hacnce

2837 2532 2185 217 pendient come je trouve la banque ien tond soude

2839 2635 2179 144 et le muilliers de tout le fond de chez vs et quelle

2829 2744 2170 192 pourrez faulement p es troubles venir a pair

2826 2854 2209 201 oe a s00 je suis d'avis qes  achepterois pr

2820 2949 2207 128 £500 factios de la banque quoy que seroit a 110

4299 3053 130 68 ie

2847 3044 2174 189 die pr cent plus ou moins nest pas uneaffaire je crois

2828 3141 2195 170 p vs ne me pourrez pas disscea der a acapter a ce pre

2858 3272 2099 134 in cas qul arrive cependant sil ne seroit pa de vre

2869 3337 2135 185 advis je ne le ferois pas car vs connoissez neceren les af

2867 3449 2111 142 faire autond q vis autre estranger jp vs remette cy in

2867 3529 2116 138 cluse  du 20 d'aoust unue deux seconde lettres dont le

2846 3626 2070 160 remceres sont a l'acceptation chez je que francois de
