5211 3832
511 43 2166 252 Ghoudt JB desaedelaer Ady 24 xber 1718

605 176 2172 198 ue aengenaeme is en 25 cour. hebbe wel dntfongen

554 294 2204 198 met den eersten remise op Jacquis schmaer

592 416 2101 217 £200:- die voldaen is. alnesloeden lente e

596 527 2098 195 fwee brieven tien laste door mij voldaen

584 624 2118 213 als ere £100:10 aƒ £ 23:2  laemt £ 176:14:

573 749 2142 228 en p £60:-  ƒ 735:1 £ 105:5 waer voorge

583 795 2139 319 gelieft de credfeeren opn ue ingela rekne

586 941 2164 248 courant naer tesien ende daxoort bevioelede

591 1083 2150 203 met mij te sluyten en p saldo niee

594 1181 2091 272 te crediteeren ƒ68-: 10 die ue mij edet

608 1313 2102 214 remitteeren want niet faiel do nc

605 1420 2132 213 bagostelle oude connen trecken. ick bedantte

603 1519 2010 229 ue voor d genoemene moette  sijnde mij

577 1581 2183 268 seer leet ue de laekens niet en can beheeden

584 1742 2103 266 gelieft het staet bj uy te houden en oste

622 1836 2046 220 eenige occasie voorviel het iudarigh t

589 1952 2108 246 voeden want ick en sien niet heein

582 2056 2114 260 leven daer afte godacken te meer omdan de

608 2177 1951 233 selve niet en magh laeteneverven

613 2283 2143 253 ick wensche ue en syne faie recpragud

644 2370 2113 254 van herten het saligh hooghtegdt o blijve

2188 2534 123 115 8

481 2535 1598 224 tournges Aterenary

1877 2585 786 124 Ady 30 avre 1718

555 2662 2169 225 e roust dapprendrs de monse le decut 2 est

564 2778 2164 201 payee de vre acceppaison ma degniere paitte de la

516 2874 2245 192 comme de ƒ300:- de change ie me vienne encof 434:10

564 2982 2194 171 ou £78:18:4 de change pour sortir da faire a lahalle

556 3087 2158 166 et pour vous les morger que ie nay rien au cur

568 3176 2148 189 que de faire plaisir et rendre service a mes chatands

561 3299 2146 160 quant il m'est possible et ne vous pas importnner

567 3358 2154 196 ie suis coentt dattendre pour veu que vre amis le s.

579 3501 2192 140 michiel de Jam reste canson et laste deux lettres de change

617 3590 2156 191 a vres ordre et que vous melis endostie scavoir inne

1425 3653 1340 117 somees  m  £36:9:2 sot Am

1077 3695 242 79 D MeFr

2799 55 2272 187 faisant ensemble la somme sur ditte qui me vienne sans

2795 149 2216 168 doubte vous accepteres cette conditionn sr avantagiente

2827 267 2128 150 et en attendant ie vous souhaitte de mesme & a vre

2799 376 2284 188 etpoure lheureuse nouvelle atance et baucoup suivantes

2812 487 2276 172 priant dieu vous les donner plus avantagiesi las ie suis

2805 641 2168 191 Turnays  HerultAdy 30 xber 1718

2862 743 2143 204 jay quatres de cheres vostres a respondre comme ie

2860 876 2153 168 et 13 abre ey et 27 du courant touttes regaurd arites

2887 969 2078 199 a saffaire du S srevenars quil at entinou a

2844 1093 2123 181 caupon pour luy acquittee les ƒ300: de change

2865 1200 2004 181 dontie dais brenarse et voudroiz en estre toits

2858 1299 2131 206 sausfait il reste encor £728:4 de change pour

2838 1418 2173 146 luy rendre service et lus faire du plaisir le le s.

2867 1554 2165 167 michet de gain vieulle repescaution et accepter

2869 1681 2084 171 deux lettres la moine a L2 usences et la mostre

2838 1772 2234 155 a essr n2 ie feray content pour veu que le trouvez

2841 1883 2236 182 convenire ie luy escrive a uiee a prie luy vendre

2826 2012 2174 172 la lettre  dcluse et luy parler a le suieet pou

2849 2117 2210 177 faire plaisir andisder Jain & vous pouvez gaurier

2868 2272 2224 137 ces ces et les changer. ie vous ay bieneobligation

2855 2331 2244 178 pour le service que me rendez et aur occasions ie vous

2836 2446 2153 197 prie i ne pas esparque ie nay veu un temps

2828 2536 2202 170 parses de mavre dhest tres malheureux dans

2838 2658 2241 129 le commerce il ny a pas moyen de lirerde largent

2870 2757 2162 181 ou on trouve bon. ie ne send que faire ou quelle

2824 2852 2244 166 mesure prendre manmoir la veusve simon donne

2826 2967 2248 149 me doibtt encer £167:1:10 de change et me demancde

2846 3095 2143 121 de dilaye de temps en temps pouiven quil ny a

2840 3192 2145 142 rien  araindre janday pasience avec plaisir

2841 3249 2222 161 ienvou s prie ne sin eu donner vre advis la destus

2855 3399 2157 153 jay fait rendre vr iiucluse a mons. vre neies

2844 3449 2192 149 auu convoit dichde vous sounaitte lheureu le nouvelle

2857 3558 2120 189 Anner avec beaucoups suivantes et me dit du coeur
