5211 3856
390 100 2127 174 Ghendt J B de saedelaer Ady 26 mars 1718

461 215 2186 194 mijnen laesten is 22 courant: den brief ien laste

456 358 2238 170 hed en den laesten dagh van s N185:13 a ƒ ƒ 84

474 467 1999 180 £:0- edrd my vershdont dogh sonder

411 590 2225 194 enderzementen soo dat enckelijck mijn voor

443 710 2138 139 van betaelinge hebbe gegeven en moete

408 821 2229 197 gevaghten iot dat den seconde geendorseert

435 919 2270 188 sal over coemen aleer die can voldoen en snor

476 1060 2093 226 dit tot ue naertight en blijve in haet te

381 1186 1135 206 Londen Thomos chauwen

1782 1186 685 178 26 mary 1715

451 1302 2153 202 se devant conce de ma lettre vs escrite le 8 3 du

445 1414 2208 167 passe dons ps dont je ney l'honneur de vre rep

325 1529 2353 168 a qui me chagrne un neu   pourez bied

471 1598 2141 198 croire quil m'en depande beaucoup t qui

490 1720 2202 189 naturille de profiter de loccasion eandonle p

492 1810 2147 218 faire n'avant jus quis a present vre advis jene

502 1912 2160 206 pais prend e resolution cependant je vs priede

508 2028 2118 172 vouloir salance sil n'est tres consiceliabe

516 2164 2168 175 dovendre mes actions de la companiardes ind

515 2251 2136 218 orientales pr le present au prix de 217 je ne

509 2366 2159 212 tire pas encore 5 pr cent en les vendant de ce

511 2472 2190 244 prix etr en emplayant les apituil du prdve

510 2619 2096 195 nue en ennecue de la benque come les

2160 2729 270 104 a pme

507 2718 2157 171 derniere £500 jaurois un capitae assere

487 2880 2156 141 et je profiterois le mais mesme intrest voay

500 2970 2132 166 ma siccelation et attend la vre incessement

498 3058 2205 187 sur a luet pr piendre mes misures a ladide

512 3167 2200 198 hand entre temps come vs avez recux le dereide

508 3273 2191 182 £50 et aussij le ncccutes z annéerd' entress

494 3382 2214 186 je vs prie au receu de la mienne vouloir s chep

507 3475 2205 187 ter 15 de bolchesder bayes a leviere bleue de voag

360 3581 2211 198 vdee les secpier fore quil y a troacue et les vrecloir

379 3673 199 97 42 re

2431 3703 116 65 22ad

482 3736 78 67 m

663 3695 186 100 n

2808 50 2247 136 en balles incessame et dans en balota e une

2801 185 2232 151 bayes losches es comiens pr paduleure et mesles

2848 258 2130 213 embarque pr trages p ayer doittende pr le

2864 399 2174 159 Batelleara cmarge a vs cone ca que je suis ex

2846 505 872 195 attendand je suis

4191 513 753 199 26 mars 1718

2809 618 1075 214 haer Andre bouton

2825 666 2251 243 voila sent de lt12 que jee p ay tteu e

2822 817 2248 213 esinit je  peques a present je ne vous aueune

2847 919 2221 225 effet je vs demande dont a la fen satiofect

2855 1004 2202 262 on a l'andable deccque me desoisit jaure j

2860 1116 2206 281 seroit meurdite a faire de  jayt encor jema

2882 1203 2185 320 fuit  il me seut tindr de l aoyen touse

2735 1322 2339 306 son i je veu scufaire un reien

2886 1452 2183 286 come il est jast ef raisonsible je vs pre

2869 1600 2195 225 dont de grace de my plus delayer de pr

2873 1707 2168 251 a de cette a me faire remise de julque

2884 1829 2127 246 a bon coute jesnere q vs m mestre a

2854 1934 2225 262 ba r et p vs sa ed hir  m pesse

2907 2078 1893 269 sieplueation es atfendant je me dit

2766 2209 2197 225 toudnay f le Lecabrre  Ady 29 maere 1713

2793 2325 2268 209 linclir lettre de Bx supcreur du conviet des jesuite

2825 2454 2250 212 vous donnere a conbisge chard endde vre nepdeu

2839 2542 2231 240 de Rasse quil e l'enpus ceiourdhuy en compt dun

2846 2671 2146 204 gaieon de banchs ce quil m'at n peu toucheer

2781 2781 2282 237 dont ie suis bien chagrin: il fault qu'il y a quelq us

2815 2902 2192 246 quil a fouru de largent la vre neivez su, dit

2779 3001 2283 171 ce quil n'est pet bien les heres  ons depccs

2769 3133 2281 160 ous larrester sur le chemin de Gand estant la

2810 3204 2202 206 nonte qui ls n prins tont deux en comp dehwel

2795 3311 2144 201 de ce quil iest passée vous aures nouvelles

2811 3418 2186 179 au retguard de lhonneur de la chere vre 7 des

2809 3555 2253 138 courant ie vois diras que je n'ay pas achgre

2825 3615 2122 153 le caire dore dont ie vous avois escsp
