5211 3856
360 53 2250 186 mons eADefoust  Anverseddes gbsouds

411 220 2169 170 Jny bien recen la vre 17 du courant avec remise

418 314 2151 140 de metme datte ausenie fon le P & son

423 430 2241 205 a B Tuxelles he ƒ192:- argente auran legile

399 537 2075 212 Bayt envoyée pour est avoir acciprant re

2507 607 134 116 8d

425 650 2198 216 auspremier Bout ie voou len dieray co

397 789 2261 204 courant comme vous ladnaittes e i

451 900 2163 223 pas les astera mens que me mandes mair

428 1035 2210 189 bien pennestrn stiseu qui vienne  1:e

432 1153 2212 237 chamoe pre si vous bouley ievorz en

416 1262 2214 195 envoyeray unne piesce pour espreuve

420 1383 2256 246 tours asseriments des draps ne me mangerent

407 1499 2113 235 pas pour vre service le reste de la

415 1637 2200 167 lesbre ne sont que de ba doules excusess

427 1752 1195 236 etuffrer 108er £128:7

1842 1867 481 171 2 xbre 171

395 1924 932 215 Brusselm Ro de sende laere

458 2042 2133 157 2gelvue aen genetmma difrsn beene ren d

456 2166 1982 162 Javus de cominck 3s daenge ul van m besp 4235-

283 2241 2277 208 waer voor het noodigh sal geserghen ue vooriae

460 2362 2123 214 remise on Cooms rinchel en warm Amsterd

404 2536 2180 173 2s gver noo banc s0o hebbe tot q ue advante

406 2602 2152 241 den ngesrochen en ue nte  ats & 8 dato

432 2717 2162 202 op franc de Ror Amsterd. hollants courad

421 2862 2157 179 £304:- tot st schaede sende anders niers te

426 2933 2140 238 dochen vreese cqutants noch slimines soude

430 3040 2136 214 worden alsoe banca mederom eenin savenr

396 3182 2274 208 neen hebbende selft heden eest partie afgever

290 3291 2224 212 & sogeingesloeten son brief en laste de

358 3409 2155 256 endor ae Rekens voldaes 17 deser gevallen

403 3544 2242 187 van  £187:15:3 a 334:8 vlaems £325:9:1

2749 62 2244 172 waer voor mij op sijne rekert gelieve te crediteeren

2779 190 2032 146 ende de twee mede ingesoetene brieven met

2745 326 2181 168 acceptatie mij wederresendeemen niet

2752 453 1994 143 laste alt s £150 a ƒ34:5 en cenenen

2775 538 2081 220 laste f de sebure vans £250:- subto

2775 641 1512 243 verobligeeren die blijven

4051 820 594 138 22 gbre 1717

2695 796 1092 163 Brusselle Jacomo AA

2778 899 2202 175 pr reponce a l honneur de 2 cheres vres 19 et 20 du coit je

2762 993 2261 172 vs ay debote de ƒ98 court de change £144 pr ma quittance

2764 1097 2295 166 r marge denre ville et de £25 by le   blas rre compta

2782 1169 2162 169 pr mon compt jau soinge de procurer le requier

2780 1264 2205 165 pr vre remise de £ 200 de change a charge le s Jian

2818 1346 2213 116 de doin  meer as eger vgant geste

2792 1409 2127 170 lettre vs dunne p endeswement de ct hael de

2741 1508 2247 191 ruyer je mnne if mo fro a ja chage y srois

2781 1649 1269 157 compter je vs salu et me dit

4300 1678 549 175 23 gbre 1717

2742 1747 879 150 cact ander Lipon

2754 1754 2239 242 Jay redeu lhonneur de la chere vre 2d sbre pm'aqull

2796 1902 2138 157 : g me prie d'afendre encorion mois

2807 1999 2197 161 ad pls tard jay non aforndu le 6 sernaine mais 2 mois

2785 2115 2181 112 et un ans passe que je vs ay levre les marchandisesiens

2791 2167 2249 156 anvoir toucke un scal pastard @ bon compt: contrain

2792 2255 2165 184 ½ vos promisses q m'avec factvostant ic voy mons

2786 2362 2279 186 vs ne pouvons faire de  touhaiterons bian ca ns avorer

2804 2451 2173 186 presentement eliet de pase pr ramasser un peud adsant

2788 2529 2242 176 y autrefois pr des melles ce pr  j  prie avoir consedea

2764 2674 2238 151 stion et ne plus dilayer a me remettre me fiant sur alle

2783 2746 997 161 a me dise en attand ent.

2697 2839 892 157 tournay Dinis Joseph. De ckasse

4055 2841 377 157 23 sbre 1717

2739 2898 2290 172 Jay prie la liberte passe quelque sepnaines d'escrire a mons vre onele le seultre afin g vre srace aura

2755 3040 2271 99 la bonte me rendre service m obtenir payement et saufactions du  jun francois sevenaerts que

2751 3108 2276 76 la quelle n'agit pas bien en mon esgard traignant hors la reison a aquitter ma traitte qui sa

2725 3172 2297 96 famme en son absence a accepte a bon compte de ce quil me doit su ce la mons vre oncle sus ditt

2720 3213 2315 113 en a cus la bonte a ma repondre p la lettre du 10 du  quil vs en a donne commancation

2737 3276 2287 121 et qv:41 aƒ este chez le ditte srevenairt quil avoir donre pl du satisfaire p tous se

2725 3335 2284 93 sepimaene passe et com je nay dipuis nouvelle ie m'imagine quil n'aura pees encor, pay

2724 3399 2290 87 e la raison q je me trouve oblige vs prie tres instamment me vouloirfaire la grae

2727 3481 2293 43 a sy tenir la main et la presse autant quilsera possible car je ne veu me defaire a

2744 3520 2179 84 luy ce conduite ne me egrcent pas et sil le veu faue de bon que p a contraindre pr

2727 3575 2224 64 susfire jespere que ne me refuserez pas vr affisances pues que vs avez connoisiancau

2728 3633 2156 105 dit stwenairts je vs salue de mexme madi vre compaigne et mons vre onele et

2713 3692 115 81 huy
