5143 3892
632 131 2033 191 Ghendt B de sawelaer Ady 27 xber 1729

681 233 2002 177 ue remitteert my voor syne rkent p. mostive

649 327 1993 203 dato 20 courant ay 15 ditto 2ƒ3 dato

637 432 2096 205 op dh Lours le Canselis £146:: waer

697 557 1937 184 van voldaen ben en op ue  eken gepasseert

692 660 1908 162 Robbe ingesloeten den brief ieu laste bij

701 773 1895 129 mij addres heden voor ue recken. voldaen

680 874 1976 202 van st £170:- a ƒ35: 8 waer voerens

717 975 1925 180 mij gerrest te crediteeren vlaems wisselgelte

849 1089 900 184 303:3:4 blijve

644 1100 107 161 S

588 1160 2024 266 Ghendt Joan es macque Ady 3 gber 1722

644 1310 1869 151 ick verhoepe ue uyt mijnen laesten brief

571 1414 1985 184 dato 14 pass. dat gesien hebben dat £50:-

633 1558 1915 161 niet en connen bereyken als het mport

653 1627 1775 176 van twee laekens daerom neme de

632 1662 2063 235 iberteydt die in assignarr ordre der aerd

636 1825 1975 225 Busse Copsie heden te recker die bddere

654 1932 2055 199 h doey niet twijfelende oft voor het respeerende

636 2057 1997 179 sullen wij malhanderen bij ue overcompe

637 2156 1964 199 verstaen beyvende met ofsers mijns dienst

644 2261 1889 183 voor het gene ue verder magh noodigh

662 2366 2001 195 hebben. Ih sal ue goedee coop geat

650 2474 1416 218 mijne goederen ofter laeten

622 2561 2021 221 Ghend JacobusBan: Ady 3 gbr 1723

584 2734 2115 146 diee van ue d spr, 2 julis en soeer en hebbe

638 2850 2021 185 pante van ofcasse met be antwoort tjce

611 2942 1866 173 van den laesten door mijn schoonmaede

639 3057 2023 183 ie geadviseert ick de gemelde remise van

645 3154 2098 203 £200:- op jan vaer d'elft wel habts oenfangen

619 3271 1996 190 en te rekete gepasseert a  pe £99:15:

623 3377 2040 196 ihgeloeten schde ue mijne lasstgnapse van

659 3497 1883 166 heden op S Joannes macque van £50:-

646 3588 1883 171 wisselgelte aen ue ordre en weete niet

639 3700 2007 118 oft 19 die prompt sal betaelen oft p ange

2735 98 2180 226 doeghen accepteeren vervolgens versoeke soo

2754 219 2104 231 ghet te wesen de weerde  in te voorderen oft

2743 332 2122 211 wel voor ennige daeghen acceptatie soo my

2735 441 2033 180 hij selfde versoecht sonder te protesteeren

2771 573 1860 217 e sal mij verobligeeren die blijve

3740 671 1006 162 dj 3 gber 1696

2734 690 924 253 Ghende BB de Sadelaer

2759 764 2173 259 us milive dato 2 deser bedeme vior recuse

2752 919 2177 181 door ue Reken als £100:- ops jede miranda

2749 1034 2105 169 20 sber  dato £28:10 o p Josephus van

2746 1108 2235 197 leverdoenen  sicht £13:10:- op van francos

2769 1225 2060 210 iet 2 a 5 sicht en £75:- in een addres

2751 1344 2095 162 Pietie Tj Jacobusede Loninek 13 deser vallen de

2756 1453 2118 200 maer voor het noodigh sal besorghen voor de

2752 1539 2084 166 hier bieven door ue geaccepteert br mij addres

2758 1652 1801 170 meehe nota en naer groetenisse blije

2756 1784 944 180 hendt francois Luraens

2761 1807 2057 276 edresseert b& den boe Duwin Ady 5 gber 17135

2776 1972 2071 184 beyde ue  missiven dato 24 past en 2 courant

2780 2084 1963 194 hebbe wel ontfangen bijdden eersten gesren

2775 2209 2104 161 dat de acceptatie van den decharge brief van

2770 2312 2181 177 ƒ10000:- in sber gevallen noeh moet blijve

2777 2435 2093 184 coopen ick hoedte dat nu ejndee dese

2791 2556 1988 148 weeke de gesschindn de sehende somme

2775 2594 2172 218 sullen accepteeren ende dat den boede dn non

2785 2728 1968 180 ons die segens sondagh sal mete bringhede

2788 2817 2175 189 en ue  n cort sal overcoeme e saemen

2788 2923 2078 197 adfustement te maehen dat volgens ue la

2814 3058 2120 149 belofte af wacht p ue t weeder remisseer

2809 3152 2128 136 mij op rekent. vat vervallen crossen een brefaen

2791 3240 2122 182 op ignatius Due sijnck addres Jan shanctis de

2815 3359 2092 176 Ejaen van t0 ulu 2 6ids  290 a 2 ¾

2804 3446 2064 187 vlaems wisselgelde £57:130, waer van het

2783 3558 2023 190 noodigh sal procuneeren. groete ge van

2789 3646 948 189 herten en blijve
