5070 3837
576 82 2137 196 London scawen et StoenialeAdy 3 gber 1720

653 184 1919 210 Jespere que ma derniera du 2 du courant

705 296 1901 224 vous lera bien parvemie depuis ie sui

699 435 1922 207 sans aurunne des cheres v'ostres j'espore

705 560 1994 210 aursy et J'ay selle contrence en vous y ue ne

691 682 1930 219 manquerez pas a exccuter mon ondres

732 821 1863 162 on commissions y repetez en suitte a

711 936 1911 185 met precedentes mesme ie ne veu vous

689 1048 1819 186 limiter sipres le pri cr le sincer

685 1133 1947 183 de la presente toutte ma demande

722 1247 1895 212 n'esst aultre si non que vous voudriez

709 1375 1955 197 me conieller et mesme faire pour moy

717 1493 1887 219 comme vous serez pour vre propre

717 1611 1847 189 inrest il est vray que ie souhaitte a

704 1690 1956 267 placer quelq argent dans la compagie

751 1869 1778 174 des indes orientales et dans la banque

730 1956 1797 207 en suitte a mon ordre vous speussee

626 2062 2025 219 Deulement pour profiter dan sond solide

667 2195 1889 212 comme ie les considere 7 et duninpress

736 2294 1961 204 cependant si ne le trouvez pas bon

736 2409 1979 229 ny hebe ven faire mais P. a Monvey

743 2548 1692 211 bon ie seray mary  a laisser

724 2628 1968 222 eschapper loccasion don je ray quit

721 2781 1868 211 leren glus que temps a larrivee du 6

709 2884 1767 197 et e lassembles on parlement pour

721 2950 1899 243 prindre ces mesures. le malheur pour

701 3095 1899 231 les estrancers ett quils ny sont

688 3283 1834 162 presett ors que les mesurer soura

720 3373 1970 201 porendre ce pour quoy ie vous priese

753 3499 1807 182 grace en cette conpnneire du temps

733 3596 1902 190 de vouloir longer a moy ear ie veu bien

2772 90 2195 210 dire que ie vous ay de lobligation pour ce que

2803 199 2158 233 vous avez fait du passesj'esperant que ne ere

2775 339 2249 242 pas moins poris les present ou le vois presen=

2771 453 2240 231 tement letteet de ceux quils le sout en dagie

2785 592 2232 201 dant ies affaires mais bien m. sie es depledible

2809 723 2233 230 dien morcy quil ma preservec de la ceupidite

2819 854 2103 187 a me vouloir enrichir d'un coup dhatard

2807 1022 2223 187 dien mercy quil ma preservee des commat

2804 1123 2106 219 naires de telle panire jusques apresent

2833 1259 1891 209 et jespere quil m'en preservera

2820 1346 2115 232 beaucoup de nre ville s'en plaig nent et

2804 1501 2106 204 en restenter ont poorr longes tnnce

2829 1595 2136 229 enfin il fait pisie de considerer bes

2809 1736 2151 211 evenerhents que nous voyens touts les jours

2876 1849 2062 241 is fait pour evoir arriver des lettres

2836 1958 2116 240 det landres on d Amsterdam car elles ne

2835 2085 2179 246 marquorrt que de banquer vustes du salludse

2795 2231 2122 211 mens tellement que sonne seuy pas les

2803 2351 2216 222 dissing neer ou scavoir di ong ls tinprosses

2854 2489 2061 205 ou pant heu leu cotls quils sont

2887 2580 2152 232 entre les mains des honnesses pas sonne

2868 2746 2149 172 et bons corresposndents car ie ne vois pas

2867 2840 2107 199 en car la finde cet fatat evenement de

2852 2963 1911 167 me fie done sur vre grace et vous

2869 3088 2138 204 recommande mon affaire si le trouvez

2865 3215 2108 157 6ou es perant quel le prendrez au caus

2878 3340 2088 183 et me servirez len cette compnesure en

2885 3425 1899 205 Amis dont ie me fre et dit

2865 3541 684 201 attendant
