5162 3824
539 39 2214 201 ten tijde van den cost patientie gehadt verwaghtende

556 154 2040 190 dat ue soude overcoemen en gheldt brenghen

588 309 2073 154 sen hebbe ebe tweemael gesehoeten betaelt en

603 395 2083 185 gheldt uytgeven en mets ontfangen en can met

607 508 2078 154 seer aengenaem wesen. ick bidde ue dan vrindelyk

593 616 2096 182 niet langer uyt te stellen van mij een jaer packte

640 716 2068 190 te coemen betaelen waer op my sal verlaeten

598 851 391 156 die ben

513 877 2206 247 Den doet Jan vergauwen Ady 25Augisn 1719

622 1012 2072 225 Ick verhoype ue goede gesontheydt en wensche

623 1171 2092 161 ue daer van continuatie mijnen packter Jacobus

645 1246 2064 185 van dijck en heeft mij noch geen geldt gebrockt

632 1363 1904 186 iet tweede jaer packte gaet verschijpen

625 1480 2042 166 ende dat is wat buysen discretie daerom neme

593 1595 1957 187 de vrijheyt ne ingesloeten voor hem een

627 1701 2014 192 briefken te senden dat versoeke hem gelieft se

621 1810 2103 183 doen behandighen en heeft ue doccasie hem

603 1930 1967 177 oock eens te spreken want schrijve ick

608 2025 2108 193 adroisur raer dat die brieven bestelt worden

637 2140 1972 197 wat aengaet onse affairens sal mij opne

653 2262 1766 190 goede geloffen oock vertrouwen  u

564 2364 1901 219 asseriseerende dat ben in alle occasien

488 2475 2237 200 Cortrijck dhuys vroan Elias Grandtgreyffer Ady ditto

558 2607 2186 225 Ick hebbe diversche regsen ue Beminde aen gesproe

542 2732 2141 178 =cken die mij van tijdt tot tijdt versocht heeft wat

591 2855 2074 206 patientie te hebben maer de passentie gaet soo

631 2939 2081 155 verse gelijck ue mede can oordeelen dat ick vm

632 3050 1848 200 het weynich dat met ue gehandelt hebbe

586 3158 1976 158 meer aen int rest moete toegeven als op de

627 3262 2115 172 goederen te winnen is. het is nu teee jaeren

599 3356 2058 197 salvo piste geleden dat aen ue bis niet een stuck

620 3449 2059 202 goet gelevert hebbe en onder het gene ue my

639 3559 2084 156 gebet tf £153:16: - isser noch van drijsaeren

613 3691 2097 70 ten aesteren. ick neme de libertijdt ue dese

2819 72 2172 151 te schrijven op dat ue mij geliest sidaghoigh te

2806 138 2228 222 weden en consideratie te gebruyken waer op my

2816 250 2187 226 dal verlaeten ue t asseurerende dat in gevalde

2830 348 2249 250 ue eenige laekens noodigh heeft dat ick ue lde

2825 505 2128 231 de selfde sal over laeten tot sood aenighen

2814 651 2248 237 prise dat ue nergens en sult connen coopen

2848 735 2182 224 waer van mooght geasseureert wesen ende

2827 896 1336 180 dat ben in alle occasien

2815 998 2192 233 Ghendt J de saedelaer Ady 28 Augusti 1719

2861 1164 2220 213 ue aengenaeme 17 en 27 deser hebbe wel ontfangen

2863 1342 2118 117 met den laesten remise voor ue k op s

2899 1395 2137 178 Pierse EBie van ƒ500:- wisselgelie waeh van

2888 1506 1213 193 voldaen ben blijve

2795 1605 2114 222 Brussel icolas vander Borght Ady 91 utto

2866 1755 2137 164 tot antwoort op ue aengenaem van 27 courant

2863 1863 2188 198 hebbe ae het laeken N 282 N. 28t a 38 a ƒ 3:12 ƒ 136:16

2897 1994 2202 164 wisselgelde gisteren avont p Beurtschips at gesonde

2891 2099 2108 158 in een paxke geperckt NV3 dat verhoefte ue

2897 2198 2184 160 wel sal geworden daer is eenen volghester baye

2899 2338 2187 133 bij voor mons. segers die hem gelieft te behandiighen

2880 2423 2178 150 heeft ue voorders iets noodigh daer is profijt te doen

2878 2517 2087 160 vrans tot sulcken prijsen en sal ue sijn leven

2893 2631 2156 137 sulcken goet nie coopen als ue nu cont doen

2901 2697 2070 201 want al ist tot schaede als ick occasie hebb

2919 2806 2081 167 ick vercoope ick wille daer uyt sjn cousse qe

2894 2909 1501 166 couste beyve naer op de remisse

2793 3025 1951 164 Brussel Cst LegersAdy 31 xitto

2868 3109 2161 169 den sijnen Colchester baye die ue Beminde gecoght

2850 3216 2187 156 heeft hebbe gisteren nt paxke van mons nicolas

2863 3318 2189 160 van der Borght ue af gesonden die verhoepe n

2886 3418 2125 128 wel sal ter handt coen can ue my van eenige

2873 3521 2099 147 laekens a thelpen daer is profijt te doen want ick

2888 3596 2125 134 vercoope als ick occasie hebbe al wast tot schaeve

2914 3687 368 90 beyeve
