5202 3856
312 61 2276 153 mons J Bapt le Bleux Ady 4 gbre 6715

372 181 2267 246 Jay receu lhonneur de la vre 16 8or mars are

383 333 2178 186 bien du charrinade cror que mon dire n'est

401 439 2242 227 que roft bien fondee 4 a grands rost de sen

396 553 2173 224 des moigner facke vouly un expares de mes

371 673 2166 186 Liures on V.9. voir a m'estre rede vable

368 795 2222 229 cencort ƒ1088:14 de change. que vous n'avezz

387 916 2146 227 rien acneptee que deux bayes cette chmce en

401 1031 2199 256 quil s' a des parties a paycer encor de lannée

358 1162 2284 205 144 deux Auns passr un chacg an nois de

387 1283 2233 175 vre argent ett a sseurce et cependant sans

372 1386 2210 248 argent on nepen negotieer. e met si bien

368 1492 2192 198 comme q a . a que vous aultres messiurs

393 1615 2189 257 devez accepteer a terme a les marchands

331 1735 2264 232 des verviers et aultres poutieux vous avez

381 1856 2072 217 loing et pour mos  a beaucoutr de

387 1972 2050 218 considerarions pour cet shalands vous

376 2102 2206 238 prennet mat que ie vous demande de temps

387 2200 2192 204 en temps de payements vous m avez envoyee

377 2320 2262 209 de tempse comp de banatilles a son compe

369 2448 2195 216 et famais mme bonne remise quil me sou

337 2542 2206 240 ffatre du bren  de suis inclinel pour avoir

341 2665 2240 188 et entretenir  lonneur de vres chalandise

366 2786 2254 208 et jamuis i en nem anguera de ma part

374 2905 2167 250 priant seulement d'avoir esgrard noirs

347 3022 2227 176 celluy qu'il le dit ave offse de me

384 3118 2180 201 marchandises et mon service pour tout

398 3272 1684 206 ceque pourrez avoir besoing

3945 77 547 163 5 gbre 1717

2669 69 1048 186 toarnay J f stevenaerte

2740 131 2262 265 Jeppend p le seur le seultre & avez laess mostestes

2748 299 2255 157 in as dernure traitte de ƒ500 de change q mes vre comp

2763 368 2249 188 a voir accepte a us ence et dont vi s'n avoit donne

2751 493 2205 181 parelle estant ayde la paye misme avant les

2769 575 2186 198 choence vs scavez lemportence de ce  me dec

2750 682 2245 246 et depuis sant de temps et vs voyez la considera

2759 756 2136 285 bion q jayt a vre esgard q une tire q de

2738 857 2273 232 temps en temps a bon compte et ce la pr vs tou

2730 960 2287 241 lager comment voulez vs mons avoir de binede

2743 1132 2183 184 lion en vos affaires quant iy recompense

2759 1228 2262 206 si mal les personnes quen vsont bien et honner

2761 1299 2235 236 tement servi ie vs puis dire que je vs ay la vre les

2778 1453 2260 200 meillieurs marchendises q a javois en magae

2793 1527 2245 228 et a un prix q persoonnes ne les avoit mellien

2786 1645 2261 232 marche vs este vence icy sans mesme aqu

2807 1730 2214 230 ter cette ma traitte surditte que peut il moens

2829 1844 2213 241 q me dorner de l'ombrage sont ce la des conde

2817 1955 2210 202 tes on est ale agere honne d'honneurge ne

2815 2058 2221 225 v demande q d'avoir sa tisfaition et ce lamens

2813 2162 2155 227 amiable et je suis prest vs donneie ie temps

2817 2262 2172 246 payez cette ma traitte et si ne pouvoir par le

2837 2372 2148 229 tout payez na bon compte a reccu de cette la

2845 2508 2180 186 miinne ce  pourrez ee pr le reste vs im accepte

2814 2586 2222 169 rec des lettres a dis terme honneste pr sorter d'asfa

2807 2747 2210 104 rer jespere q vs vos metterez a la raison et q'on me

2837 2842 2186 143 donner pas lee  ne me con traindere pas a

2803 2874 2146 208 faire ce qe n'ay tencor ams fait a auitin de

2783 2977 2209 180 mes chalands autrement ce ne sera pas moy mais vs

2797 3126 2130 156 a quil vs devrez empeiter la raisorerer je veu

2800 3167 2172 199 ix tout ces q con pees tousdaitter d'un honnes t

2778 3282 2170 186 homme maqu mis melaisseray pas terer pr le

2787 3383 2103 212 e de vs prie du coeur restons bos amis et riex

2760 3478 2104 212 nie manquera de ma partsque su

4311 3576 528 166 shwell
