5097 3843
494 51 1839 182 over onvoldaert ick segghe ue rievers con

427 157 2061 146 dat godt en cons dicteert en ordonneert dat

484 267 2105 139 men die hinderen moet tydt verlienen want ick bene

468 391 1975 173 present wel geinformeer dat de selve het mett

470 475 1993 170 vant capitael gewonnen hebben. tenwsterdaigh

496 614 2049 163 van hunnen vaeder waster salvo Ju sso maer ur

485 681 2046 183 de £4000:- sj en maeken present geen dif culyt

488 803 2040 204 van volle insperie van hunne loecken te geven

490 941 2075 133 en considereert eens dat op 8 jaeren van 1 90000:

452 1005 2109 216 ƒ 60000:- moet van het besten bloet afgctapt

488 1131 1867 185 worden oft sij niet werck genoegh en sullen

479 1228 2061 209 hebben defdin tijdt om hunhe craghten te connen

490 1346 2040 171 behouden. en fin Ick hebbe gedaen soo ick meyns

472 1436 1942 213 dat een christen mensch schuldigh is te doen

456 1541 2040 200 Ick wensche ue nevens mijn huystrouwe een saligh

427 1670 2069 173 en voorspoedigh aenstaende nieuwe jaer den heere

475 1729 2114 251 gelieve ue veele nogh volgende met contentement

487 1851 1858 212 te verlienen op der aerden tot troon van ue

462 1953 2083 178 =oonnen die niet meer gelnck alst selve connen

461 2076 1506 193 desireeren en blyve voor altijss

1618 2173 500 159 30 xber 1719

383 2170 963 222 Gent Jus De TBedelae

445 2232 2020 208 met ue aengenaeme 24 court remitteert ue mij

432 2356 2064 202 voor sijne rect brief op michelsens en gellis selve

449 2437 2101 189 dat laegen dato van £150 vlaems wls: waer van

440 2512 2131 264 gisteren acceptatie van hebbe becoemen sinde al

466 2616 2106 221 heer geen gebruyck op sondaeghen oft heylige dat

465 2675 2071 315 gen die te vraegen want men soude niet willen

494 2760 1999 287 antwoorden soo hel  ae reet reden

433 2881 1995 266 dat aen ue versoeck niet en hebben connen

448 2929 2052 340 noldoen miet ditto brief maer en moet dato

476 3065 2056 326 3 Januerj naest voldaen worden soo sal die op

469 3153 2111 294 nieuwe eck brengen ingesloeten den brief tuco

471 3249 2125 299 lasten heden den laesten dagh nevene den so om

470 3371 2015 265 da gequittantiert ende door mij  voor ue

473 3434 2115 301 niet voldaen van s £150 a N 36: siolaems £275

477 3605 2078 158 2:6 als oock ue reet com waer bij tot saldo in mij

2798 49 2190 134 de bet is £216:16:1 vlaems wess soo als ue heden op

2799 140 2189 160 op nicuwe recte debeteeren bidden de het selve conform

2769 227 2203 192 te doen alsoo niet en tweijffele ofte ue sal deselve

2804 324 2183 181 d'acore bevinden int opnemen van de partijen waer

2793 428 2176 180 van ue rovisie ic hebbe mij met grepen met het

2784 523 2218 236 saldo van voorleden jaer £681:40 echte het ener

2813 630 2167 196 de moeyte niet weest om de reck daer om tever

2791 731 2181 208 anderen twijffele niet oft ue sal alsoo aprobe

3282 856 129 107 ƒ9

2794 852 2148 212 ren Ick hude mijn gesonden brefie geaccep

2781 974 2212 201 seert verwaght ingesloeten eene tie laste waer

2812 1025 2141 274 gelieve mij die te saemen in antwoort desen

2851 1167 2138 204 af te senden wanten can mijnen vrint tos kende

2837 1248 2141 230 al een niet beantworden aenden de hende het

2836 1388 2094 236 taligh en voorsoedigh aenstaende ecuwe

2838 1514 1614 235 jaer niet veele volgende lijve

3115 1649 1250 186 Ad maiorein Des

3316 1744 1089 156 Des parcqu CBingimis

3470 1862 414 192 marie

3911 1944 616 193 Ariam

3032 1957 877 189 dhone nem et

3411 2057 770 201 Anno Domini

3414 2222 566 162 15:38

2731 2279 2152 243 Ghindt JB de Snddelaer  Ady 4 Janmaris 1720

2814 2373 2147 165 het is mij lief te sien bij ue aengenaeme 2 deser ue de

2816 2511 2099 167 gesondene resend. cout d'accord hadde bevonden ende

2819 2625 2183 159 genoreertimy op nieuwe crediteerende £240:163 bedanck

2831 2682 2050 132 ue voor de genoemene moeyte van de twee briefvens

2811 2779 1825 135 die geaccepteert teruyghe hebbe ontfangen

2817 2858 2169 182 ue remitteert my voor sijn reken. op Jacobus de Coninck

2799 2965 2063 160 ƒ852:-  sicht op nanuwelaerts en Bloemaertt

2836 3066 2080 166 van 5 gber 2 usos £100:- dat geloove protest

2807 3155 2132 199 sal wesen en op Authoine hellin ƒ546:2 courant

2780 3269 2152 187 gelde iy bet dato sal voor dien in dander

2835 3371 2088 170 het noodigh procureeren nota maekende der

2779 3473 2096 197 twee briefkens toen laste ende door ue geaccepteert

2822 3581 1886 207 bij mij addres ue groetende blijvve
