5176 3877
547 95 2142 147 draeghen en al oft ue meester van ops geavanceerdes

559 201 1962 162 penningen voor altoos waere. ick in cass niet

569 284 2076 147 anders meeden oft discreten voorssgaen als wij tot

568 390 2146 174 noch toe gedaen hebben en ue gelieve onns perninge

553 501 1969 103 oft geaccepteerde brieven onder anders voor

565 577 2111 160 8 en de charge brief op de staeten van brabant

606 679 2075 150 volgens oock ij schriftelijcke beloften p eesten

566 794 2114 171 te besorghen en coemen afsckenen oft wij moeten

584 888 1915 201 noostaekelijck andere middeley dette e

592 1014 1889 171 ue d. dwincken. het haeren dat ue mj

596 1126 2077 172 causeert is on beschryfeljek want ue red

589 1233 2030 181 N185 a n uy spoetigh en buynen alles gebruyk

575 1331 2033 170 noopende de lijkenton op den lande van

602 1425 1966 185 Aelst fijn wij noch on betaelt vat ion Jamarss

603 1540 2004 127 gevallen ditto heerey en roeten met segghet

594 1663 1902 124 dat die moesten betaelt sijn maer moeten

592 1754 1908 139 sorghen dat die betaelt wirden en ops addres

615 1867 1858 168 geven waer saerlijckx de croisen moeten

580 1937 1917 182 betaelt worden het doet het crediet seer

601 2060 1789 148 vermeerderen voort eerste jaer sulcken

617 2167 1941 131 rescontre te hebben de brieven sijn geteckent

604 2284 1845 105 door de buiddere en van gperseele ende ue

613 2353 1899 169 quiltantie door Ignace vilan daer ue bidde

578 2463 1867 181 voorsorghe te draeghen opdat wij moogen

639 2594 1930 121 weeten niet allelst vooor in maer oock voort

614 2673 1949 186 toekaemende waer ons te addresseeren

617 2787 1861 184 verders dat den grede di win ons danse

623 2910 2018 143 acceptaties voor de ƒ17918 gllycqque me

625 2989 2065 167 voun de landen van  ons prasig

594 3074 1313 200 atsend en soo blijve

561 3191 2109 199 Ghendt JB de Saedelaer me Ady 18 Julis 1722

615 3321 1918 168 ue missse dato 14 contant is mij wel geworden

617 3418 1974 159 met remise p. sicht £500:- op de wedus An

624 3521 1935 180 Janis waer van acceptalie hebbe gevoordert

649 3618 1858 160 oock ne voorige remibes als optranc de Rog

632 3708 1869 115 1n Amsterd P 500:- a 517 banco £243:13-

2774 64 2159 221 sprete vlaems £245:5:6 ende de ƒ800: hollants

2774 186 2173 181 onf. op sverart purgert en soon aƒ 4 ½pret £128:1:-

2779 278 2151 214 getrocken ick sien ue iets van het swert laeken

2786 347 2187 250 vercogtt heeft ick verlange maer naer een eynde

2803 477 1973 171 en ue sal my plaiser doen. voort gene e my

2783 538 2178 231 versocht en can ue ommoogelijck niet toestaelt

2770 664 2230 263 bij dese confuneture want ick hebbe soo veel esxploge

2779 772 2121 243 gedaen en ben met vrinden in assoerate dat ick

2774 887 2197 238 p eersten selfs andere vrinden sal moeter versoeken

2771 1002 2010 210 het gene ue van my vraeght en soo blijve

2766 1110 1970 200 Ghendt 113 de Saedelaer Ady 21  1722

2792 1208 2075 248 ip 18 deser was mijnen laessen waer aen mey

2769 1336 2181 221 adraeghe desen tot convert van den wisselbrief

2800 1429 2172 185 mes laste heden door mij voor ue Reken voldaen

2786 1566 2161 183 11 £130:- a ƒ36:1 vlaems £234:10: 10 waer

2809 1676 1825 173 voor mij gelieve te crediteeren: beven

2788 1777 2048 172 hendt rancoiszeraers Ady 24 detto 1722

2803 1844 2156 210 ue df mussive duto 19 deser un Brussel is my behandight

2809 1957 2040 166 ue gelieve te melier dat ue devoiren genoch doet die

2804 2047 2074 192 wille ick gelooven maer het sijn ne. en et onse

2790 2144 2135 180 affe reelt het gene ue doet doet e voor sich scken

2792 2229 2190 193 en wij ue plaser met soo groote patientie te hebben

2786 2374 2168 160 want voor waer met savorabelder occasien

2804 2460 2195 179 moet as segghen be manquement van penningen

2796 2570 2127 145 met enwoorte het geut moet rouleeen ende

2782 2641 2151 191 contracten moeters geobserveert worden:

2795 2736 2197 175 sendt ons ven boece du win vrer brieven geaccet

2795 2841 2134 187 teert voor die van den laude van  uwens

2785 2953 2172 109 coordonnantse an ƒ17882:- door den heer van

2810 3045 2161 165 leveren op de selfde landen en heeft in geprocken

2789 3129 2216 175 sijn gegeven rversael wanneer sal nme deer

2795 3238 2205 169 een eynde van coemen en wat sullen wij daer

2804 3345 2189 175 mede maekene oock noopende den geacceptier

2803 3422 2147 195 aen de charge brief  5sooo voer de leden

2792 3540 2040 172 van vlaenderen n byt het jaelveoopen

2822 3571 2201 219 ue selt wat dat ick niet sonder reden en claee

2831 3725 2125 85 cos te rekenen me e nt schap
