<?xml version="1.0" encoding="UTF-8"?>
<alto xmlns:xsi="http://www.w3.org/2001/XMLSchema-instance"
      xmlns="http://www.loc.gov/standards/alto/ns-v4#"
      xmlns:page="http://schema.primaresearch.org/PAGE/gts/pagecontent/2013-07-15"
      xsi:schemaLocation="http://www.loc.gov/standards/alto/ns-v4# https://www.loc.gov/standards/alto/v4/alto.xsd">
   <Description>
      <MeasurementUnit>pixel</MeasurementUnit>
      <OCRProcessing ID="IdOcr">
         <ocrProcessingStep>
            <processingDateTime>2022-02-11T21:34:06.267+01:00</processingDateTime>
            <processingSoftware>
               <softwareCreator>READ COOP</softwareCreator>
               <softwareName>Transkribus</softwareName>
            </processingSoftware>
         </ocrProcessingStep>
      </OCRProcessing>
   </Description>
   <Layout>
      <Page ID="Page1" PHYSICAL_IMG_NR="1" HEIGHT="3897" WIDTH="5079">
         <TopMargin HEIGHT="0" WIDTH="5079" VPOS="0" HPOS="0"/>
         <LeftMargin HEIGHT="3897" WIDTH="0" VPOS="0" HPOS="0"/>
         <RightMargin HEIGHT="3897" WIDTH="0" VPOS="0" HPOS="5079"/>
         <BottomMargin HEIGHT="0" WIDTH="5079" VPOS="3897" HPOS="0"/>
         <PrintSpace HEIGHT="3897" WIDTH="5079" VPOS="0" HPOS="0">
            <TextBlock ID="region_1644326978009_10145"
                       HEIGHT="3799"
                       WIDTH="2199"
                       VPOS="52"
                       HPOS="579">
               <Shape>
                  <Polygon POINTS="579,52 2778,52 2778,3851 579,3851"/>
               </Shape>
               <TextLine ID="region_1644326978009_10145l1"
                         BASELINE="746,208 839,208 933,208 1027,208 1121,210 1215,214 1309,216 1403,220 1497,224 1591,228 1685,231 1778,235 1872,238 1966,242 2060,246 2154,248 2248,250 2342,252 2436,252 2530,250 2624,250"
                         HEIGHT="208"
                         WIDTH="1907"
                         VPOS="114"
                         HPOS="731">
                  <String ID="string_region_1644326978009_10145l1"
                          HEIGHT="208"
                          WIDTH="1907"
                          VPOS="114"
                          HPOS="731"
                          CONTENT="cet commissiont. i me pouvez pas les"/>
               </TextLine>
               <TextLine ID="region_1644326978009_10145l2"
                         BASELINE="728,318 828,317 928,318 1028,322 1128,325 1229,329 1329,335 1429,340 1529,346 1629,352 1730,356 1830,360 1930,364 2030,366 2130,368 2231,366 2331,364 2431,361 2531,354 2631,345 2732,332"
                         HEIGHT="180"
                         WIDTH="2034"
                         VPOS="232"
                         HPOS="713">
                  <String ID="string_region_1644326978009_10145l2"
                          HEIGHT="180"
                          WIDTH="2034"
                          VPOS="232"
                          HPOS="713"
                          CONTENT="contieller den acpter. Jay celle confience que "/>
               </TextLine>
               <TextLine ID="region_1644326978009_10145l3"
                         BASELINE="730,428 822,428 914,431 1006,434 1098,438 1190,442 1282,448 1374,453 1466,458 1558,464 1650,468 1742,472 1834,476 1926,478 2018,480 2110,478 2202,478 2294,474 2386,470 2478,462 2570,452"
                         HEIGHT="168"
                         WIDTH="1869"
                         VPOS="347"
                         HPOS="717">
                  <String ID="string_region_1644326978009_10145l3"
                          HEIGHT="168"
                          WIDTH="1869"
                          VPOS="347"
                          HPOS="717"
                          CONTENT="nelckerez pas non pus. en cas qui voud"/>
               </TextLine>
               <TextLine ID="region_1644326978009_10145l4"
                         BASELINE="736,554 833,554 931,554 1028,556 1126,560 1223,562 1321,567 1418,571 1516,575 1613,578 1711,582 1808,584 1906,586 2003,586 2101,586 2198,582 2296,579 2393,572 2491,564 2588,553 2686,540"
                         HEIGHT="169"
                         WIDTH="1977"
                         VPOS="469"
                         HPOS="722">
                  <String ID="string_region_1644326978009_10145l4"
                          HEIGHT="169"
                          WIDTH="1977"
                          VPOS="469"
                          HPOS="722"
                          CONTENT="alle pmes vous aurez la bont le de nirer suis"/>
               </TextLine>
               <TextLine ID="region_1644326978009_10145l5"
                         BASELINE="736,676 828,674 920,674 1012,675 1104,676 1197,678 1289,680 1381,682 1473,684 1565,686 1658,688 1750,690 1842,690 1934,690 2026,690 2119,688 2211,684 2303,680 2395,674 2487,666 2580,656"
                         HEIGHT="119"
                         WIDTH="1871"
                         VPOS="588"
                         HPOS="723">
                  <String ID="string_region_1644326978009_10145l5"
                          HEIGHT="119"
                          WIDTH="1871"
                          VPOS="588"
                          HPOS="723"
                          CONTENT="mos a veu p caisse op au plus couste iours"/>
               </TextLine>
               <TextLine ID="region_1644326978009_10145l6"
                         BASELINE="756,780 854,781 953,782 1052,784 1150,786 1249,787 1348,789 1446,790 1545,792 1644,794 1743,795 1841,796 1940,796 2039,794 2137,794 2236,792 2335,788 2433,784 2532,778 2631,773 2730,764"
                         HEIGHT="206"
                         WIDTH="2003"
                         VPOS="666"
                         HPOS="741">
                  <String ID="string_region_1644326978009_10145l6"
                          HEIGHT="206"
                          WIDTH="2003"
                          VPOS="666"
                          HPOS="741"
                          CONTENT="et amis grant advantage possible "/>
               </TextLine>
               <TextLine ID="region_1644326978009_10145l7"
                         BASELINE="758,908 854,908 951,908 1048,908 1145,908 1242,908 1339,908 1436,908 1533,908 1630,908 1727,908 1823,908 1920,906 2017,904 2114,902 2211,900 2308,897 2405,894 2502,889 2599,883 2696,876"
                         HEIGHT="203"
                         WIDTH="1965"
                         VPOS="771"
                         HPOS="745">
                  <String ID="string_region_1644326978009_10145l7"
                          HEIGHT="203"
                          WIDTH="1965"
                          VPOS="771"
                          HPOS="745"
                          CONTENT="sast ce que ie vous recommande et dont"/>
               </TextLine>
               <TextLine ID="region_1644326978009_10145l8"
                         BASELINE="758,1022 855,1021 952,1020 1049,1019 1146,1018 1244,1018 1341,1018 1438,1018 1535,1016 1632,1016 1730,1016 1827,1016 1924,1014 2021,1012 2118,1011 2216,1008 2313,1006 2410,1003 2507,1000 2604,996 2702,990"
                         HEIGHT="156"
                         WIDTH="1971"
                         VPOS="913"
                         HPOS="744">
                  <String ID="string_region_1644326978009_10145l8"
                          HEIGHT="156"
                          WIDTH="1971"
                          VPOS="913"
                          HPOS="744"
                          CONTENT="ie seray attendant en responce de cette"/>
               </TextLine>
               <TextLine ID="region_1644326978009_10145l9"
                         BASELINE="616,1160 705,1150 794,1141 884,1134 973,1130 1063,1126 1152,1124 1241,1124 1331,1122 1420,1124 1510,1124 1599,1124 1688,1126 1778,1126 1867,1126 1957,1125 2046,1124 2135,1121 2225,1116 2314,1111 2404,1102"
                         HEIGHT="218"
                         WIDTH="1818"
                         VPOS="1013"
                         HPOS="601">
                  <String ID="string_region_1644326978009_10145l9"
                          HEIGHT="218"
                          WIDTH="1818"
                          VPOS="1013"
                          HPOS="601"
                          CONTENT="vre bon consiel et advis u surs"/>
               </TextLine>
               <TextLine ID="region_1644326978009_10145l10"
                         BASELINE="716,1260 741,1250 767,1243 792,1237 818,1233 843,1229 869,1225 894,1222 920,1218 946,1214"
                         HEIGHT="176"
                         WIDTH="280"
                         VPOS="1136"
                         HPOS="684">
                  <String ID="string_region_1644326978009_10145l10"
                          HEIGHT="176"
                          WIDTH="280"
                          VPOS="1136"
                          HPOS="684"
                          CONTENT="61t"/>
               </TextLine>
               <TextLine ID="region_1644326978009_10145l11"
                         BASELINE="716,1336 818,1322 921,1312 1023,1304 1126,1298 1228,1295 1331,1294 1433,1294 1536,1296 1638,1298 1741,1302 1843,1306 1946,1308 2048,1312 2151,1315 2253,1318 2356,1318 2458,1318 2561,1316 2663,1312 2766,1304"
                         HEIGHT="220"
                         WIDTH="2078"
                         VPOS="1163"
                         HPOS="702">
                  <String ID="string_region_1644326978009_10145l11"
                          HEIGHT="220"
                          WIDTH="2078"
                          VPOS="1163"
                          HPOS="702"
                          CONTENT="si vous estez dopinioin que les acnous pourtaes"/>
               </TextLine>
               <TextLine ID="region_1644326978009_10145l12"
                         BASELINE="756,1434 849,1426 943,1420 1037,1415 1131,1412 1225,1412 1318,1410 1412,1412 1506,1412 1600,1414 1694,1416 1787,1418 1881,1420 1975,1422 2069,1422 2163,1422 2256,1422 2350,1420 2444,1416 2538,1410 2632,1404"
                         HEIGHT="152"
                         WIDTH="1903"
                         VPOS="1295"
                         HPOS="742">
                  <String ID="string_region_1644326978009_10145l12"
                          HEIGHT="152"
                          WIDTH="1903"
                          VPOS="1295"
                          HPOS="742"
                          CONTENT="encor baisser ou diminneer en prix ie suis"/>
               </TextLine>
               <TextLine ID="region_1644326978009_10145l13"
                         BASELINE="740,1546 839,1536 939,1527 1038,1522 1138,1519 1238,1518 1337,1518 1437,1518 1536,1520 1636,1524 1736,1526 1835,1529 1935,1532 2034,1534 2134,1534 2234,1534 2333,1532 2433,1528 2532,1522 2632,1516 2732,1504"
                         HEIGHT="190"
                         WIDTH="2018"
                         VPOS="1400"
                         HPOS="726">
                  <String ID="string_region_1644326978009_10145l13"
                          HEIGHT="190"
                          WIDTH="2018"
                          VPOS="1400"
                          HPOS="726"
                          CONTENT="content de dilayeer. mais si vous prevoyez"/>
               </TextLine>
               <TextLine ID="region_1644326978009_10145l14"
                         BASELINE="750,1654 841,1644 932,1637 1023,1632 1114,1628 1205,1627 1296,1626 1387,1626 1478,1628 1569,1630 1660,1632 1751,1636 1842,1638 1933,1640 2024,1642 2115,1642 2206,1642 2297,1641 2388,1639 2479,1634 2570,1628"
                         HEIGHT="202"
                         WIDTH="1846"
                         VPOS="1525"
                         HPOS="736">
                  <String ID="string_region_1644326978009_10145l14"
                          HEIGHT="202"
                          WIDTH="1846"
                          VPOS="1525"
                          HPOS="736"
                          CONTENT="quils pourroient hausser tacht de "/>
               </TextLine>
               <TextLine ID="region_1644326978009_10145l15"
                         BASELINE="736,1772 835,1759 934,1750 1033,1743 1132,1738 1231,1734 1330,1734 1429,1734 1528,1734 1627,1736 1727,1738 1826,1740 1925,1742 2024,1744 2123,1746 2222,1746 2321,1746 2420,1744 2519,1740 2618,1734 2718,1726"
                         HEIGHT="199"
                         WIDTH="2010"
                         VPOS="1627"
                         HPOS="722">
                  <String ID="string_region_1644326978009_10145l15"
                          HEIGHT="199"
                          WIDTH="2010"
                          VPOS="1627"
                          HPOS="722"
                          CONTENT="profiter pour moy de loccasion enfinge "/>
               </TextLine>
               <TextLine ID="region_1644326978009_10145l16"
                         BASELINE="724,1876 820,1866 916,1857 1012,1852 1108,1846 1204,1844 1300,1842 1396,1842 1492,1843 1588,1844 1685,1846 1781,1848 1877,1850 1973,1850 2069,1852 2165,1852 2261,1852 2357,1850 2453,1847 2549,1840 2646,1834"
                         HEIGHT="167"
                         WIDTH="1949"
                         VPOS="1734"
                         HPOS="710">
                  <String ID="string_region_1644326978009_10145l16"
                          HEIGHT="167"
                          WIDTH="1949"
                          VPOS="1734"
                          HPOS="710"
                          CONTENT="1 me repotse sur vous et ie laiste le tous "/>
               </TextLine>
               <TextLine ID="region_1644326978009_10145l17"
                         BASELINE="712,1986 778,1979 844,1974 910,1969 976,1964 1042,1962 1108,1957 1174,1954 1240,1952 1306,1950 1372,1948 1438,1948 1504,1948 1570,1946 1636,1946 1702,1946 1768,1946 1834,1946 1900,1948 1966,1948 2032,1948"
                         HEIGHT="158"
                         WIDTH="1349"
                         VPOS="1852"
                         HPOS="697">
                  <String ID="string_region_1644326978009_10145l17"
                          HEIGHT="158"
                          WIDTH="1349"
                          VPOS="1852"
                          HPOS="697"
                          CONTENT="a vre direction le furt e"/>
               </TextLine>
               <TextLine ID="region_1644326978009_10145l18"
                         BASELINE="692,2102 794,2090 897,2081 999,2074 1102,2070 1204,2068 1307,2066 1409,2068 1512,2070 1614,2072 1717,2075 1819,2078 1922,2080 2024,2082 2127,2084 2229,2084 2332,2082 2434,2080 2537,2075 2639,2067 2742,2056"
                         HEIGHT="192"
                         WIDTH="2078"
                         VPOS="1954"
                         HPOS="677">
                  <String ID="string_region_1644326978009_10145l18"
                          HEIGHT="192"
                          WIDTH="2078"
                          VPOS="1954"
                          HPOS="677"
                          CONTENT="Brussel Jannes haegheus Ady 9 Anril 172"/>
               </TextLine>
               <TextLine ID="region_1644326978009_10145l19"
                         BASELINE="704,2214 802,2204 900,2196 998,2192 1096,2190 1194,2190 1292,2192 1390,2194 1488,2196 1586,2202 1685,2206 1783,2209 1881,2214 1979,2216 2077,2218 2175,2220 2273,2218 2371,2214 2469,2210 2567,2201 2666,2188"
                         HEIGHT="219"
                         WIDTH="1991"
                         VPOS="2061"
                         HPOS="691">
                  <String ID="string_region_1644326978009_10145l19"
                          HEIGHT="219"
                          WIDTH="1991"
                          VPOS="2061"
                          HPOS="691"
                          CONTENT="volgens mijn bief dato 3 courent hebb ck "/>
               </TextLine>
               <TextLine ID="region_1644326978009_10145l20"
                         BASELINE="724,2304 820,2300 916,2298 1012,2298 1109,2299 1205,2300 1301,2302 1398,2304 1494,2308 1590,2310 1687,2313 1783,2316 1879,2316 1975,2318 2072,2318 2168,2316 2264,2314 2361,2310 2457,2306 2553,2298 2650,2288"
                         HEIGHT="194"
                         WIDTH="1952"
                         VPOS="2182"
                         HPOS="711">
                  <String ID="string_region_1644326978009_10145l20"
                          HEIGHT="194"
                          WIDTH="1952"
                          VPOS="2182"
                          HPOS="711"
                          CONTENT="verwaght dat ue den minster hoyde "/>
               </TextLine>
               <TextLine ID="region_1644326978009_10145l21"
                         BASELINE="740,2416 840,2410 940,2408 1040,2406 1140,2406 1240,2406 1340,2408 1440,2410 1540,2412 1640,2414 1740,2416 1840,2418 1940,2420 2040,2420 2140,2420 2240,2418 2340,2414 2440,2410 2540,2404 2640,2394 2740,2384"
                         HEIGHT="198"
                         WIDTH="2027"
                         VPOS="2293"
                         HPOS="727">
                  <String ID="string_region_1644326978009_10145l21"
                          HEIGHT="198"
                          WIDTH="2027"
                          VPOS="2293"
                          HPOS="727"
                          CONTENT="volbracht hebben dat ue mij selfs versockt"/>
               </TextLine>
               <TextLine ID="region_1644326978009_10145l22"
                         BASELINE="734,2526 830,2518 927,2513 1024,2510 1121,2508 1218,2508 1314,2509 1411,2511 1508,2514 1605,2516 1702,2518 1798,2520 1895,2522 1992,2522 2089,2522 2186,2520 2282,2517 2379,2512 2476,2503 2573,2493 2670,2480"
                         HEIGHT="171"
                         WIDTH="1965"
                         VPOS="2427"
                         HPOS="719">
                  <String ID="string_region_1644326978009_10145l22"
                          HEIGHT="171"
                          WIDTH="1965"
                          VPOS="2427"
                          HPOS="719"
                          CONTENT="heeft voor soo veel ick ue toestaen dat ue"/>
               </TextLine>
               <TextLine ID="region_1644326978009_10145l23"
                         BASELINE="716,2640 816,2630 917,2624 1017,2619 1118,2616 1218,2616 1319,2616 1419,2616 1520,2618 1620,2620 1721,2622 1821,2624 1922,2626 2022,2626 2123,2624 2223,2622 2324,2618 2424,2611 2525,2603 2625,2591 2726,2576"
                         HEIGHT="177"
                         WIDTH="2038"
                         VPOS="2506"
                         HPOS="702">
                  <String ID="string_region_1644326978009_10145l23"
                          HEIGHT="177"
                          WIDTH="2038"
                          VPOS="2506"
                          HPOS="702"
                          CONTENT="nhy vraeghez en evenwel en oer het e"/>
               </TextLine>
               <TextLine ID="region_1644326978009_10145l24"
                         BASELINE="740,2742 830,2736 921,2732 1011,2729 1102,2727 1193,2726 1283,2726 1374,2726 1464,2726 1555,2728 1646,2728 1736,2730 1827,2730 1917,2730 2008,2730 2099,2728 2189,2726 2280,2722 2370,2716 2461,2710 2552,2702"
                         HEIGHT="196"
                         WIDTH="1841"
                         VPOS="2606"
                         HPOS="725">
                  <String ID="string_region_1644326978009_10145l24"
                          HEIGHT="196"
                          WIDTH="1841"
                          VPOS="2606"
                          HPOS="725"
                          CONTENT="niet dat my chaerinnant vs enseer"/>
               </TextLine>
               <TextLine ID="region_1644326978009_10145l25"
                         BASELINE="740,2850 839,2842 938,2837 1037,2832 1137,2830 1236,2828 1335,2828 1435,2828 1534,2828 1633,2830 1733,2830 1832,2832 1931,2832 2030,2832 2130,2831 2229,2830 2328,2826 2428,2822 2527,2816 2626,2808 2726,2798"
                         HEIGHT="183"
                         WIDTH="2014"
                         VPOS="2715"
                         HPOS="727">
                  <String ID="string_region_1644326978009_10145l25"
                          HEIGHT="183"
                          WIDTH="2014"
                          VPOS="2715"
                          HPOS="727"
                          CONTENT="verwondert reden ick ue noch eens schrijve"/>
               </TextLine>
               <TextLine ID="region_1644326978009_10145l26"
                         BASELINE="732,2968 830,2958 928,2949 1026,2943 1125,2938 1223,2936 1321,2934 1420,2932 1518,2932 1616,2932 1715,2934 1813,2934 1911,2934 2009,2934 2108,2934 2206,2931 2304,2928 2403,2922 2501,2916 2599,2907 2698,2896"
                         HEIGHT="170"
                         WIDTH="1994"
                         VPOS="2820"
                         HPOS="717">
                  <String ID="string_region_1644326978009_10145l26"
                          HEIGHT="170"
                          WIDTH="1994"
                          VPOS="2820"
                          HPOS="717"
                          CONTENT="oiddeule my niet qualijck te beloonen"/>
               </TextLine>
               <TextLine ID="region_1644326978009_10145l27"
                         BASELINE="744,3056 839,3050 934,3046 1029,3044 1125,3042 1220,3040 1315,3040 1411,3041 1506,3042 1601,3042 1697,3044 1792,3044 1887,3044 1982,3042 2078,3042 2173,3038 2268,3033 2364,3028 2459,3020 2554,3010 2650,2998"
                         HEIGHT="190"
                         WIDTH="1935"
                         VPOS="2920"
                         HPOS="729">
                  <String ID="string_region_1644326978009_10145l27"
                          HEIGHT="190"
                          WIDTH="1935"
                          VPOS="2920"
                          HPOS="729"
                          CONTENT="voor den dienst die Ick ue gedaen hebbe"/>
               </TextLine>
               <TextLine ID="region_1644326978009_10145l28"
                         BASELINE="712,3168 791,3161 871,3153 950,3149 1030,3145 1110,3144 1189,3142 1269,3142 1348,3142 1428,3144 1508,3144 1587,3146 1667,3148 1746,3149 1826,3150 1906,3150 1985,3148 2065,3147 2144,3144 2224,3139 2304,3134"
                         HEIGHT="175"
                         WIDTH="1620"
                         VPOS="3042"
                         HPOS="698">
                  <String ID="string_region_1644326978009_10145l28"
                          HEIGHT="175"
                          WIDTH="1620"
                          VPOS="3042"
                          HPOS="698"
                          CONTENT="nochte mij langers te traineeren"/>
               </TextLine>
               <TextLine ID="region_1644326978009_10145l29"
                         BASELINE="754,3254 851,3250 948,3246 1045,3244 1143,3242 1240,3242 1337,3242 1435,3242 1532,3242 1629,3242 1727,3242 1824,3242 1921,3242 2018,3240 2116,3238 2213,3234 2310,3231 2408,3226 2505,3218 2602,3209 2700,3200"
                         HEIGHT="176"
                         WIDTH="1974"
                         VPOS="3127"
                         HPOS="739">
                  <String ID="string_region_1644326978009_10145l29"
                          HEIGHT="176"
                          WIDTH="1974"
                          VPOS="3127"
                          HPOS="739"
                          CONTENT="verwaghtende dan het versochte blijve"/>
               </TextLine>
               <TextLine ID="region_1644326978009_10145l30"
                         BASELINE="648,3360 744,3358 841,3356 938,3355 1034,3354 1131,3354 1228,3354 1324,3354 1421,3354 1518,3354 1615,3356 1711,3356 1808,3354 1905,3354 2001,3354 2098,3352 2195,3350 2291,3348 2388,3346 2485,3341 2582,3336"
                         HEIGHT="174"
                         WIDTH="1962"
                         VPOS="3240"
                         HPOS="633">
                  <String ID="string_region_1644326978009_10145l30"
                          HEIGHT="174"
                          WIDTH="1962"
                          VPOS="3240"
                          HPOS="633"
                          CONTENT="ghet Jde saedelair Ady 12 April 1711"/>
               </TextLine>
               <TextLine ID="region_1644326978009_10145l31"
                         BASELINE="678,3476 773,3470 868,3466 963,3462 1058,3460 1153,3458 1248,3458 1343,3458 1438,3458 1533,3459 1629,3460 1724,3462 1819,3462 1914,3464 2009,3464 2104,3464 2199,3464 2294,3462 2389,3460 2484,3456 2580,3452"
                         HEIGHT="170"
                         WIDTH="1930"
                         VPOS="3354"
                         HPOS="664">
                  <String ID="string_region_1644326978009_10145l31"
                          HEIGHT="170"
                          WIDTH="1930"
                          VPOS="3354"
                          HPOS="664"
                          CONTENT="ud van 6 cour. wel ontfangen met remise op"/>
               </TextLine>
               <TextLine ID="region_1644326978009_10145l32"
                         BASELINE="698,3568 797,3564 897,3562 997,3560 1097,3560 1197,3558 1296,3558 1396,3558 1496,3560 1596,3560 1696,3560 1795,3560 1895,3560 1995,3560 2095,3560 2195,3558 2294,3556 2394,3552 2494,3549 2594,3544 2694,3536"
                         HEIGHT="121"
                         WIDTH="2024"
                         VPOS="3475"
                         HPOS="683">
                  <String ID="string_region_1644326978009_10145l32"
                          HEIGHT="121"
                          WIDTH="2024"
                          VPOS="3475"
                          HPOS="683"
                          CONTENT="Momas Gillet ƒ 4000- waer van volgaen ban "/>
               </TextLine>
               <TextLine ID="region_1644326978009_10145l33"
                         BASELINE="698,3660 798,3659 899,3658 999,3656 1100,3656 1200,3656 1301,3656 1401,3656 1502,3658 1602,3658 1703,3658 1803,3658 1904,3658 2004,3658 2105,3658 2205,3658 2306,3656 2406,3654 2507,3652 2607,3648 2708,3644"
                         HEIGHT="147"
                         WIDTH="2038"
                         VPOS="3554"
                         HPOS="684">
                  <String ID="string_region_1644326978009_10145l33"
                          HEIGHT="147"
                          WIDTH="2038"
                          VPOS="3554"
                          HPOS="684"
                          CONTENT="Engestoeten den brief ien laste ses £100: ƒ 134:8"/>
               </TextLine>
               <TextLine ID="region_1644326978009_10145l34"
                         BASELINE="714,3750 804,3750 895,3748 985,3748 1076,3748 1166,3748 1257,3748 1347,3748 1438,3748 1528,3748 1619,3748 1709,3748 1800,3748 1890,3750 1981,3750 2071,3750 2162,3750 2252,3752 2343,3752 2433,3752 2524,3752"
                         HEIGHT="158"
                         WIDTH="1838"
                         VPOS="3642"
                         HPOS="700">
                  <String ID="string_region_1644326978009_10145l34"
                          HEIGHT="158"
                          WIDTH="1838"
                          VPOS="3642"
                          HPOS="700"
                          CONTENT="heden door mij voor ue &amp; reken. voldaen vlaem"/>
               </TextLine>
               <TextLine ID="region_1644326978009_10145l35"
                         BASELINE="706,3814 808,3816 911,3818 1013,3820 1116,3822 1218,3822 1321,3824 1423,3824 1526,3824 1628,3826 1731,3826 1833,3826 1936,3826 2038,3824 2141,3824 2243,3824 2346,3824 2448,3824 2551,3824 2653,3824 2756,3824"
                         HEIGHT="94"
                         WIDTH="2078"
                         VPOS="3755"
                         HPOS="693">
                  <String ID="string_region_1644326978009_10145l35"
                          HEIGHT="94"
                          WIDTH="2078"
                          VPOS="3755"
                          HPOS="693"
                          CONTENT="wisselgelde £173: 6:8 waer voor mij de credoteeren"/>
               </TextLine>
            </TextBlock>
            <TextBlock ID="region_1644326983553_10148"
                       HEIGHT="3783"
                       WIDTH="2224"
                       VPOS="87"
                       HPOS="2817">
               <Shape>
                  <Polygon POINTS="2817,87 5041,87 5041,3870 2817,3870"/>
               </Shape>
               <TextLine ID="region_1644326983553_10148l1"
                         BASELINE="3840,258 3882,254 3924,250 3966,248 4008,244 4051,242 4093,239 4135,235 4177,234 4219,230 4262,229 4304,225 4346,224 4388,222 4430,220 4473,218 4515,216 4557,215 4599,214 4641,214 4684,212"
                         HEIGHT="191"
                         WIDTH="876"
                         VPOS="105"
                         HPOS="3823">
                  <String ID="string_region_1644326983553_10148l1"
                          HEIGHT="191"
                          WIDTH="876"
                          VPOS="105"
                          HPOS="3823"
                          CONTENT="Adij 17 Aril 16"/>
               </TextLine>
               <TextLine ID="region_1644326983553_10148l2"
                         BASELINE="2824,308 2858,300 2893,291 2927,284 2962,278 2996,273 3031,268 3065,265 3100,262 3134,261 3169,258 3203,257 3238,256 3272,255 3307,254 3341,253 3376,252 3410,252 3445,250 3479,248 3514,246"
                         HEIGHT="209"
                         WIDTH="722"
                         VPOS="147"
                         HPOS="2807">
                  <String ID="string_region_1644326983553_10148l2"
                          HEIGHT="209"
                          WIDTH="722"
                          VPOS="147"
                          HPOS="2807"
                          CONTENT="ndont Janiel hays"/>
               </TextLine>
               <TextLine ID="region_1644326983553_10148l3"
                         BASELINE="2834,410 2937,395 3040,383 3143,374 3246,367 3349,360 3452,356 3555,354 3658,351 3761,350 3864,350 3967,348 4070,348 4173,348 4276,348 4379,346 4482,344 4585,341 4688,335 4791,331 4894,322"
                         HEIGHT="189"
                         WIDTH="2092"
                         VPOS="245"
                         HPOS="2817">
                  <String ID="string_region_1644326983553_10148l3"
                          HEIGHT="189"
                          WIDTH="2092"
                          VPOS="245"
                          HPOS="2817"
                          CONTENT="ie vous ay te seript lay du courant e prie de voulois"/>
               </TextLine>
               <TextLine ID="region_1644326983553_10148l4"
                         BASELINE="2834,522 2935,507 3037,496 3139,488 3241,481 3343,475 3444,472 3546,470 3648,468 3750,466 3852,466 3953,466 4055,466 4157,464 4259,462 4361,459 4462,454 4564,448 4666,440 4768,430 4870,416"
                         HEIGHT="209"
                         WIDTH="2065"
                         VPOS="339"
                         HPOS="2817">
                  <String ID="string_region_1644326983553_10148l4"
                          HEIGHT="209"
                          WIDTH="2065"
                          VPOS="339"
                          HPOS="2817"
                          CONTENT="pyailer le mieux possible et achepper quant vous"/>
               </TextLine>
               <TextLine ID="region_1644326983553_10148l5"
                         BASELINE="2842,622 2941,613 3041,604 3141,598 3241,594 3341,591 3440,590 3540,588 3640,588 3740,588 3840,588 3939,588 4039,586 4139,584 4239,580 4339,576 4438,568 4538,560 4638,548 4738,534 4838,516"
                         HEIGHT="228"
                         WIDTH="2025"
                         VPOS="453"
                         HPOS="2827">
                  <String ID="string_region_1644326983553_10148l5"
                          HEIGHT="228"
                          WIDTH="2025"
                          VPOS="453"
                          HPOS="2827"
                          CONTENT="sere que les fauds sont au lus bas prix pour"/>
               </TextLine>
               <TextLine ID="region_1644326983553_10148l6"
                         BASELINE="2834,728 2934,718 3034,712 3134,707 3234,703 3334,700 3434,698 3534,698 3634,698 3734,698 3834,698 3934,696 4034,696 4134,693 4234,690 4334,686 4434,679 4534,670 4634,659 4734,646 4834,630"
                         HEIGHT="185"
                         WIDTH="2030"
                         VPOS="586"
                         HPOS="2819">
                  <String ID="string_region_1644326983553_10148l6"
                          HEIGHT="185"
                          WIDTH="2030"
                          VPOS="586"
                          HPOS="2819"
                          CONTENT="mon compme  £500:- alvous deila banque en "/>
               </TextLine>
               <TextLine ID="region_1644326983553_10148l7"
                         BASELINE="2818,838 2920,830 3022,823 3124,820 3226,816 3329,814 3431,812 3533,812 3635,810 3737,810 3840,810 3942,808 4044,807 4146,804 4248,801 4351,795 4453,788 4555,779 4657,767 4759,754 4862,736"
                         HEIGHT="182"
                         WIDTH="2072"
                         VPOS="695"
                         HPOS="2803">
                  <String ID="string_region_1644326983553_10148l7"
                          HEIGHT="182"
                          WIDTH="2072"
                          VPOS="695"
                          HPOS="2803"
                          CONTENT="fin que vous n'auriez pas d'ordres liniices ie "/>
               </TextLine>
               <TextLine ID="region_1644326983553_10148l8"
                         BASELINE="2822,952 2929,944 3036,936 3144,930 3251,926 3359,922 3466,920 3573,918 3681,918 3788,918 3896,916 4003,916 4110,916 4218,914 4325,912 4433,909 4540,904 4647,898 4755,891 4862,883 4970,870"
                         HEIGHT="261"
                         WIDTH="2179"
                         VPOS="768"
                         HPOS="2805">
                  <String ID="string_region_1644326983553_10148l8"
                          HEIGHT="261"
                          WIDTH="2179"
                          VPOS="768"
                          HPOS="2805"
                          CONTENT="vous ar marque d'entre le cent es trente a quaran"/>
               </TextLine>
               <TextLine ID="region_1644326983553_10148l9"
                         BASELINE="2826,1074 2933,1060 3041,1049 3148,1040 3256,1034 3364,1030 3471,1026 3579,1026 3686,1024 3794,1024 3902,1026 4009,1026 4117,1026 4224,1024 4332,1022 4440,1019 4547,1014 4655,1007 4762,998 4870,986 4978,970"
                         HEIGHT="236"
                         WIDTH="2180"
                         VPOS="905"
                         HPOS="2812">
                  <String ID="string_region_1644326983553_10148l9"
                          HEIGHT="236"
                          WIDTH="2180"
                          VPOS="905"
                          HPOS="2812"
                          CONTENT="qi'excedant pas laissant le toute a vre lemiment"/>
               </TextLine>
               <TextLine ID="region_1644326983553_10148l10"
                         BASELINE="2830,1178 2934,1167 3038,1157 3143,1150 3247,1144 3352,1140 3456,1136 3560,1134 3665,1134 3769,1132 3874,1132 3978,1132 4082,1132 4187,1130 4291,1128 4396,1126 4500,1122 4604,1116 4709,1108 4813,1099 4918,1088"
                         HEIGHT="192"
                         WIDTH="2117"
                         VPOS="1033"
                         HPOS="2815">
                  <String ID="string_region_1644326983553_10148l10"
                          HEIGHT="192"
                          WIDTH="2117"
                          VPOS="1033"
                          HPOS="2815"
                          CONTENT="et ne reposant sur vous en esperence que ferez"/>
               </TextLine>
               <TextLine ID="region_1644326983553_10148l11"
                         BASELINE="2834,1296 2940,1281 3046,1269 3152,1259 3258,1253 3365,1246 3471,1243 3577,1240 3683,1240 3789,1238 3896,1238 4002,1240 4108,1240 4214,1238 4320,1238 4427,1236 4533,1232 4639,1228 4745,1221 4851,1212 4958,1200"
                         HEIGHT="202"
                         WIDTH="2152"
                         VPOS="1152"
                         HPOS="2819">
                  <String ID="string_region_1644326983553_10148l11"
                          HEIGHT="202"
                          WIDTH="2152"
                          VPOS="1152"
                          HPOS="2819"
                          CONTENT="comme pour vos propres interests soitd achepter "/>
               </TextLine>
               <TextLine ID="region_1644326983553_10148l12"
                         BASELINE="2880,1392 2983,1382 3087,1374 3191,1368 3294,1362 3398,1358 3502,1354 3605,1352 3709,1350 3813,1350 3917,1348 4020,1348 4124,1346 4228,1346 4331,1344 4435,1342 4539,1340 4642,1336 4746,1331 4850,1326 4954,1318"
                         HEIGHT="154"
                         WIDTH="2103"
                         VPOS="1245"
                         HPOS="2865">
                  <String ID="string_region_1644326983553_10148l12"
                          HEIGHT="154"
                          WIDTH="2103"
                          VPOS="1245"
                          HPOS="2865"
                          CONTENT="ou de n en poinst achepter si nele trouvez pas "/>
               </TextLine>
               <TextLine ID="region_1644326983553_10148l13"
                         BASELINE="2858,1502 2959,1493 3060,1486 3161,1479 3262,1474 3363,1470 3464,1466 3565,1464 3666,1462 3767,1460 3868,1460 3969,1458 4070,1457 4171,1456 4272,1454 4373,1452 4474,1450 4575,1448 4676,1444 4777,1439 4878,1434"
                         HEIGHT="240"
                         WIDTH="2049"
                         VPOS="1323"
                         HPOS="2844">
                  <String ID="string_region_1644326983553_10148l13"
                          HEIGHT="240"
                          WIDTH="2049"
                          VPOS="1323"
                          HPOS="2844"
                          CONTENT="Rousiellable sur cela nous avons receu des "/>
               </TextLine>
               <TextLine ID="region_1644326983553_10148l14"
                         BASELINE="3762,1522 3787,1522 3813,1520 3839,1520 3865,1520 3890,1520 3916,1519 3942,1518 3968,1518 3993,1518 4019,1517 4045,1516 4071,1516 4096,1514 4122,1513 4148,1512 4174,1510"
                         HEIGHT="105"
                         WIDTH="440"
                         VPOS="1455"
                         HPOS="3747">
                  <String ID="string_region_1644326983553_10148l14"
                          HEIGHT="105"
                          WIDTH="440"
                          VPOS="1455"
                          HPOS="3747"
                          CONTENT="24 mar"/>
               </TextLine>
               <TextLine ID="region_1644326983553_10148l15"
                         BASELINE="2862,1608 2959,1600 3057,1593 3154,1588 3252,1584 3350,1582 3447,1580 3545,1578 3642,1578 3740,1578 3838,1578 3935,1578 4033,1578 4130,1576 4228,1574 4326,1570 4423,1566 4521,1561 4618,1553 4716,1542 4814,1530"
                         HEIGHT="196"
                         WIDTH="1982"
                         VPOS="1448"
                         HPOS="2846">
                  <String ID="string_region_1644326983553_10148l15"
                          HEIGHT="196"
                          WIDTH="1982"
                          VPOS="1448"
                          HPOS="2846"
                          CONTENT="lettres de londres dir 4 courant lesquelles "/>
               </TextLine>
               <TextLine ID="region_1644326983553_10148l16"
                         BASELINE="2866,1714 2964,1708 3062,1704 3161,1700 3259,1698 3358,1696 3456,1694 3554,1692 3653,1692 3751,1692 3850,1690 3948,1688 4046,1688 4145,1684 4243,1682 4342,1678 4440,1672 4538,1667 4637,1659 4735,1650 4834,1640"
                         HEIGHT="200"
                         WIDTH="1998"
                         VPOS="1560"
                         HPOS="2851">
                  <String ID="string_region_1644326983553_10148l16"
                          HEIGHT="200"
                          WIDTH="1998"
                          VPOS="1560"
                          HPOS="2851"
                          CONTENT="marquent que sur la resolution que les"/>
               </TextLine>
               <TextLine ID="region_1644326983553_10148l17"
                         BASELINE="2840,1832 2946,1824 3052,1819 3158,1816 3265,1812 3371,1810 3477,1808 3584,1806 3690,1804 3796,1804 3903,1802 4009,1800 4115,1798 4221,1796 4328,1792 4434,1787 4540,1780 4647,1774 4753,1765 4859,1755 4966,1742"
                         HEIGHT="215"
                         WIDTH="2155"
                         VPOS="1679"
                         HPOS="2824">
                  <String ID="string_region_1644326983553_10148l17"
                          HEIGHT="215"
                          WIDTH="2155"
                          VPOS="1679"
                          HPOS="2824"
                          CONTENT="direetens et intressces de la barcque ot pris"/>
               </TextLine>
               <TextLine ID="region_1644326983553_10148l18"
                         BASELINE="2876,1944 2979,1937 3083,1928 3187,1923 3291,1918 3395,1914 3498,1911 3602,1908 3706,1907 3810,1906 3914,1904 4017,1902 4121,1900 4225,1898 4329,1896 4433,1892 4536,1888 4640,1882 4744,1877 4848,1868 4952,1860"
                         HEIGHT="218"
                         WIDTH="2105"
                         VPOS="1784"
                         HPOS="2861">
                  <String ID="string_region_1644326983553_10148l18"
                          HEIGHT="218"
                          WIDTH="2105"
                          VPOS="1784"
                          HPOS="2861"
                          CONTENT="que de ne donner que pourcent de divident "/>
               </TextLine>
               <TextLine ID="region_1644326983553_10148l19"
                         BASELINE="2862,2052 2957,2044 3052,2039 3147,2034 3243,2030 3338,2028 3433,2026 3529,2024 3624,2022 3719,2022 3815,2020 3910,2020 4005,2018 4100,2016 4196,2013 4291,2010 4386,2005 4482,2000 4577,1992 4672,1983 4768,1974"
                         HEIGHT="227"
                         WIDTH="1931"
                         VPOS="1905"
                         HPOS="2848">
                  <String ID="string_region_1644326983553_10148l19"
                          HEIGHT="227"
                          WIDTH="1931"
                          VPOS="1905"
                          HPOS="2848"
                          CONTENT="pour les sinmors escheut le 25 mars les"/>
               </TextLine>
               <TextLine ID="region_1644326983553_10148l20"
                         BASELINE="2850,2156 2954,2149 3059,2143 3164,2139 3269,2136 3374,2134 3478,2132 3583,2130 3688,2130 3793,2130 3898,2128 4002,2128 4107,2125 4212,2122 4317,2118 4422,2113 4526,2106 4631,2099 4736,2088 4841,2074 4946,2060"
                         HEIGHT="208"
                         WIDTH="2123"
                         VPOS="2006"
                         HPOS="2836">
                  <String ID="string_region_1644326983553_10148l20"
                          HEIGHT="208"
                          WIDTH="2123"
                          VPOS="2006"
                          HPOS="2836"
                          CONTENT="daetions sont tombel de laditte banque a 135:"/>
               </TextLine>
               <TextLine ID="region_1644326983553_10148l21"
                         BASELINE="2900,2266 3001,2257 3103,2250 3204,2245 3306,2242 3407,2240 3509,2238 3610,2236 3712,2236 3813,2234 3915,2234 4016,2232 4118,2232 4219,2230 4321,2226 4422,2222 4524,2216 4625,2208 4727,2198 4828,2186 4930,2172"
                         HEIGHT="205"
                         WIDTH="2059"
                         VPOS="2113"
                         HPOS="2885">
                  <String ID="string_region_1644326983553_10148l21"
                          HEIGHT="205"
                          WIDTH="2059"
                          VPOS="2113"
                          HPOS="2885"
                          CONTENT="&amp; compris le divident et tomberont encor"/>
               </TextLine>
               <TextLine ID="region_1644326983553_10148l22"
                         BASELINE="2892,2366 2987,2361 3083,2356 3179,2354 3275,2352 3371,2349 3467,2347 3563,2345 3659,2343 3755,2342 3851,2340 3946,2338 4042,2334 4138,2332 4234,2328 4330,2324 4426,2318 4522,2310 4618,2303 4714,2295 4810,2284"
                         HEIGHT="195"
                         WIDTH="1946"
                         VPOS="2221"
                         HPOS="2878">
                  <String ID="string_region_1644326983553_10148l22"
                          HEIGHT="195"
                          WIDTH="1946"
                          VPOS="2221"
                          HPOS="2878"
                          CONTENT="seson toutte apparence si bien aussy les "/>
               </TextLine>
               <TextLine ID="region_1644326983553_10148l23"
                         BASELINE="2874,2482 2973,2475 3073,2467 3173,2464 3273,2459 3373,2455 3472,2452 3572,2450 3672,2448 3772,2446 3872,2444 3971,2442 4071,2439 4171,2436 4271,2431 4371,2426 4470,2418 4570,2409 4670,2397 4770,2385 4870,2370"
                         HEIGHT="218"
                         WIDTH="2021"
                         VPOS="2302"
                         HPOS="2860">
                  <String ID="string_region_1644326983553_10148l23"
                          HEIGHT="218"
                          WIDTH="2021"
                          VPOS="2302"
                          HPOS="2860"
                          CONTENT="aultres sonds s: ce la r'oblige a vous escrire"/>
               </TextLine>
               <TextLine ID="region_1644326983553_10148l24"
                         BASELINE="2874,2582 2977,2578 3081,2575 3185,2572 3289,2568 3393,2566 3496,2564 3600,2561 3704,2558 3808,2555 3912,2552 4015,2549 4119,2544 4223,2540 4327,2535 4431,2530 4534,2522 4638,2515 4742,2506 4846,2496 4950,2486"
                         HEIGHT="215"
                         WIDTH="2105"
                         VPOS="2383"
                         HPOS="2859">
                  <String ID="string_region_1644326983553_10148l24"
                          HEIGHT="215"
                          WIDTH="2105"
                          VPOS="2383"
                          HPOS="2859"
                          CONTENT="encor aujourd huy afin que vous auriez la "/>
               </TextLine>
               <TextLine ID="region_1644326983553_10148l25"
                         BASELINE="2890,2710 2989,2701 3088,2694 3187,2688 3286,2682 3386,2678 3485,2674 3584,2672 3683,2668 3782,2666 3882,2663 3981,2660 4080,2658 4179,2654 4278,2649 4378,2644 4477,2638 4576,2631 4675,2622 4774,2612 4874,2600"
                         HEIGHT="186"
                         WIDTH="2018"
                         VPOS="2545"
                         HPOS="2872">
                  <String ID="string_region_1644326983553_10148l25"
                          HEIGHT="186"
                          WIDTH="2018"
                          VPOS="2545"
                          HPOS="2872"
                          CONTENT="bontee de prendre en suitte vos mesurez"/>
               </TextLine>
               <TextLine ID="region_1644326983553_10148l26"
                         BASELINE="2874,2806 2976,2800 3078,2796 3180,2793 3282,2789 3385,2786 3487,2782 3589,2780 3691,2776 3793,2774 3896,2770 3998,2766 4100,2762 4202,2758 4304,2753 4407,2746 4509,2739 4611,2732 4713,2723 4815,2712 4918,2702"
                         HEIGHT="224"
                         WIDTH="2073"
                         VPOS="2639"
                         HPOS="2859">
                  <String ID="string_region_1644326983553_10148l26"
                          HEIGHT="224"
                          WIDTH="2073"
                          VPOS="2639"
                          HPOS="2859"
                          CONTENT="couvenables a mes intrests et de ne vous pas "/>
               </TextLine>
               <TextLine ID="region_1644326983553_10148l27"
                         BASELINE="2874,2916 2981,2912 3088,2907 3195,2902 3302,2898 3409,2896 3516,2892 3623,2888 3730,2884 3837,2880 3944,2876 4051,2872 4158,2868 4265,2863 4372,2858 4479,2852 4586,2846 4693,2839 4800,2832 4907,2825 5014,2816"
                         HEIGHT="248"
                         WIDTH="2171"
                         VPOS="2737"
                         HPOS="2858">
                  <String ID="string_region_1644326983553_10148l27"
                          HEIGHT="248"
                          WIDTH="2171"
                          VPOS="2737"
                          HPOS="2858"
                          CONTENT="presser a en achepter afin que ie piis greusser"/>
               </TextLine>
               <TextLine ID="region_1644326983553_10148l28"
                         BASELINE="2862,3022 2966,3018 3070,3014 3174,3009 3278,3006 3383,3003 3487,3000 3591,2996 3695,2994 3799,2991 3904,2988 4008,2984 4112,2980 4216,2977 4320,2974 4425,2968 4529,2962 4633,2958 4737,2950 4841,2943 4946,2934"
                         HEIGHT="198"
                         WIDTH="2111"
                         VPOS="2860"
                         HPOS="2849">
                  <String ID="string_region_1644326983553_10148l28"
                          HEIGHT="198"
                          WIDTH="2111"
                          VPOS="2860"
                          HPOS="2849"
                          CONTENT="lois quelles seront au plus bals prix vous"/>
               </TextLine>
               <TextLine ID="region_1644326983553_10148l29"
                         BASELINE="2882,3114 2986,3114 3091,3114 3196,3112 3301,3111 3406,3110 3511,3108 3616,3104 3721,3102 3826,3099 3931,3096 4035,3092 4140,3089 4245,3084 4350,3080 4455,3074 4560,3070 4665,3064 4770,3058 4875,3052 4980,3046"
                         HEIGHT="230"
                         WIDTH="2127"
                         VPOS="2955"
                         HPOS="2866">
                  <String ID="string_region_1644326983553_10148l29"
                          HEIGHT="230"
                          WIDTH="2127"
                          VPOS="2955"
                          HPOS="2866"
                          CONTENT="limitant sur tout a ne pas exeeder le cent "/>
               </TextLine>
               <TextLine ID="region_1644326983553_10148l30"
                         BASELINE="2890,3210 2993,3210 3097,3211 3201,3212 3305,3212 3409,3212 3512,3210 3616,3210 3720,3208 3824,3206 3928,3204 4031,3202 4135,3198 4239,3195 4343,3190 4447,3186 4550,3181 4654,3175 4758,3170 4862,3163 4966,3156"
                         HEIGHT="230"
                         WIDTH="2100"
                         VPOS="3049"
                         HPOS="2876">
                  <String ID="string_region_1644326983553_10148l30"
                          HEIGHT="230"
                          WIDTH="2100"
                          VPOS="3049"
                          HPOS="2876"
                          CONTENT="et trente cincp comme nous estrangers ne "/>
               </TextLine>
               <TextLine ID="region_1644326983553_10148l31"
                         BASELINE="2882,3328 2983,3325 3085,3322 3186,3320 3288,3318 3390,3316 3491,3314 3593,3312 3694,3310 3796,3308 3898,3307 3999,3304 4101,3302 4202,3300 4304,3297 4406,3294 4507,3288 4609,3284 4710,3278 4812,3271 4914,3264"
                         HEIGHT="190"
                         WIDTH="2064"
                         VPOS="3166"
                         HPOS="2865">
                  <String ID="string_region_1644326983553_10148l31"
                          HEIGHT="190"
                          WIDTH="2064"
                          VPOS="3166"
                          HPOS="2865"
                          CONTENT="connoistons pas ces dorres dafaires et qui"/>
               </TextLine>
               <TextLine ID="region_1644326983553_10148l32"
                         BASELINE="2894,3436 2992,3433 3091,3430 3190,3426 3289,3424 3388,3422 3486,3420 3585,3418 3684,3417 3783,3415 3882,3413 3980,3411 4079,3408 4178,3406 4277,3402 4376,3399 4474,3395 4573,3389 4672,3384 4771,3378 4870,3370"
                         HEIGHT="184"
                         WIDTH="2004"
                         VPOS="3294"
                         HPOS="2880">
                  <String ID="string_region_1644326983553_10148l32"
                          HEIGHT="184"
                          WIDTH="2004"
                          VPOS="3294"
                          HPOS="2880"
                          CONTENT="vous vouss n'attendez au  ie vout le "/>
               </TextLine>
               <TextLine ID="region_1644326983553_10148l33"
                         BASELINE="2908,3534 3012,3532 3117,3531 3222,3530 3326,3528 3431,3526 3536,3524 3640,3522 3745,3518 3850,3516 3955,3514 4059,3510 4164,3506 4269,3504 4373,3500 4478,3496 4583,3492 4687,3488 4792,3484 4897,3480 5002,3476"
                         HEIGHT="163"
                         WIDTH="2123"
                         VPOS="3421"
                         HPOS="2892">
                  <String ID="string_region_1644326983553_10148l33"
                          HEIGHT="163"
                          WIDTH="2123"
                          VPOS="3421"
                          HPOS="2892"
                          CONTENT="recommande c respere que ne me procurerez"/>
               </TextLine>
               <TextLine ID="region_1644326983553_10148l34"
                         BASELINE="2902,3628 3005,3630 3108,3632 3212,3634 3315,3634 3419,3632 3522,3632 3625,3630 3729,3626 3832,3624 3936,3619 4039,3616 4142,3612 4246,3608 4349,3602 4453,3598 4556,3594 4659,3589 4763,3584 4866,3580 4970,3576"
                         HEIGHT="205"
                         WIDTH="2098"
                         VPOS="3485"
                         HPOS="2887">
                  <String ID="string_region_1644326983553_10148l34"
                          HEIGHT="205"
                          WIDTH="2098"
                          VPOS="3485"
                          HPOS="2887"
                          CONTENT="pas de   d'rgent eu  seroit ma place "/>
               </TextLine>
               <TextLine ID="region_1644326983553_10148l35"
                         BASELINE="2876,3728 2982,3728 3088,3728 3194,3728 3300,3726 3407,3724 3513,3721 3619,3718 3725,3715 3831,3711 3938,3708 4044,3704 4150,3700 4256,3695 4362,3691 4469,3687 4575,3684 4681,3680 4787,3676 4893,3673 5000,3670"
                         HEIGHT="151"
                         WIDTH="2157"
                         VPOS="3605"
                         HPOS="2858">
                  <String ID="string_region_1644326983553_10148l35"
                          HEIGHT="151"
                          WIDTH="2157"
                          VPOS="3605"
                          HPOS="2858"
                          CONTENT="et pour lasventr de savante qieux en attendant "/>
               </TextLine>
               <TextLine ID="region_1644326983553_10148l36"
                         BASELINE="2874,3818 2930,3818 2987,3818 3044,3818 3100,3818 3157,3818 3214,3818 3270,3816 3327,3816 3384,3814 3441,3814 3497,3812 3554,3812 3611,3810 3667,3810 3724,3808 3781,3807 3837,3806 3894,3806 3951,3804 4008,3804"
                         HEIGHT="108"
                         WIDTH="1164"
                         VPOS="3724"
                         HPOS="2859">
                  <String ID="string_region_1644326983553_10148l36"
                          HEIGHT="108"
                          WIDTH="1164"
                          VPOS="3724"
                          HPOS="2859"
                          CONTENT="vre responce ie me "/>
               </TextLine>
            </TextBlock>
         </PrintSpace>
      </Page>
   </Layout>
</alto>
