5211 3832
559 63 2123 167 nos infrz scripti notarii Ree et ver pi residentes

546 169 2184 163 attestamss ett certificamus fordinanduin nogens qui

535 258 2186 144 Lupra Serptam insn nentons many sua provia

532 369 2193 162 subsign avit este notars une pi blienni &ae crvitade

529 499 2085 161 restdenter om mbusque insitnmentis ma pr ptuin

535 572 2072 208 lubsignais temper fuisse adhibrtant et mode

567 672 2149 213 adhibersplen am frdem tam in, quam exsre bd

565 783 2042 225 in guorcen fi dem casse las tianavinins po ma

551 901 2097 193 signaimra propria et ordinaria Antverpin hav

507 1009 2194 210 dd ma hovembris anno mille trima septingen

452 1133 1193 193 desimo deeme

559 1205 2058 266 copje van de procuratie heden gesonden om

560 1346 2086 210 tontfangen de intresten van s £500 Annuiet

554 1452 1337 210 in de vanck van Engeland

509 1518 2154 241 know all men by these presents that  Resyn of

518 1712 2130 150 Antwerts mercht dot make consineand aptsoint

489 1781 2239 224 Sthomas Scawen f London knight and alderman

527 1913 2135 187 my lawfull afforney for me in mynam and to ma

565 2066 2101 144 cise at all epmes to receve and give reccipis for all

544 2102 2060 231 quarterley and other payments of apuines due

558 2225 2129 162 there frerte gron due payable for any intrest or

411 2325 2139 192 shares which I non house or shall have attended

557 2453 2110 159 retit wits commities at five preent my capitaler

528 2575 2113 181 jont stocns or either of them crected by two gets

549 2635 2117 179 of parliament of the first year of the Reian

2588 2743 76 85 u

551 2738 1964 228 of george hins of great Britain. made C

576 2800 2149 201 a thongst ofher thingse for raising the sevirel

1962 2946 771 113 xans onmhyind  ƒ159

2253 3005 322 72 N 1mots

541 2961 2188 188 of nitte hundred Jen thousand  Jonns hostand vosed

561 3067 2154 160 services by sale of apnuitiy aster the rate of five

561 3165 2170 211 pounds rcent le demale by harhament and to ut

550 3306 2142 130 recipst and de scharges for the lame and to do alle

562 3351 2152 220 Lawfull aets for efecting of the premisses

553 3463 2146 169 and contirming ale that the shall ee there i b

564 3573 2153 127 virme here of witness my hand and hall answert

593 3647 2129 127 the 2 say of gber one thousand leven hundred and

2836 42 1987 146 light een new stile onder seckent p Melj

2854 154 1445 197 calld an delu red in the presence af

2893 263 996 134 waer en onder te kent

2920 353 1008 189 hhedbrus de Coninck

2878 397 1403 266 terd: Spryens pourins egss

2852 591 2157 215 nos inspaserints notarie Regiue veris re

2867 764 2069 196 ote alt op de voorige procurati ende door de

2874 904 1032 186 setve onderteckent

2822 999 2085 204 Ghendt tB De saedelaer Ady 12 gbern18

2881 1142 2093 171 op 1 deser wit aen ue mijnen laeten desen

2859 1297 2118 183 iydt convert van de swee brieven tien tatse

2853 1451 2195 125 hedenges door mij voor ue Reken voldaen als

2879 1516 2173 232 sie £200:- aƒ 335 £350:- en st £100 aƒ 335

2888 1690 2128 191 £175 waer voor mij gelieft op sijn Rekene

2888 1788 2143 215 crediteeren saemen vlaems wisselgalde £525:

2891 1906 809 177 blijve in haeste

2795 1994 2137 221 Antwerpen p de meesser Ady 15 gber 1718

2879 2112 2229 231 Ick hebbe un soo meencmaet men huy te geweest

2884 2296 2212 138 dat ete selfs beschaemt ben naer te coemen ick hebbe

2874 2409 2245 159 ue voor de eerste twie reijsen dat ue bij ng gesoght

2863 2505 2229 167 heeft van ue leven soo lanck gerediteert op alle

2867 2590 2196 193 passentie gehadt soo verre dat ue van ue eygen

2872 2730 2215 122 bloef verwanten soo veel niet en soude connen

2872 2821 2185 124 vraeghen ue heeft mij van over meer als een

2867 2929 2101 183 halt jaer selfs doen segghen dat ue my soude

2883 3025 2204 143 voldoen en tot den tijdt van heden enverneme

2845 3117 2037 212 Ick geen het mingt effeet ieklaere ue letts

2882 3237 2143 158 oordeelen oft ue wetoft gualich met mij ageert

2884 3325 2004 177 te veel goet in dese weereldt is half sot

2859 3446 2238 178 ick en ben niet om mij ue vijanden selfs spalyck

2909 3516 2176 162 te traeteeren maer ick moete eveuwel voor mijne

2888 3627 2196 120 familie sorghe draeghen siende dat ich met geene
