5070 3837
614 12 2117 241 d'aitions au mesme prix ey devant marque dan

628 96 577 170 je vs rpond

1427 158 629 176 comme dessas

565 186 1974 255 peufve theodor roeckmens vre tres humoble servitecer

1459 402 595 147 pieme melijn

1464 477 1147 186 vre bres heemble servante

1408 584 1285 158 la veufve theodor Broecknans

593 691 2050 219 London Schauvel en JocquelAdy 21 xbre 1720

653 826 1860 197 ma dernieue sit le 14 du cour. depuis receu

663 947 1976 199 lhonneur de la vre 15 ditto p jaquelle j'evois

659 1091 2013 198 que nous avons este mal informe souhant le

664 1201 1973 197 pro des actions. il me fault nvoir pr pence

637 1304 1841 196 des haults prix ie n'achepteray pas. sil

671 1391 1960 191 arrive au prix que ie vous ay limitee quoy

670 1490 1915 176 quil seroit cent et vingt vous poirez

650 1605 1832 171 tousjours accomplir mon ordre surdit

1565 1699 153 82 deu

649 1692 1986 208 sipecifice dans mes precedentes du 7 es14 cort

651 1811 2033 173 le smeet de la presente est que ie remaqu

650 1917 2028 197 auresgaurd du billies sur elisabers hapnan

659 2023 1797 210 que vous n'avsez pas reccu a bon compte

691 2063 1955 241 les 17 £50:- vous ne pouvez pas manquer

681 2216 2012 177 les recevoir et ie nis car le sireur duuitbilnt

709 2322 1960 195 ext faillie mon intention estant quan

701 2438 1852 202 ne pouvez avoir le reste que ie me feray

694 2558 1921 185 pour cela rembourser icy p mon endorseur

714 2664 1799 210 qui est tres sufficent et pour le respect

704 2770 1982 208 duquil je suis bien content que jassiez un

727 2898 1772 210 oen des revoirs pour obtenir lonner

715 2994 1839 224 payement vec le graix mais en cas

583 3116 1980 227 que cette hemme n'est pas en estat ie ne

678 3220 1953 166 veu pas trainer de moisen mois. te nor les

693 3329 1953 174 £50 a bon compte r'envoyez mojle

717 3412 1919 215 billiet j'annotant qui vous avez reccu

730 3548 1955 117 les  £50:- et oous les 8 £50 rehantes

768 3649 1927 113 ie me fercy remoberrser voila tout ce quil

4461 51 61 83 2

2796 52 2036 229 yit a faire vous avez escriptle 20 bre

2794 214 2057 203 elle fait esperer de le payeer enpeu de jours

2790 338 2026 200 et mesme a payce desje a comme

2815 444 2182 275 ce que iay communique a mon ndseuren

2788 604 2069 209 luy livrant le proest tellement que ie s

2780 717 2178 250 pourrois renconstres des dficultes en

2804 846 2154 197 cas que vous vous de sassies du dit arget

2805 943 2180 208 et cest pour ce la que ie vours ay responde

2823 1060 1962 251 que m'auriez fait plassir a navoir

2824 1154 2160 251 renvoyée avec le protest la lettre comme

2815 1318 1297 180 il est en esfect ie suis

2806 1421 2135 178 deses geschrieven ven versocke van m e

2820 1523 1988 248 toseph verachter mijn endorseur aen we alles

2820 1664 2135 225 ge communeert hebbe in communiceer m

2822 1761 2075 172 naer datu in geene dispites hebben en aen wil

2819 1850 2038 217 ditto missueoversivere heden om onder

2794 1882 2150 280 sijn couvert over hollandt afte senden

4010 2096 986 226 Aadj 28 dito 681

2793 2129 913 250 Shende en de Sadelier

2825 2263 2159 194 ue aengenae me 10 conr. hebbe het sijnen tjde ontfange

2801 2364 2184 163 dogh dien van 23 maer op heden middagh voor ue e

2836 2500 2153 154 remises op sicht op Paser loorden de suiet als ƒ400

2805 2606 2095 145 en ƒ600 saemen s1000 hebbe acceptatie becoemen

2806 2679 2151 188 die dato 12 deser u £100 op mie elsensen guulis

2828 2792 2027 167 is hun behandight en beloeven m orgen te porte

2808 2868 2185 209 ge accepteert le leveren gisseren il hier gedaen in

2817 2958 2167 178 banlo op Amsterdam½ prese advance voor den

2827 3097 2089 126 brief est 4prete sehaedt  cour. London 2 usos

2839 3209 2143 107 33:10 diogh pergent en is staet op te maeken

2832 3289 2016 157 door de meenigh voldighe sallissementeer soo

2841 3357 2152 146 London en Amstgean ende de brieven die van

2809 3465 2160 133 daer in profest keeren dat nogh niet en staet te

2824 3543 2142 151 eyndighen soo dat ider sckroonst vooder eengelicke

2832 3666 2073 108 brieven arriveeren. Godt wist ons alle voor schaede hoeden
