5211 3832
1655 56 1041 134 SAdy 13 Janurer 1719

493 35 846 167 Ath Ande deton

587 151 2162 202 Jay necen a vre 22 gbre d'an cneu de jourtiay

577 273 2176 212 aura deux morsetcependant largent ne viente

600 386 2159 221 pasiayez au nom de dieu consideration parr m

558 510 2212 195 so he peur accorder ce que son souhaitte son

601 617 2174 191 bien dil y 'at unne parsonme au mon pi at

558 727 2185 211 en de patience s'est moy considerez le temps

592 822 2176 199 et cela pour imme fois de vre vre que vous avez

589 952 2127 208 acherstez a moy et que ie vous ay donne sis

626 1080 2139 154 credit si gracieudement. ie vous le recomman

605 1190 1948 203 austant que ie le puis faire et ie seriig

594 1279 1945 214 attendant la grrace vous souhaittantde

625 1347 2116 250 mesme ae mad mon. vre espouze lheures de

601 1531 1447 204 nouvelle tmee ie medit i

1720 1614 997 186 Ady 13 Janvier 1719

493 1644 955 148 Ath Andre Lison

590 1732 2110 229 vorue pois mois depuis le n sbre que ie vous

586 1849 2143 203 ays escript ma dirniere et vous manquez a

594 1969 2151 188 me somager de remises ou il ny a rien de mis

572 2081 1959 221 ss au monde ayez au nom de dres

574 2182 2057 188 condideration pour moye ie ne pirs faire

599 2278 2005 194 ce que ie souhaitteroid bien ie vous le

604 2390 2112 218 recommande au stant que ie le puis fatre

603 2504 2105 177 et vous son naittant lemisme a mad

600 2632 2150 154 vre esponse cheureuse nouvelle a smes ie me

538 2745 1077 229 dit In attendan

1891 2820 808 181 Ady 14 Janue 1719

504 2866 1030 187 tournayd  tevenars

553 2952 2199 252 pour responce a la vre 9 du courantiee vous dinais

566 3076 2106 186 que ie trouve p experience que c'est nefolie

534 3171 2230 196 d'avoir trop de consideration ma proposiion

583 3303 2186 168 est que ie presende d'avoir cantion pour les tr2:8:

569 3409 2198 183 que me dibez encor et pours vous rendre service

579 3488 2179 199 que ie vous accorderay sur ie ried pour la moine

579 3591 2063 180 le terme de six mors et pour laurre mortre

2823 45 2265 163 leterme un  faiute de quoy vous parez q'a

2841 194 2260 114 me saufaire cur re presmd cavoir fin de walles

2849 293 2072 180 cet susoires si ie vous aurois fait paspe et

2863 394 2114 169 vous aurois contraitt en lisnie de puis long

2857 500 2008 204 temps jaurois eu fin et savsfaition en un et

2854 632 2106 159 mesme temps et pointtant de mbrasse ment

2888 753 2116 209 voyez a quoy qu vous vous voules relondre

2888 846 2207 216 et desermine vous aultrement ie naureey

2858 988 2182 212 plus dspatience ie suis bien estonnée apriez

2880 1104 2187 177 tant de service vous rendue et as res testt

2868 1259 2145 136 les complaisinces que jayteu a vre esgairne

2882 1341 2124 139 comme me dever advoneer en conserence

2926 1438 2145 174 vous mesme que me recompentes si mal

2861 1569 2209 194 quil estat ily at y a faire ui vos promesses

2836 1637 2229 188 et belles parolles le tempt de vos promestes

2854 1759 2195 173 escheu ne pouvant aultrement vors aves

2870 1862 2144 170 acceptee la useme pro longez a 2u senies et

2872 1983 2231 205 a la fin n'avez jamais payez E non contrait

2886 2102 2099 192 ie vous prie m resuise pas ce que ie vous

2895 2210 1778 198 accorde et en astendant de me dit

4047 2293 986 211 Adj 10 Januarn: 1719

2819 2332 811 178 Mons P. le Bleux

2891 2431 2206 159 cy au dos vous avez vre compte courant pp laquelle

2913 2558 2167 150 vre grace me reste sedevable seyn dent set siege

2901 2662 2151 173 fforins die noeuf pattart de change redit ƒ 716:14-

2881 2811 2217 107 vous voyerez qui dans peu de jours ily aura deux tms

2854 2863 2213 117 que ie vous at livre la dernier marchandise en

2859 2960 2258 125 que vous aburez ma bontee en civiece si vous navez

2873 3049 2048 134 plus besoing de moy nides mes marchandises

2881 3102 2235 203 ca vous est libre mais il est just pee me saisfaitias

2879 3237 2106 165 est le ui eet de la presente la quoy ie vous pre

2860 3327 2170 137 ne pasmanquer car le creditt est long assel que ie

2870 3408 2219 160 vou say donneu ie vous salue et vous souhaitte toutte

2869 3523 2162 142 sorder de bochuny en cette nouvelle Annec es beurcours

2877 3595 2243 118 aivoustes et qua jour pous nouvous renouveller le commere

2958 3672 2164 101 ensanble le que e sen vieulle s rien ne manque na de muporss
