5150 3897
263 85 2251 117 hollents dt als £105:13 16 en   saeme N262-

272 168 2236 146 18:6 hebbe tot 3 ½ pet ue schaede ingetoocke

275 281 2225 100 ue voor de selve t op sijne heet £255:12:4 vlome wed:

266 343 2184 126 als mede voor sijne remisses op nete redbaer d

276 412 2246 162 wes: ƒ273:10 ƒ 45:11:8 soude ue danden hebbe aentwoort

2353 497 112 87 e

275 509 2255 181 waer bij aldien hadde connen te recht coemen on ue daer

264 591 2235 150 tegens te remisteeren volgens ue ordre hebbe op hebeen

277 685 2230 154 et het andre sedot maendant gera e

277 777 2253 132 een  parkyeseen op costy parij connen becoemen rede

322 906 49 59 @

283 861 2247 154 ue inessoeten esehonden provisconcelijck reitten

275 949 2115 195 17 deser 2 usos op Dhr jesto becq, £100 a  35:3-

254 1052 2265 189 £ 176:5 bidde mij jaer voor te crediteeren ende te ordonneer

279 1149 2207 191 wat ue van sijn resteerende goet vende salvo justo 104

274 1220 2015 171 vlaems gelieft gedaen te hebbe en hier mede blijve

141 1314 2314 218 Ghendtf Bapt De Saedelar Ady 20 meert1717

2053 1458 118 92 A

255 1444 2135 251 gedtaeghe mij aen myn en lasten 8 cour. pet

251 1559 2177 203 remite op london 13 deser 2 usosop jus Beet

291 1666 2179 206 s £160: aƒ133:3vlaess £176:5 waer van

295 1778 2143 198 ingesloeten de se conde dedertven sonder deere

319 1901 2142 199 dan ue e Antwoort opa cosy ageven

307 1980 2183 196 voort pasteynen dat ue moete remiteeren

296 2117 2204 177 en hebbe niet connen te reght coomen soodt

296 2201 2141 184 ue ingesloeten sende 400: courant dete

276 2297 2245 167 vallende op jerrge Bock pary waer voor gelieft

255 2449 2261 145 het hoost te besorghen en mij op syne ienen

325 2516 2001 176 te creditteeren afwaghtende d'eere van ue

290 2649 940 153 antwoort bijve

1911 2643 581 183 22 meert 1717

179 2738 851 210 Leiyden Jacobus TeBeut

304 2789 2197 174 alhoewel ue neet hebbe gescheve soo en hebbe echter niet naer

301 2894 2231 135 gelaeten ue ordre te volbrengen conform sijnen laeste messu

278 2944 2236 188 de dat 29 aprel aƒ 6 may 1712 ende sijne resterende laecken

291 3030 2212 180 onder mij over te leveren a 3 dewed. be gienes dat ue daer

290 3107 2177 191 van geene reck patenert hebbe gedert gesonden n g

302 3180 2212 190 mede mijne faute niet geweest alsoo het les te laecken 171:

296 3299 2218 154 27 januury vercocht hadde aan mons Joannes beckmais

298 3360 2232 172 tot brussel met wie daer dover groote contessatie nopende

293 3445 2230 177 eenige pleuteen en faute gehadt hebbe en noch hebbe ocht

276 3533 2195 192 niethangen connende de layeren iets nieuwe boecke

271 3621 2227 166 fomeren soo sende ue die hier ingeloete soo van alle

2627 87 2241 108 het geene de tot dsto hede voor ue nee vercocht habbe

2632 166 96 78 als

2624 141 2294 189 soo oock van alle partje die en sijn edi reck met m

2604 237 2290 209 gepasset sijn waer bj ue soidt coemen de somme

2599 305 2349 205 van vlaems wis p ros te van £23:5:15 dete dic

2584 418 2342 222 22:5:11 te weten als met dito bechkemans contont

2606 509 2318 234 cam adgiesteeren ue geluve by de selve ret van ver

2612 589 2317 248 coop te reflecteeren dat ue de laecken goede doen

2615 658 2292 267 te maek als ue mij bij ue facur gestelt hadde

2643 761 2224 236 rede sonter eenige goede ma te hebbe gegeven

2599 816 2299 287 ten sijn aen die sullekx  se geconditieo

2601 881 2321 326 niet hadde ende oock dat ue bayte staet mae

2616 1016 2307 274 vercocht wer ende ue myt geen parte van gelde en

2612 1075 2271 328 chargen dat in ue distretie laete dat ue maet

2604 1136 2341 359 meer sen met een simple provisie van 2 port

2612 1243 2315 400 t chargeren naer demuel ue heeft de penninge va

2575 1325 2315 403 genaeten die niet in casse en hebbe gehat ehijeck

2645 1444 2237 333 ueinde dato van naer sien ick versoecke mant

2641 1556 2157 304 woort ue gaet vende en abro baie de ougte

2635 1625 2304 385 Gants in den lande geaemeert gootiverlene

2658 1732 2301 308 beternisse daer ick led en eenige occasus sij

2653 1865 2242 252 in wessel oft in voorderen van pennenie

2630 1869 2341 387 oft andere saccke geen neet wesen gelief te bat

2646 2034 2312 278 to disponceren ende geassurert te weren deat

2636 2115 2265 273 ue ordres alle met alle ponster a le hat

2645 2208 2232 316 sulle worden maer gecoemen die naer wen

2616 2231 2335 368 sin ue van het selijt hoogheyt van paersekem

3949 2535 446 137 22 meert 1717

2649 2558 266 138 blecl

2561 2609 531 153 Gent Jacobus bautt

2580 2587 2358 214 sedert ue aengenaeme 11 febuuij en hebbe geen oecitie gehadde e

2582 2710 2355 176 te schrijve mijn 2 quittantiee en hebbe maer de libertij gebugckt alorde

2573 2794 2367 180 naer afte sende ende ue gelieve met sijde incomande mij daer voor

2578 2832 2300 195 maer benediteeren hebbe van desen ue menighmael versocht

2586 2893 2369 214 alser occasies favorabel soude voor vallen om eien te

2607 2986 2341 215 comen te connen uyt sette niet te couretijt dat u de op my soude

4889 3134 73 53 2

2603 3058 2338 198 gelieve te donck het gene ue eens coomen endacht ig maecken

2609 3143 2347 181 hen tereitereren alsoo het schijnt de proventeis soo vlaende

2601 3251 2323 155 als Gransant wel sullen genootsaecht wesen eenen

2613 3299 2329 182 uyt te vinde ende capitaelen by dise congonc van tjts

2609 3385 2338 154 ays te nemen waer inne wel cenigi rente soude deser

2618 3471 2297 133 alsoo op vlaendenen niets van belangh en hebbe ue dng

2609 3527 2335 153 daer ne eenigen diens tennende doen sal het grate

2618 3580 2337 160 temeren die van herten ben in alle de ei met wensche

2613 3644 2333 129 van her taligh hoogheeyt van oesschen als S ue bemende ende de

3377 3725 831 83 geheelt famillie
