5143 3907
597 96 1950 187 car il pretende absolument que finissie le

612 208 1908 150 comptte7 ie suis vous lonharttant todittes

624 309 1283 194 uset de Peredtions

522 421 2127 194 London Chanvel et Coqueel Ady 9 guillies 172

2171 558 121 59 23

636 539 1988 183 Jay receu les dum rostres  janviel et 3 febvrier

572 646 2127 176 en sontemps. p la dermere vous m'envoyez comps

579 738 2124 186 dachapt de  £400 en quatres oblianiors chae

633 846 2075 155 de  £100 -½ a ƒ8:17ƒ3 discompe montant avec

611 945 2086 155 Lintrest payée  £336:9:8 dont ie nay paseste

627 1061 2087 177 trop sontent d'aultant que me marquiez avant

662 1153 1961 175 vous escrire quelles estoient a £13 let que ie

633 1256 1942 151 vous pria me vous pas presser den achipter

614 1348 2014 148 maits le faire pr. loccasion a mon plus grand

610 1441 1990 183 advantage coomme vous auriez peu faire p

612 1558 2006 143 apres e suite vous eu a convineu. ie ni'scay

623 1644 1973 127 le mix quelles vaillent e present en depuss le

615 1724 2085 149 temps que ces obligations ont pris cours a rato d

610 1822 1941 183 5 poreent pre n in quant elles dosvent

610 1905 2084 189 apre remboursee ce que ie vous prie me marquer

616 1998 1949 220 pivre premiere le principat suieet de la

597 2108 2019 182 1 presente est au ressaaurd de la lettre de change

587 2210 2103 134 1a charge la damime chapmais enre vosmains

612 2297 2051 170 de  £100- ma fois je suis hontex etie ne

584 2411 1879 169 scay que respondre au sieur verachteren

614 2524 1952 155 ie luy ay fait vois touttes vos lettres escriptes

613 2601 1986 193 sur e chapitre mesme que vous aviez reccu 5

602 2741 1902 132 £50:- et il en estt sort esponneer tactez

616 2788 1997 183 que nous sortons de cette affaire avec honneurt

598 2922 1958 147 si vous m'aurie renvoyeé le premier jour de

602 2996 2028 175 poste surav la lettre ave le prolest qu'elle

623 3115 1961 147 devoit payéer vous m'auris rendue service

609 3201 2072 168 et vous n'esn auriez point en de lembares pi

598 3285 2019 205 moy asteur du chagrin  qui au monde auroit

626 3414 2049 177 predit levenement que pour voydr ausourdn

619 3500 1942 133 touchant le credit pu blie et parti culies

606 3606 2057 150 et les tristes evenenmepts susveucce dont beeucoup

611 3717 2008 85 des familles le voyant rainnees on s'eu ressentront

478 3758 47 97 d

2739 130 1712 225 pour jamais et cela outte l Pns p

2747 175 2188 275 m est chatoullie d'un coste p loccasion on on vorde

2747 315 2199 168 les mogens a faire emploge a un prix drassonable

2778 417 2190 229 dans les compagnies en fonde piolies et de l'aubrre

2772 493 2200 250 coster on est intimide a ly embarquer a cause des

2775 646 2221 210 changements mopinces dails surviennent 3 voirs sesjours

2767 740 2229 204 et que son ne scay a qu'il le trer tellemeur que l'o

2779 879 2167 192 ma jamaid veeu un temps s: farez que i'apresenz

2792 965 2018 186 on coure risque de tout couste caps u

2779 1083 2074 197 fondemint i afseurez passer tout

2796 1194 2237 161 cela les plus heureux sont ce si quils renconsppois

2797 1276 2162 186 encor d bons et si dets cor respon nemayez la

2824 1374 2008 164 bontee medire vre sentiment et me donnez

2845 1505 2115 167 bon cousiel si le trouveress bon et a prs

2843 1577 2157 161 a faire employe presentement daps les sonds

2853 1689 2159 192 piblies et attendant lhonneur de vre responce

2841 1827 394 152 ie me dt

2773 1872 2079 220 Brussel Dhijserouwe EALas Ady 16 sul 171

2821 1981 2187 188 ingevolge ue brief dau7 April laett hadde ue mij nen

2811 2103 2198 174 minsten moeteer schrieven naer het sprcken van ue

2849 2200 2104 124 man wat res luel daer gendeniest is om mij te

2861 2298 2160 137 voldoen dff ick oet  verlieden suposite perlick

2844 2406 2035 114 ick niet ggnoegh bij het desven van n geedt

2869 2470 2133 157 ende dat nu dan soo veel jaeen betaelt tens

2844 2567 2082 160 ainst am en dx  ots en

2850 2643 2185 133 son dageeren emide soo niet voor ues smedueee

2874 2734 2128 180 die is mijn minnelick versoeck et mits ick met

2867 2837 2006 167 u iet soovec sij  y handie 3 deselt

2842 2909 2042 189 recipropuelijck niet my te doen die het ort

2868 3022 1012 179 t mayht hde ben

2770 3078 2169 201 Amsterdam an Rousseau Ady 17 juli 1721

2819 3171 2026 180 beyde ue 2e aengenaeme 10 en 14 courant wet

2803 3292 2133 188 ontfangen op de eerste oordeelde niets noodigh te

2822 3389 2126 147 ant woorden  in conformiteyt van ue weede

2820 3486 2044 171 sal ue gratoselve dato ordre masthysen ge

2815 3556 2141 148 missaert 2e dato van £500 vereeren en ue a 1

2810 3626 2217 197 prete banco £491:17:6 debiteeren en het passeerten

2829 3766 1042 101 afwaghten. blijve
