5097 3826
555 81 2017 169 ben peraet ue het te vergoeden soo ick het gecal

559 191 2047 134 ccelluyt hebbe soude het wel £11 segge elf ponden

533 267 1982 187 vlams wisselgelde osen ick wenste wel Godt

546 361 2008 174 geliefde occasie se verlenen om orde comes pon

501 469 2094 146 =dentie te saemen mee houden maer daer i geen

574 557 2027 216 apperentie van in eeni ge goederen met brught

557 645 2007 173 iets te connen onder nerke. alles is alheer vore

484 745 2056 183 sent door het weijnigh debit te weten van en

473 863 2117 191 gelsche mani factule onder coopbaer en aen geen

474 962 2031 177 coopmanschap is een intrest te winnen alle

525 1099 1981 159 die continee eeren moeten mier verlie en

477 1181 2092 199 als winnen door het lenck borgern en mene

470 1284 2061 203 valdiehe banque roeten die nen heeft en te

504 1404 2020 248 gemoet seet wat men onderniemt en speca

462 1524 2125 223 leert pren apal in goederen en coop ran schap

437 1640 2026 260 pen rendeert meer schaede  als protijt Godt

464 1784 1988 183 wilt het beteren ick blijve naer cordiaele

441 1888 2112 233 groetenisse en offre mijns dienst in alle occa

415 2082 222 119 see

1556 2066 649 196 29 3seer 1719

310 2086 1053 220 Londen Dancel Haijs

411 2190 2138 254 Jay veu pr lhonneur de la vre 2a sber dernier

416 2313 2109 202 que vs avecz receu en suitte de ma proceercetin

429 2411 2066 201 vs enoyce mon contingent dans la baimque

367 2521 2137 203 de 10 pmit du capitael £55 et que nonob

404 2661 2047 208 stant le sto ou chacque ocgion demeurez

403 2771 1999 210 son entier et cepitael jen ay appis leffet

374 2881 2089 205 pr le dernier payement ou devivent quele

418 2977 2024 241 banoque & fait escheu st: michiel dernier

318 3103 2133 223 de 2 mell de mes £500  £ 17:10 mais il

387 3251 2018 184 est estonnant q'on la donne la nom de rem

402 3362 2125 162 coursemennt aarremboussement signitie die

402 3473 2105 176 nition du capitael jespere quil sera et ress

396 3570 2097 162 ra come me dit et en cette bonne esperance

2668 18 2274 209 je ne mon defere ray pas car cest une vr gran

2700 133 2190 174 de doueur de tirer 10 pet d'avance et pr an

2737 239 2220 133 un bon intrest du capitael vs men voy eecomp

2751 328 2187 196 te t et pr ce que me vienne bon remise pr

2727 431 2153 219 solde du cet en vre proue traitte conma

2740 550 2224 209 faveur sur mons francois Ignace de la bisfact

2750 641 2213 186 die mesme date 2 sber 2 usence £96:15:5

2790 752 2187 199 a 536:5 dont jay receu la vileur et liquide

2715 873 2264 201 le compte de conformitee mais il y a un petite

2785 968 2198 208 enicer ou difference dont vrgi ma pris esgan

2817 1070 2147 168 ou regand du compt court de lannée 1716 bou

2821 1189 2136 161 chant la lettre de change sur perfaire livin

2795 1305 2184 202 van trappen de  £100 g je vs ay renvoyeeen

2786 1430 2186 200 motest dont me fit bon £104:3 quil ne

2807 1534 2161 224 devoit estre que  £102:6 ce quil differe

2794 1644 2140 204 £1:17 ca quil doit estre rendue soit auti

2785 1762 2167 214 reir de la lettre a costy de au dit A livin

2815 1884 2158 200 van pappen a Gaend en cas quel a satisfait

2816 1997 2164 213 apres l'import de la lettre je vs ay adverte

2809 2100 2178 217 en ce temps le regardez nes lettre di vs plas

2821 2225 2108 181 et le trouverez ainsy je ne pretent d'avoir

2828 2334 2054 191 un geget de ce quil ne mest pas due ceps

2839 2475 2151 178 quoy je vs le recommande encor je vvs ay dont

2829 2545 2166 229 debite sur compte nouveau de  £ 17&10 que

2831 2671 2146 213 vs ave receu pr moy de pries du divident de

2832 2775 2108 239 la bancque es chece so mechiel 1719 quant

2837 2901 2143 240 vs pourriez prieuer a employeer quelque

2842 3018 2032 170 argent avec apparence d'un bon

2834 3138 2121 195 dans le fonds vs me tfecez plaiser nhonores

2808 3273 2157 195 de vos advis et bon consiels je vs en auray

2846 3395 1344 252 dobligations et me dit
