5199 3815
530 53 1028 180 Rotterdam Jaques Meyers

2075 67 698 156 9 mey 17131 8

610 193 2167 135 gedraege mij aen mijnen voorgaende 4 deser betrouwe achte

616 254 2159 156 volgens et dat ue mijne intentie penstreert en dat ue

622 355 2128 169 moet vone dat ick daer  gesondeent bn nochte

635 439 2133 160 mij niet verders en contvergen ingeshoeten dan een for

661 524 2044 149 melier van procuratie de verdire creditere als

640 633 2133 156 d'erve de wed: petet de gager en levenir de dorpere

647 707 2138 157 nen hiers oude daer van bediennen voorde geene en

644 793 2071 187 wie sy heenne procuratie willen senden ende die

664 874 2102 180 3 procuratie diende hier saemes te wesen om de her

659 985 2084 226 sijnde crediteure te beoepen ende de selve tedre

659 1074 2042 220 conformeeren endoeer om coinert het beter van

683 1178 2068 175 ue oft derven paeter de gaeger als crediteuren de leve

675 1291 2090 165 muy de dorpere daer  soe te disponeren endite

668 1384 2090 209 indusseeren alhoe wel aenden selven geen kennite

643 1496 2152 180 hebbende, als door mij oft iemant anders die geen credi

471 1619 2322 189 ttieeren is tot ue gevane ick hebbe he gescheven voor

640 1707 2148 190 maels soo als ick ue gemelt hebbe hij heeft mij geantwort

659 1811 2129 199 in terme us mijn heer Jan Batis mertens Jancorschry

660 1915 2088 153 my oock daer over aen ween toecoemende post danm

657 2006 2103 197 lange sal antworden ende ick mijne delick sal de en

658 2124 2134 195 slutie nemen van de congpneeren ende mij te forman

656 2235 2125 162 met muerdere cause den crediteeese soo dat ue als naer raede

620 2338 2136 149 daer over die 2 keere mestere moght aen specken en

665 2471 2118 137 consulteerer sedert van mesrtens noch dorpen en hebbe

656 2558 2071 171 ick niets vernoegen die brief was dato 17 mert het is

673 2640 2092 127 van heroder naer pitaties gesonden ende ten waere

688 2752 2089 159 byt liefde voor ue intrest ende gelijck ick soude wille

684 2833 2092 132 ue voor mij iveceste dede ick soude allange de

645 2931 2075 200 hebbe geabandonneert de crediteure alheerster klaetse

673 2989 2090 233 doen alerger niemant die spreckt oft draeght hem iets

690 3095 2090 195 aen considereet hoe ick  maghtigh ben iet te ee

689 3221 2087 157 tueren die voor niet eenen sheyven geintresseeert ben

681 3277 2107 215 gelooft ij dat partije noet naer laet sight daer van te

678 3383 2094 190 bedienen wel in sinde dat de crediteuren verdeght

672 3482 2098 188 sijn ende het hem neet aentrecken welle ue wel segge

651 3575 2098 190 dat ick uyt dien hoofden meer swaereghe ijt vinden

2850 0 2256 198 a tolimyt gefondeerde vred     e e

2859 41 2138 251 te connen gaederen de gesonden boileu hebbe

2874 172 2175 245 wel ontfange doeh 14 p te cost ick vertrouvae ae

2892 274 2193 227 comm das weerde vanderve  Deomjs ve

2891 344 2207 299 gt sal hebbe inge voordert ende versoecke pet

2898 476 2207 251 met quitantie die hij met peter benaert maeren

2898 543 2055 255 welt afgeven groete ue van hete en blve

4970 651 49 80 7

2896 666 2226 285 Ghendt den Belthouwer verBrugghen Ady 9 mey 1719

2905 810 2135 281 Ick hebbe sensibel geweest dat ue naer ue laeste

2905 966 2063 229 overcomste is vertrocken sonder mij eens te

2916 1104 2185 202 spreken naervemael ick ue versocht hadde ente

2899 1220 1969 192 aengenoemen hadde de meuwe gemaektte

2923 1334 1872 233 portaelen in onse cashedraee wercke to

2929 1446 2055 215 examineeren tot het resteerende werck een

2930 1555 2133 221 teekeninge te maeken en eencordonnarte

2913 1665 2122 185 laeten nu verseekert mij den schryn wercker

2948 1787 2096 190 mi ordaens ue bekent dat ue de maete heeft

2934 1957 2093 138 genoemen en ue speculatie daer over laetens

2902 2035 2011 190 gaen ende gelijck ick dat werck langhs alle

2833 2160 2151 197 kamen geertie gesloeten sagh en in eenen

2944 2269 1944 195 terhoorelycken& staet soo osts desen mijn

2922 2355 2120 242 versoeck dat ue gelieve de teekeninge tot dien

2932 2489 2079 159 eynde te maeken en mij toe te senden om het

2940 2600 2113 177 selfde te conmen naer ue raet en gevaghten

2958 2718 2060 218 perfectioneeren, sal die soo cort moogelijck in

2956 2822 1923 197 antwoort deser met den boede du winte

2947 2942 2117 196 gemoet sien ende ue dat mij verobeigeeren

2945 3067 533 174 die blijve

4148 3189 483 112 13 mey 1709

2888 3187 794 193 Gent JacBus Baut

3293 3316 52 55 bo

2948 3222 2118 228 lhive broeder onsen oom heeft de goetheyt gehadt heden

2971 3374 2083 142 uyt ue naem ons te communien dat ue ed niet onge

2976 3425 2067 140 raeden vint eenige penninge te advanceeren aen d ad

2978 3479 2073 159 modicteurs van costj reets voor sijn engen 21000 court

2989 3563 2144 176 geingageert te hebben ende ons het selfde voorte draeen

2988 3677 2074 89 daer ue obligatie voor hebbe want alheer bij naer geen
