5097 3855
585 67 2123 189 Amsterdam Franc Rousseau Ady 8 April 175

625 167 2110 212 Ick hebbe door uee missire van ue comptoir dato trae

634 305 2106 200 gereflecteert ue andispositie doch niet gelooft van

640 395 2095 187 sulckx gevolgh soude geweest hebben als ue mij met

628 512 2069 202 sijnen 4 court gelieft te milden echter godt danck

619 612 2061 213 ue vacomen uistelt is wenschende van hedte het

639 730 2016 197 alooch soo magh continaeeren en ue van per

634 838 2085 199 secte gesontheyt voor lange jaeren magh jos see

659 954 2014 211 Ick sien het naer geval van den handel de suyt

639 1064 2093 187 zee comp acties tot londen dat die op 300 waere

653 1172 2074 172 wij hebbe engelsche brieven op gesteren become

674 1263 2035 145 die molden de selve aldaer op 320 u 30 wae

653 1370 2060 186 ren gewest ende ten daghe van afgander

484 1491 2231 207 briuvenop 260 a 250 gevallen en wederom ten

649 1589 2011 237 selven daegen 280 gmonteet dien handel en

639 1708 2053 188 can niemant niet fondament anetreeren het is

649 1805 2050 156 een fortiune voor de gluckige dat voordeel heb

656 1910 2078 204 be ick gemist dat mjeen schoon capitael dit

645 2031 2061 187 fereert sos als ue wel can afmeeten hebbene

647 2133 1985 214 mijne vrinden tot londen op mjne ordres

635 2245 2060 210 vercocht het spreck woort seght als men een

663 2363 1994 205 ander raet vraeht en volght dat men dan sijn

679 2478 2024 209 doen niet moch berouwen een secrete advetentie

706 2580 1924 248 en naet van een mijnden bjste vrinden heeft

704 2694 1989 228 mij mijn ordres voor londen doen venniewen

712 2815 1975 182 ende daer op is den vercoopgeschiet ende ick

721 2909 1962 208 neme iet het geval pakentie al die naer cocht

697 3037 2036 202 hebben sijn secker van een considerabel gewen

668 3148 1980 184 maer wat tegenwordighe coopes hier in

705 3249 1942 160 bilden oft te gemoet sien en can ick niet be

702 3357 2021 216 gropen Ick sien ue de banck acties tot londen

687 3465 2057 214 mede noteert op 198 is den drest der actionet

693 3584 1964 204 present e costy soo groot soo soude daer mede

2806 40 2150 167 wel een extraordinaere sortientien coemen

2806 120 2105 211 Ick hebbe £500 op inghen naem onder dhj

2798 229 2200 214 Dancel hays aldaer ick stelle die aen ue oordeel

2796 347 2080 185 de selve te vercoopen contant op leveringe

2816 446 2115 258 alst ue sal geraeden vinden doet als voor

2818 524 2123 296 eygen als maer onder de s00 niet en es ick

2809 637 2134 327 sal ue naesten port een brief met mijne pro

2839 736 2152 276 curatie op D daniel haijs dae ingeslot

2822 809 2187 330 ten toesenden die ue onder ue can behaede

2803 951 2178 308 en by vercoop den selve onder ue couvertluer

2797 1051 2208 393 ten afgaen Ick sal hem woors dagh partieu

2826 1167 2168 352 hier over oostenden schrijven dat hij ue ordres

2814 1337 2190 305 bij vercoop tost leveringe gelieft te volgen met

2834 1468 2154 327 de penningen ontfangende mevens de leve

2844 1636 2150 267 ringe de propositie tot incoop van peper

2844 1715 2158 276 is voor mij een ontekende negotie dat ue dae

2833 1866 2179 260 mede pasten diel geliefde in te nemen dan

2830 1951 2181 323 soude wel resolveeren iets te saemen te doen

2856 2087 2164 222 mits de brieven op costj soo onsecher gede peschet

2871 2190 2146 272 worden soo gaet de u adrateur elde den brief

2871 2289 2046 278 met de procuratie hier voorens gemelt voor

2837 2408 2168 254 Dh Daneel haijs over rotterdam onder conve

2865 2516 2133 284 van mijn vrent aldaer verhoepende d'een en

2896 2655 1798 213 d'ander ue wel sal geworden soo blijve

2844 2757 2148 262 D:S: alsoo mede vlijf honder ponden sterlenge

2888 2863 2132 222 acties in de barnque tot londen hebbe onder

2862 2976 2161 201 dannel hays soo versoecke met de mijne te doe

2854 3069 2112 235 te vercoopen oft te laeten als met die van

2862 3170 2119 232 mijn broeder de procuratie ende de ondre is

2881 3290 2024 201 in den brief aen den selven van mijn

2875 3402 1473 194 roeder tot ue governo blijve

3662 3462 1343 159 dit onderste was onderte

4061 3603 913 134 dechil me sijn sean

2796 3587 1667 182 dese ordre ul door mij gecoamaweert en de

4083 3702 650 83 ito 2 Janus ands 3r

2817 3718 1151 67 aen genoepsesn volgens su
