5177 3830
539 33 2163 168 ayant bien dobligation l est asseure que sant

548 158 2060 172 vre assistere me nauvois jamais theu sortir

604 259 2062 192 d' affair aves luy: la commece est faince

608 375 1998 208 et enperit plus quil y'at a gaigaeres si

591 478 2142 198 je n'avoir pus du sone va revenue ie ne pssie

585 612 2087 201 pas sublister,  le negoce ie vous salue et

576 741 929 217 Surs du colur

488 852 2081 206 London P. de Dorpere Ady 15 Julr 1713

574 922 2101 268 Ick ben wel gevoelijgk te dien bj te misive dato

564 1097 423 186 26 Juny

631 1090 1944 261 courant das ue ed. mijne blanck n hets sonde

552 1214 2079 192 laeten atschrijven in de sujssre comp. naer

581 1339 2143 204 demael Igh ue be ie oo posmet hadde gerdonneer

585 1443 2075 167 die te vercoopen ende my te tter

563 1564 2165 198 ue heeft betaengenoemen te doen ene noet

577 1674 2121 201 tegenstaende doet ue nu contrarir. ick hadbe

521 1758 2172 205 daer posincr staet ogemackt hebbende

566 1875 2106 198 nief een Temployes voor handen daer ick hier

577 1997 1931 210 penningen  moete besorghen andere

557 2111 2136 149 vrinden die sulckx post me hebben ge

573 2212 2047 187 neert hebben het geluck gehadt van te

594 2309 2010 183 vercoopen en oock remises. nu ie de

588 2436 2096 180 wissel aent daelen. de noteert de suynee

1262 2520 341 99 12a126

593 2555 2102 175 comp dito ½ fieer van 119t tot  n

578 2674 2079 170 de derwaghtinge van 120 de hollantsche

593 2763 2086 187 gasette uyt den articul van londru dato als

607 2875 1960 173 boven noteert posinet alleen 114 wat

574 2994 2059 166 hoepe hebbe ek ni van beerere rekeni to

583 3102 2109 155 maeken ick soeke posiiel vercoght te hebben

579 3216 1949 181 ende dat ue mij die weerde remitteere

590 3332 1962 203 Ick en wille mij aen dat daeler ende

603 3448 2006 170 ponteeren niet onderherigh machen

591 3558 1992 204 te meer omdat myn goet vinden socke

2830 47 2015 222 geremitteert te hebben  bidaende soo haest

2794 154 2240 198 moogelijck te vercvogen ende een egudete

2825 289 2133 171 moeken waer van Rokm te gemoet sien

2822 340 2225 237 ende remise niet twijfelende oft het vervallen

2811 559 94 58 d

2818 500 2118 253 jaer intre gber 1718 sal mlde ontfangen

2846 613 2190 205 ick recoepmanieere ue dan en wyersten daer

2820 751 2072 179 van een eynde te macken en awaghten

2844 861 1716 234 blijve naer groetenisse t

2804 978 2109 217 Ghendt JBede Saedelaer Ady 17 uli 1719

2836 1107 2217 189 mijnen laesten is dato 10 deser desen tot conver

2846 1248 2069 146 van den wisseliet niest laste ieen door mij

2837 1374 2133 142 v oor ue Roken Croliaen an s £150 a 1335:11

2864 1457 2181 183 vlaems wisselgelde £269:7: waer voor mij ors

2859 1577 2049 200 syne Rekene gelieft te crediteeren en in alle

4902 1619 119 196 d

2890 1680 1923 155 occasien te commandeeren die blijve

2805 1756 2202 242 Ghendt JB De SaedelaerAdy 25 ditto 1719

2806 1920 2124 187 met ue missive dato 22 courant becoeme remise

2863 2043 2094 184 voor ue Rekent dato 20  p Caste op francois

2847 2154 2128 162 sammels en comp. wisselgelde £200:-waer van

2877 2251 2186 155 betaelinge hebbe gevoordert en ue ed. op siyne Reken

2849 2384 1076 185 gecrediteert blijvee

2807 2410 2242 226 Antwerpen orvois van Seartep aghs aAdy 2de beye 17

2845 2607 2205 173 Ick ben selfs beschaent  en huyte tecoemen soo dat

2851 2681 2136 202 ue pr desen coeme versoeken van op miy te speysen

2841 2787 2217 159 eende de reden te willen plaetsche gever & ue weet wat

2833 2871 2227 145 somme ue mij schuldigh is hoe lanck ick ue gecrediteert

2855 3001 2207 128 hebbe en wat passentie ick gehadt hebbe en nogh hebbe

2853 3087 2170 120 ende dat het seekers is dat niemant in fasverpen

2874 3208 2070 105 doen en soude dat ick gedaen hebbe en nogh doen sal

2862 3276 2047 172 gelieft van ue cant maer te corresondeeren. ick

2853 3373 2166 133 vraegte maer een sommeke op reseeninge het is al over

2858 3440 2184 132 het helt kaer geleden dat ue mij niets gebrocht en heeft

2845 3530 2200 148 ick bidd ue dan tot ant woort deser van aen dit gn

2833 3602 2152 114 soo recht maessgi versoeck te voldoen want ick moete

2903 3667 2142 99 o 255dt tot tijdt wat geldt hebben mij op ue verlaet blijve
