5088 3897
563 113 2016 216 hhendt 0 de Saedelaer Ady 4 prei 1721

652 213 2046 204 In antwoort oos ue aen den ienmet van gisteren

647 354 1991 194 sal voor de reudaco in d Jacobus de Belinck

630 455 1983 192 5 deser p  asse te betaelen van £166:18:4

646 543 2042 209 sorghe draeghen oock voor den brief mest laste

629 671 2023 177 Etms addres 12 deser vallende ordre cherles

646 797 2050 155 =orsten souwe van s £100 as 135- blijve

500 878 2203 197 London Bartholames van winghen jnier  1723

583 1001 2069 197 eenen particulieren die net ik vr itschap a

597 1109 2040 186 costijt hoodigh hebbende hebbe dheer ue vaeder

563 1222 2042 170 gesprocken die mij geantwoort heeft ick ue

555 1318 2067 179 teoude liber schrjven ende ue ij het niet

645 1416 1901 192 en sal refuseeren reden ick de liberteydt

641 1526 1854 190 neme het ue de versoeken te weeten

612 1646 2067 137 alsoo datjeen soo scabbens wesen en men

631 1745 2063 172 in corte gepasseerde maenden soo veel onven

604 1832 2075 194 waghte voorvallen gesietn heeft ick geerne

621 1946 2026 175 de ecuriteydt soude hebben om te weten

594 2054 2053 185 of de foundlen die sen en mjne vrinden tot

586 2146 2067 173 London hebben doen loopen in conformitent

613 2275 1871 162 op mijnen en mijns rindens haem

635 2387 1952 170 tiehasseert sijn en als proprietarissen

597 2467 2104 213 ekent staen soo als wj procuratre hebben

664 2590 1840 205 gesonden ons het te laeten geschieden

541 2682 2147 229 ende viste vrinden adviseeren het te hebben

634 2824 2061 208 gedaen tot dien eynde gelieve soo veer goerhey

622 2910 2080 202 te hebben te spreken eency not ay die ue

625 3029 2067 195 ent ende met  selvez ius d de wille

645 3172 2053 161 gaen ende naerte syen uyt  van dese

593 3232 2031 217 soude  comnussie, ce de banque en ind

612 3387 2101 188 on Arnsishe Cospagine de naervolgenset

613 3464 2066 208 partye po notti hier ingesloeten dat ue

655 3578 2048 185 niet herffuseert sal worden maer de bealken

627 3707 2031 128 ende de blaederen sullen in aengetoot

2826 104 2139 227 worden mitiders rekeninge ende de sommen

2795 221 2059 222 noveel ider gecrediteert staet ende daer van

2802 328 2038 203 gelieft den notaris notitie te nemen van

2798 437 2129 247 boeck folis en sommen ende onder notariale

2773 561 2169 217 laete van de claratis te geven van alles in eenen

2818 658 2084 235 aet gelijch ick voor desen nogh gehadt hebbe

2802 799 2159 200 die bidde dan aen my in antwoort toe te lengen

2798 914 2186 235 het is mij het selfde wat notaris ue gebruyckt

2815 1026 2150 241 maer nieft ue kennisse aen den not aris jaae

2791 1131 2152 210 delpeek die heeft het voordesen voor ons

2813 1283 2107 201 nogh gedaen Jen kent de rousine ende heeft

2816 1395 2117 218 sijne  declaratie int fransch gecoucheert die

2808 1494 2171 208 seer pertinent ende xact was. ick versocke

2840 1607 2097 204 ue oock dat ue sulckx gelicft te ceriteeren

2829 1716 1955 166 ip dat het ter hennise van onse

2816 1838 2129 181 vrinden niet coeme het gene ue daer aen

2820 1943 1947 191 sal debousseeren nevens de brief port

2840 2073 2107 150 gelieft maer op  ue vaedenst rekeninge

2799 2155 2072 197 te passeeren soo hij mij asser heeft ick

2843 2287 1971 167 al het aen hem niet ren bourseerten

2843 2395 1999 186 ue sal mij hier uyderlijck verobesgeeren

2820 2501 1618 185 n blijve in afwachtenae

2790 2612 2117 175 Amsterdam Franc Rousseau  Ade 7 Jul 1722

2819 2693 2108 202 sien bij ue aengenaeme courant Dhh  nilman en

2825 2811 2108 127 meylenaen niet willen perpitteeren ue ie de brieven

2822 2941 2107 109 als bij mijn voorighe saemelit voor onse reken soude

2811 2990 2192 174 de quitteeren den antrecken scen can hun eietforceeren

2818 3109 2114 129 dogh hebben sij respect ooor den drecker van te

2820 3170 2149 189 afcessteeren sijbehoorden het selfde respeetie hebben

2809 3270 1988 167 o die saekent lijner regaeirde alsootlaet en

2816 3378 2151 153 passeeren soo soude sie dien ii sien gevalle voor

2809 3472 2192 161 mijne vrinaen want het is ongehoort en orgepraete

2775 3555 2205 127 leert dat men sonder ordre oft kennisse voor een

2785 3623 2152 169 perloons reene oopiant vreemis sel trecken ende

2795 3715 2136 122 die doen de weerde founurer sonder seeuritijdt det
