5182 3852
570 89 2060 172 Brussel Joanne Beeckmans Ady

658 125 2075 248 Ick ben wel verwondert gewest j den ont sack

643 261 2057 170 van ue missive dato st p llaest daeron

638 378 2075 116 niet rdeelijcker als te bettaelen dat men soo lasse

639 493 2054 174 schuldigh Eone heeft reken 2 . gesoedt ie

677 547 2043 227 my Sehuldih £134:5:5 vlaeis w sselgelte

641 678 1975 185 ue heeft mij reken tegen gesonden dat ick ue

634 800 1875 160 schujdigh ten over aen lliet en voeder te

640 877 2047 208 some van ƒ53:6½ £8:17:9 a tgepschet

635 997 1875 202 bleft £25:5:8 ue can dietwile ue can

588 1151 1894 149 lerden overcoemen wat gehilt mij dat

630 1204 1934 190 volgoet m en laet mij sulckx trecken

638 1303 2003 194 p adviguarz met volle prostante in vild

576 1418 1951 166 van alles dan is ue, en ick oock gerust

633 1511 1942 197 ende geadisteert voor leven en sterve

575 1595 2017 168 dat den besten nnddel is en niet twifele

632 1721 1940 151 oft ue salt soo agreeeren welck versock

617 1813 1978 159 en afwaght ende blijve met offers mijn

604 1914 1083 157 dienst: & alle occasien

536 1972 1991 232 London B. van winghen dy 23 mij 1681

1836 2137 341 102 2 payel

627 2119 1709 199 sien bij ue aengenaeme cour ue de

646 2223 1987 196 goetheyt gehadt hadde van aen mijn velloech

583 2349 2056 150 te voldoen doch mij bij de boeken der suyte

663 2436 1754 187 Comp. credit hadde bevonden allen voor

613 2552 1789 197 to £500:- in plaessche van £1500:-

617 2636 1830 215 gen hebbe sedertt advies van mijn vssent de

628 2766 1951 156 st £1000 ock geransporieert sijn en sulckx

638 2886 1831 159 was voorgevallen hij om redene bayten

613 2966 1917 142 stadt hadde geweest soo dat ue nu gelieve

617 3081 1852 189 de goetheyt te hebben slckx noch eens

626 3166 1873 199 naer te sien en contorin bevindende mij

593 3276 1970 210 dan Eege notarsaele de larasse de willen

635 3408 1864 156 toesenden nevent notite van d'oncosten

633 3504 1838 191 ue sal mij verplichten die ben de alle

645 3603 740 155 occasien ot

2755 91 2090 255 Ghendt francis Geraerts Ady 2 Junii 1722

2782 204 2154 224 hebbe de drij ne missives 10 en 30 past de beant

2775 315 2191 212 voordes die ons echter niet meer satisfactie connen

2812 440 2057 203 geven als ue over acht maenden gesaen heft

2779 508 2140 229 ue aelieft wel te considereeren den dienst die bij e

2822 597 2097 239 gedaen hebben ende dat ue memens in de weerelt

2815 683 2140 212 en sal rescontreeress die soodaenighe pasientie sal

2818 813 1935 202 hebber dogh dat en can ofte en magh niet

2835 920 2125 181 blijven twaineeren voor levers en tervelle ue ca

2828 1021 2006 188 met de messieurs van den lande van ce

2835 1087 2165 192 doen wat us belieft het en sijn de onse i

2836 1218 2125 178 maer ue affairens. remitteert oft gelieft os

2844 1328 2121 158 andere passeeten te geven voor 115 p 30096-

2833 1423 2160 210 ende oock voor ben de charge brief an ƒ50000

2851 1534 2133 159 want ick versocke te saemen te moogenn

2854 1616 2129 195 frechenen en advisseeren want he

2857 1724 2139 170 inesprie wee jaeren dat ue sols deni

2862 1842 2034 177 niet betaelt en heeft oock bidde ue eens

2871 1945 2110 201 indaghtigh te wesen wegens de lofreren

2864 2074 2073 126 die wij gedaen hebben om laet

2858 2175 2021 171 daue my geschreven heeft dat wy onte

2853 2288 2178 184 quistastien soude sendsie gelijck wij gee

2853 2378 2162 138 hebben en by provisie mors geene benaelinge

2874 2522 2156 156 en connen te coemen vu et

2896 2601 2078 171 p Janpars: laest gevallen bidde naer cans

2893 2731 2102 111 sber te spreketn wart en soo eene manere

2911 2809 1932 169 en sol niemant meeraet schieten oft

2895 2891 2081 193 advin ceeren ick bidde ue dats seer vrindelijck

2905 3012 2097 139 sorghe te draeghen dat wy te sae men op diee

2943 3114 2107 196 alt dandere manere eens modg ns alfusteer

2921 3226 2116 197 cons met couragie als rest ens

2950 3336 1910 179 affairest te comen onver nemen. mij

2929 3426 1799 210 van hier op verlaetende blijve
