5052 3855
673 74 1962 160 te laeten panslateeren wayt translaeteenen

612 157 2050 150 is varieeren en fin quod factun est in te

689 272 2058 189 pier negut svantel on den hedendaegheten

699 395 1970 161 cours niet te vercoopen avant de banck is

694 508 1962 188 gy een sond te colide om daer alte schijven

706 605 2047 155 voor 230 a 240 voor soo veel de suyt blijft

741 711 1652 172 stant houden tussehen 7 a 80

682 841 2019 127 ue sal bekent wesen wat tot Rotterdam

698 921 2049 192 noopende een esscurantie comp. & voor

725 1008 2029 155 gevallen nn seght men dat tot Aenstendam

584 1121 758 146 aen poptsactkelijck

687 1130 2049 216 wel opgereckt worden. in cas van het selfse

705 1255 1844 133 bidde sorghe te draeghen van voor mijne

722 1329 1835 203 rekenis in te schreven vdor duysent

695 1431 1855 209 pouden  men ondervint doet

693 1521 1880 217 6 diergelijcke onder neminghen van den

724 1665 1972 157 eersten iustant  aengegretn

725 1740 1966 233 worden wilt men advance doen blijve

1882 1841 658 253 ge de 71

613 1911 1124 180 Amsterdam Francisco Rousseau

678 2029 2061 155 hebbe ue 27 passato gescheeven en oock becoemen ue mise

678 2127 2061 124 ue van selve dato hebbe ue mijne intentie te kennen gege

2386 2207 196 82 lnock

700 2216 2037 164 ven van op heden daghsen cours van 240 a 4 nect te

693 2293 2037 193 vercoopen hier sijn ooce geintresseerde ende vande selve

703 2383 1983 142 opnie ue  doet seer wol het aenstaende geert to

706 2473 2010 177 brussel te gaen by wonen eneck versoecke van int

707 2600 2051 178 gaen en keeren ue logist bj mij te nemen ick sal

683 2672 2082 139 voor faveur estimeren en ue en herft gien rede om m

708 2773 2049 196 dat te refaseren ick betrouwen dat ue iemant sal hebbe

717 2880 2037 189 om ue affairens in ue absentie waerrte nemen om

721 3020 2034 141 ingevalle d'occasie resinteerde vant iick

720 3080 2001 202 van een assierantie comps a costy mjne ge

1637 3179 327 83 te connen

723 3170 2016 203 geoene commisse £100 in te teeckenen dat ue

710 3287 2047 150 noch mael reecommandeeren ende aengaende on

736 3394 1999 122 bancke actius tet londe ick een dencke niet dat sulita

730 3521 1937 138 soo sterck in ue absentie sal presseeren echter

719 3569 1923 147 voor al voor val bidde soo gaet te weten

741 3677 2000 126 van mij ne procupatie met den missienes

2762 60 2197 196 p lancel hays weder te senden misseert het middel

2775 130 2219 210 erwijl soo can ick mij daer van bedienen presseert het

2763 244 2243 205 het ick sal de selve op ue retour wederom n connen

2794 315 2111 252 behandegen niet tegenstaende soo langh ue tot

2793 368 2228 331 Amsterdam present sal wesen bij voorvallende sorteyn

2762 524 2233 266 magh ue disponeren als voor desen gemelt naer

2789 639 2210 261 ue goet geraeden verwachtende het faveiur van

2815 770 1903 247 t' onfangen ten mijnen huysen blijve

4113 834 801 212 prems July 1720

2823 917 1027 220 Rotterdam Jaques Magers

2817 964 2141 248 ue aengenaemen 28 past hebbe wel ontfangen ende

2821 1050 2188 250 achter volgens 17 hebbe geschreven hebbe d'ergge naemen

2817 1187 2183 203 van schepper ten selver daegen op de gemelde que stante

2809 1278 2176 228 het eerste payement voldaen van ƒ42 in wis synde ue

2810 1392 2181 234 daer vooren eecrediteert conton a t voor het soedoe

2827 1502 2147 243 mende sal model van quittantie senden sijnde niet noo

2821 1613 2176 231 digh voordere procuratie tesenden denpende de asse

2832 1715 2078 200 tantie compaqque a costy resonneerdomen alheer

2833 1846 2175 227 ditto miss wel gefondeert te sijn redene sijn niet al

4716 1953 228 82 self

2849 1961 2163 205 lien de ordinaime assurantie van motterdam van

2844 2111 2161 161 Amsterdam en andere paitse naer sick hebben

2856 2183 2159 237 getrocken vervolgens det amsterdam e ien ende

2872 2292 2107 225 de selve comp sal moeten op rechter oft stie

2866 2432 2133 211 deren om die van costiy te doen me mietegen wat

2865 2556 2145 165 daer van sal coemen moet den tijt leeren echter

2861 2642 2137 244 ofter tot amsterdam eene weerde geadmmitteert heb

4724 2738 298 118 gon fasc

2853 2813 2048 196 ick ree ordre gegeven van voor mij rek en

2864 2856 2158 202 deel te nemen sullende niet plaisier af wechten ende

2864 2984 2162 150 vernemen als ue de   e occasie sal

2841 3081 2177 193 hebbe van mij iets te connen advaneeren soo alsaege

2858 3147 2105 234 lieft te melden de suytenue comp van london heeft

2852 3252 2181 225 tot amsterdam voorleden saterdagh op eenen aldaer

2852 3382 2172 227 gearreveerde ex pressen wederom seveur genoemen

2875 3476 2102 205 volgens raport van een passayue gasteren avan

2875 3554 2110 165 daer op heer gearre vae dat alles geen stant can hou

2891 3639 2122 138 dat is waer maer dat het soo seffens sal caduceeren en

3927 3729 1076 69 11saer om minde ick en m

3329 3748 222 60 h riet
