5199 3815
590 21 858 223 Gheudt Jacobus Baut

1871 47 814 184 Ady 19 meij 1719

637 113 2058 195 op 13 deser hebbe ue  gereuditteert

647 284 2074 186 ue d selfs van wisselgelde £2000:-- ten cijne als

583 382 2024 181 daer bij vermedt sedert ben sonder antwoort

635 490 2098 158 desen tot convert van aen briefks dan 10 deser

632 578 2095 237 o dato morgen vallende voor £ p01:2: cn

602 698 2088 174 van ƒ500:- couraitt roack voor het noodigh

626 831 1465 203 gelieft te besorghen en blijve

521 934 2047 238 Brussel Jaeques Roussea Ady 22 my 1719

2426 1016 203 129 p28

640 1074 2079 184 ie ne me sousvienne pas vous avoir escript cette

627 1164 2126 155 seucement pour vous priez du voir tant de bonte

604 1262 2153 233 de voulotrr faire procurer le payement  ma

646 1395 2088 222 quittence cy incluse a charge de vre vr ƒ98:-

649 1498 2065 143 courant t en crediter et ma doimer un

584 1584 2089 194 dadvis ous m'obligerez qui surs tousjour

519 1700 2218 207 Rotterdam Jacques Mopers Antwerpen 27 my169

585 1805 2138 245 Ick hebbe wed missiver dato 9 en 12 courant wel

617 1927 2050 180 ontfangen oock ue les procuratie waer van my

626 2003 2116 187 reetsbedrent hebbe koopende iden boedel van

624 2115 2126 154 scheppers ort de meeste hier weeknde

620 2246 2100 147 crediteuren hebben hun geconformeert endie

629 2285 2140 216 eerste requeste tot dechinge van de paralisadt

655 2422 1996 168 vervat in den testamine van de voors

624 2539 2126 182 gisteren op Brussel afgegaen niet rooselende

564 2615 1972 198 oft sulen in corte daeghen dien aengaende

636 2748 2117 183 expeditie hebben voor soo val obr: haedt

624 2844 2129 186 meester vervequeste deser maendt mey wesende

583 2955 2114 131 daer van geinformartie sijnde geadverteert

651 3042 1884 197 door sijle susper me vroun erhoeven

611 3189 2128 132 mede pretentie hebbende dh advocaet van

647 3306 2112 127 caust wie de saeke besoort naer mijn

644 3375 2042 175 en oock volgens experientie aen beghaet

636 3475 1986 176 en expediir ap ende daer en sauie

657 3578 2000 179 verneglsgeert worden, van het passeer

2842 51 2281 153 sal ue eds van tijdt tot tijdt advies ven ingesloeten

2851 158 2224 206 een brief in antwoort aen ue inclise voor mongh

2841 297 2285 178 lour la tour miss ue le op ous niet t past

2852 403 2110 157 nochte en coemt besoeken hebbe wel speculatie

2868 505 2214 201 met mijn huysvrouwe aen toun naer hollandt

2861 632 2140 213 te doentegens half juni om haer wat plaiser

2863 754 2188 184 te heven tervogen sij nu redelijck te pasis n vrij

2863 890 2033 188 in corte jaeren wat stoetiens uytgestaen heeft

2872 1005 2243 158 ende ick niets en egligeere sijnde de passeerende

2876 1161 2215 156 affairens van geen belangh in dien gevalle sillen

2871 1214 2129 211 sons deere geven ue d te salveeren en large

2885 1346 2142 164 nonen het voorenstaende te apresen mijn

2906 1459 2097 178 schoonmoeder met mijn huysvroune ende verder

2896 1560 2223 189 vrinden diverteeren hen op lackene ue 3de wenschen

2881 1672 2064 198 de het saligh hooghnydt van suren blijve

2848 1786 2146 225 Rotterdam Tour la tour Ady 25 mey 1717

2891 1960 2191 176 Ick hebbe ue misvn dato 9 courant ontfangen

2872 2048 2217 197 met rekunt van 40s stesten RC: ƒ 42:14 waer voor

2896 2160 2020 190 ingesloeten mijn bewijs op derven dr Dirnys

2870 2270 2192 214 overBurgh Ick weete wel dat geen aflaeder voor

2917 2415 2165 176 evenementen moet caveeren van gebrockine

2907 2499 2180 182 stessen en spreke ick niet maer van die te corte

2894 2612 2095 188 te wesen die niet encomen gecchpseert

2889 2723 2149 164 nochte ontvrent wesen als de manden wel

2909 2820 1985 166 geconoitioneert ende nedicht terhandt

2896 2914 2059 167 =coemen soo als ick gesien hebbe moet men

2924 3001 1992 189 verantwoorden  het woort van p ue

2910 3146 2078 132 presentie te tellen is schelden ket sij voor my

2914 3226 2076 199 oft voor den schipper Adam Bortlap ben
