5159 3824
547 29 2057 234 Ghendt JB Desaedelaer Ady 9 xber 1719

669 171 2065 201 mijnen laesten was 27 passo waer toe mij rescriere

673 280 2035 156 alsoo ue mij voor desen heeft gelieven te meloen

681 393 2071 166 addres en kennisse te hebben bij dh. dee versoge

665 509 1991 192 soo neme de liber tijdt ue p desen te versoeken

690 632 1902 132 sich met het ingesloeten pampier het sijnen

679 710 1984 177 comptoire te ransporteeres ende ditto hier

711 843 1866 166 te versoeken van op sijns comptoirs regisiie

676 932 2003 213 ft 279 verso naertesien de rente van ƒ 33a 44:13:9

691 1045 1987 187 wisselgelde competeerende dh ontfangen van

683 1159 1982 140 Dindermonde francois Geraerts ende daer vor

684 1308 2011 163 te willen annoteeren en affecteeren aen Anna

675 1380 2046 210 maria salet wed.: Theodor Broeckmarns ƒ 10524:16 ½

678 1490 1947 208 wisselgelde en aen Pedrobttelijn insgelijckse

693 1612 1922 187 somme van ƒ10524:16½ cappitael wisselglde

655 1738 2024 172 uyte raehte van het ingesloeten instrument

682 1831 1975 186 waer bij den voorst Geraerts denbovens sijn

677 1927 1917 202 rente aen ons is verbindende. ick versocke

644 2036 2078 204 dat ue de annotatie in sijne presentie laet

700 2150 1995 238 geschreden oft ten minsten gelieft per.onclijck

664 2273 1967 193 naer te sich alst gnschiet is op dat ick magh

674 2382 1842 260 gerniet wesers en oft ue het selfs niet en

663 2504 1835 244 geliefde te doen soo versoeke een not arid

675 2598 1938 213 van Probiteydt te employeeren en van hem

657 2702 1915 213 een notartaele declarate te voorderen dat hij

682 2808 1972 219 de annotatie doen doen heeft en geanneteert

663 2927 1976 216 gesien heeft ue sal mij verobligeeren die in

687 3081 933 197 afwaghtinge blijve

2807 39 2091 229 Rotterdam Jacques Meyers 1Adr 9 8ber 1709

2876 152 2145 234 beantwoort ane misswe dato dcourant wotent

2898 292 2157 232 de educatie en comportement van syn londeren

2857 423 2128 227 dat geen verant woorden en geeft en hier voor

2903 531 2106 257 notice alleevelijck een briefe 5 dese  dato door

2857 645 2180 279 de wedne Brocckmans op hrman Persuin

2907 771 2115 261 in Caotterd van hollattes coutant ƒ85:4:2 aen

2902 889 2080 254 mijn ordre dat hm pro forma lendorseere omt

2884 1014 2134 223 favelder betaellnge te becoemen endo de wesnen

2879 1189 2106 188 Broeckmans mijn schoonmoeders reken daer

2884 1264 2016 195 voor te crediteeren sonder dat ick dat bocke

2935 1371 1360 207 oft montie van honde Eo

4349 1490 641 136 dj 9 xber 1719

2817 1496 1635 208 Amsterdam Franc Rousseau 11

2908 1568 2118 187 ue aengenaeme 25us en 6 deser mne wel

2917 1717 2130 197 geweorden. bij den laesten het aengenaemste de sien

2935 1831 1973 161 dat ue godt danck tot gesontheydt et stelt leyt

2915 1914 2158 208 wenschende ue die volcomentlijck voor veele seeren

2912 2023 2144 188 tot saligheret ende dat oy die de saemen nogh

2896 2132 2147 216 fock sijnde met goede correspondenti en vright

2927 2221 2097 192 londen door brenghen echter sien ick en vinde de

2920 2321 2155 208 dispositie daer toe daeghelijck  cauideerende daerme

2932 2442 1987 180 dieh over aen den wille desleeren moeten

2941 2537 2038 175 onderwerpen maer over  eerste aen wat

2926 2634 2090 188 gevoelight generausiteydt  henoue is seckers

2883 2719 2192 189 noodigh ende daer op hebbe iek animo. maer

2943 2822 2143 167 wat coemt dit te passeot aen ssele dispostie

2936 2926 1999 149 van Gheldt voor 3 preto injaer 2 verder en

2943 3029 2140 176 mesiteere ick niet de repligue altenen can o pre

2948 3121 2055 179 maenen dat men de schaede op de wissel

2945 3230 2082 182 en behoorde aen te sien ick segghe u t en

2961 3328 2094 170 asseureere ue het salfen waer te weten dat ick

2907 3407 2146 143 die maeke bij het avanceeren van ceingen

2943 3532 2002 171 aen de trouppen met ordonnanties op de

2970 3597 2025 161 proviuties van flaenderen en Brabandt en
