5150 3897
3648 76 982 164 Ady 14 febrnar1 1715

2583 86 829 189 Ghendt Joannes Macque

2640 130 2257 223 naer ue vertreck op gisteren is mons. Poyens bij mij niyt tel

2627 266 2245 192 naem het quaertien geet laeken coemen haelen om het ue

2619 381 2244 161 toe te senden Ick hebbe het aen hem voor ue reken. gelevert

2610 486 2138 239 sijnde N190 . 20½ a 274 a ƒ2:8 wisselg ƒ65:8

2640 550 2270 232 waer voor mij gelieft te crediteeren verhoehende het selfde

2607 677 2165 209 ue wel ets tot ue contentement ue sal geworden de

2638 781 2149 211 weergal is tesde vercoght ick hebbe sulckx wel

2632 871 2226 232 willen doen om eens kennisse te maeken en ue aen

2639 978 2297 202 te halven ue verseekerende dat in alle occasien alhet sal

2637 1100 1976 210 doen wat moogelijck is om ue wel te bedienen

2634 1179 2267 249 alt ue sal gelieven mj ne calandisie te konnen hebbe

2610 1275 2266 226 seer schoone blouwe en swerte laekens altijdts tot ue

2643 1431 1299 180 dienste. blijve van herten

2552 1483 2225 261 Mechilt RonLout Braps Ady 19 ditto 1713

2642 1637 2054 224 ingesloeten sende ue mijn cassignare en laste

2617 1773 2269 186 Mons. heb faydherbe te betaelen aen ue ordre van

2651 1871 2128 209 £22:1:8 elaems wisselgelde die versoeke gelieft

2652 1980 2019 205 in te voorderen volgens ue mondeliugh hebbe

2649 2056 2241 223 gesprocken ue sal mij verobligeeren die blijve

2548 2204 2247 198 Meeean P Saydherbe o 19 dit 1717

2603 2297 2308 231 Ick hebbe gonr diversche rejsen ggeven sonden dat

2621 2461 2222 165 ue mij heeft geantwoort of het geldt gesonden dat

2621 2519 2328 186 voorwilck wat seer indisereet is nu van sbe 1015 geleden

2615 2682 2331 156 om het import van een livres laeken dat ue opeen ander

2599 2748 2214 181 nogh niet en hadde connen vinden ende daer ich

2624 2864 2296 173 mede geaccodernodeert hebbe soo dat einde soghome

2621 2963 2231 186 trecke te betaelen aen d'ordre 2rantt ƒ 32:13:8

2628 3062 2305 196 vlaems wisselgelde die bidde niet en gelieft te wanleeeren

2568 3167 2306 168 van aen hemte voldoen als weiviel gelieft te

2615 3283 2139 180 handelen en naer reden can ue sich maer by my

2599 3346 2321 212 addresseeren voor het gene tot ue dienst het voorvaller

2595 3488 2245 147 en ick sal ue ten minste soo wet en soo goeden coot

2639 3583 2150 166 als pmandt in Antwerppen bedienen waer med

2778 3691 989 95 ive in alle occasien
