5058 3877
501 122 1967 216 London Schauvel Ady 21 Aurrsi 1720

597 300 1777 186 Je nay jamais en lhonneur vous escrire

638 425 89 119 9d

599 411 1981 168 lonnayan faire connoissence et correspondince

615 530 1909 202 celle sera de convert de quelpues remises que

619 655 1809 209 mons Cocqueel vre compagnoy qui est

605 784 1899 227 presentement icy m'a dit vous envoyeer

650 908 1855 166 ces sont pois lettres chaque de  £100

620 1049 1803 154 dont let preieres sont acceptee entre let

605 1130 1904 174 mains de messr John schopperns en sonn

637 1236 1848 218 Edwards et en seconde lettre  £200

682 1371 1809 152 la premier e es mains de mons. Damel

500 1460 1977 189 huys acceptee. il vous plairee resirer les

583 1593 2037 176 preuieres procurer le pagenent et me

639 1699 1894 197 crediter me donnaur ladvis du reeu vous

649 1853 1164 202 mobligerez qui suis

601 1937 1964 218 Bulliet 2 usenies sur Clisabet Chapman  100

561 2102 1984 218 oulliet 2 usences sur hemilson en Coohe sa £100

574 2203 1949 166 Aplliet 2 usences fur Davis sBraten  £eob

620 2322 1886 200 L4 jliet 2 ssences sur joseps hhyam sij£ c00:

1800 2417 833 180 Ady 28 Augusti 1720

508 2426 1010 241 Ghendt J Bede Saedelaer

614 2556 1931 175 met ue aengenaeme 25 cour. becoeme remise

578 2671 1994 186 op de normandie in Amsterdam van 22 ½ ¾ dato

602 2768 2006 169 hollants coutant ƒ900 die tot 3¼ prets ue schaee

592 2892 1931 211 hebbe ingetrocken ende ue gecrediteert £145:5:7

611 3014 1984 192 daer tegens ue gedebiteert voor den ingeleyden

638 3157 2009 163 brief tien laste door mij voldaen s £120:2:-

588 3245 1984 180 a 36:1 vlaems wisselgelde £217:11:7 waer

643 3361 1978 148 voor mij gelieft te crediteeren. hebbe de over ander

620 3482 1998 180 daeghsele consse Gods wilter mij van verlosten

655 3615 777 194 blijve

2782 86 2182 237 Cestrick dhuyh. C. Gransigrenfor Ady 31 Auriis 1720

2841 176 2139 267 j ud Lengeklanme 12 der laet Reestno miy bebet

2766 331 2160 258 soo ue my middellatrjets niet remisteerde

2837 462 2128 220 tegens den bost over te coemen en te sullen

2839 612 1993 221 voedren: ick bidde ue sericiseljck eens te

2788 707 2154 224 considereeren wat intrest ick leyde en geleden

2821 837 2082 249 hebbe en hoe weynigh ich mijn leven met ue

2822 971 2096 300 gedaen hebbe versoekende dan eyndelijck can ue

2802 1092 2166 310 my niet ten vollen voldoen van niet te willen

2808 1229 2166 228 naerlaeten mij £50 op reseen te remitteeren

2844 1329 1981 274 waerooo my sal verlaeten die in alle

2828 1501 1200 196 occasien blijvee

2790 1614 1988 242 Amsterdam e Rousseau 2 sber 1720:

2849 1661 2164 338 Ick ben soo geaffligeert met de overander daegso

2897 1809 2095 230 cortie. dat ick niet capabel ben als het pressel

2852 1944 2149 200 rende mijnders affairens te doen ue aengenaeme

2872 2011 2158 228 22 auqus en 26 du hebbe te beantworden met prime

2879 2113 2115 208 en ferondie van 2 remisesno d2 usos op chale

2879 2212 2125 200 du bais tot london, als  £100 en stel 15 saren

2881 2325 2076 197 £350 a  32:10½ banco £575:6:13 dat wel is

2891 2394 2096 267 Ick sien dat alles stil is inde engelocke fonden

2881 2494 2145 249 vr voor vallende advantasie recommandeere ue

2898 2585 2131 231 te doen als voor eygen aengaerde dendische negotie

2889 2702 2130 195 van oostenden dat is een werck van particuulieranier

2900 2790 2109 154 malcanderen ende daer en is tot noch toe geen appr

2915 2895 2078 149 rentee van oprechten van eene comp salue

2912 2982 2104 171 p naesten daer e eens large se vrijven in gesloe

2921 3062 2038 145 een brief secht p ordres en voor ek van

2906 3149 2092 210 mijn schoonmoeder de wed. Broeckmans de de

2908 3244 2094 198 selve aen ue heeft geendosseeert o caser jardi en

2897 3334 2116 230 comp a costy banco ƒ745:10:10 naer van gelieft

2918 3447 2085 222 acceptatie te procureeren en in gecoemen sijnde

2911 3555 1984 198 haer riet voor te crediteeren en soo blijve
