5211 3832
505 39 2203 168 maekende te saemen de somme van Cappitael

507 137 2202 156 wisselgelde ƒ909533 belieft ue copte ue van

505 247 2142 184 den selfden vestaris m ons learelle presenteert

549 321 2149 207 ue die te senden verders van het beven gemeldt

533 451 2127 183 capiritael at getrocken de 25 pen die de voors

557 581 2076 160 te bedue de schipper aen haer crediterren hebft

548 689 2201 154 gelaeten uyt te reyen alen de erfacnaemen iee

540 788 2172 201 de set faeren te passeeremt opanders langerte

551 906 2173 180 moogen dilageren soo sende voor elie

546 1024 2111 261 protie aen ditto se grelle coemen de somme van

508 1131 2166 214 ƒ 5800:- en hem niet altertgenee neletde

519 1232 2126 195 declareeren voor syne fuginne ƒ3300: vangelijck

560 1367 2186 200 Ditto le gresse niet voor en heeft alseer

591 1503 2162 165 voor hem en sige minderen soo is bij gedet suneer

572 1587 2173 205 volgens hem hebbe aen geroeden neven sijn mytervine

594 1700 2153 182 cessie van aen te doen in faveur van te crediterren

547 1799 2171 193 die dat cappitaeltien wel souden moogen aen een

568 1919 2120 165 procemenwaeghen om tot voll veeuens den

1280 2034 1479 205 e geremen want necompereert

542 2039 971 186 hun schiedt t n

539 2138 2202 209 den staet van ƒ90000:- s00 werckt de lansie

613 2234 2097 214 in den accorde alt sij tot beetere fortins coemende

583 2349 2079 225 in conserentie aenveerden te sullen voldoen

592 2459 1970 240 de conscientie eicteert volgens ae avisender

589 2565 2074 193 hoditgeleerde dat sij instaet sijn en vervolgen

565 2672 1870 231 verobligeert ende willen sij de conscient

573 2748 2078 276 suppasseeren soo adviseeren de rechitaeleerde

542 2919 1988 202 dat men die wel in rechte soo connen doen

584 3037 1945 154 vrijten en wercken tot het affeet van volle

562 3069 2186 236 voldoeninge het smede myn gevoelen oock dat

601 3217 2017 187 over eene soo claere en recht veerdiche saeke

571 3305 2046 186 den rechter factes een excipen soude stellen

587 3419 2177 212 naer dat behoorde door een schrander man geditgeert

599 3550 2123 197 en prompt opgevolght te worden want by faute van

611 3651 1933 118 directie en promptitude wort m eeigs pro

2840 45 2234 148 verloeren wie hem daer toe soude willen laeten

2834 139 2120 191 employeeres oft het van de hier synde crediteuren

2818 262 2243 147 aenveerden ien weete ick niet Dh blebaen vander

2840 357 2142 178 An heeft ue geschreven oft hij ue het selfde licht

2856 475 1923 208 heeft gegeven is mijn ordbekent dogh op het

2830 581 2274 192 ander maeligh versoeck van mans. De grelle geschiet

2848 703 2213 228 het p dese die ue is biddende van part en deel te

2850 802 2159 179 willen geven aen de wedue deseree sagher

2844 935 1994 174 tot Amsterdam ue bende gesolveernde

2838 1034 2070 163 en twijfele niet oft de hier sijnde crediterre te

2855 1203 2099 141 sullen hun voeghen ue nevereerende mijne

2883 1259 2038 172 wenschen in dit begonnen taer en voorveell

2860 1335 2151 256 volgende nevens mijn huysvrouwe soo bljve

2844 1506 677 170 van herten

2857 1586 2234 186 wij hebben hier over affaireus van procckmans en

2882 1718 1975 182 peeter van heurek saligher eenige maenden

2851 1800 2143 244 gepasseert eene ianarie voghel met brieven

2852 1931 1999 172 van seurere du corins voor sien in het hot

2876 2021 2194 226 getmeten en frack leeren ling hee dat orij wat

2860 2137 1890 191 scabieuser wns als deete ue affaire

3975 2241 1086 195 Ady 10 Jannart 1719

2807 2249 796 209 mons eA Gallopin

2896 2349 2215 186 fayeen la vre 25 gbres dernier chripte sort cavalie

2863 2485 2122 167 gement peu correspondente aur longs credits

2882 2597 2166 161 et considerations que fayt eu a vre esgaurd je ne

2879 2683 2197 196 peu acquitter pmes doibres avec cette monnoye vous

2882 2798 2177 188 in ave tousjourse scsipt pour vre compie vous

2882 2873 2169 222 lavez cy audos. vous prouverez m'epre redevable

2886 2979 2202 193 ƒ 806:16 an argent rt ie dit ƒ 806:16: vous voyere

2883 3096 2150 216 quil yasorez de deux pins que ie ne vous ay livre

2873 3229 2157 129 abeunne marchandise quil y a sin mos que ie

2868 3302 2216 145 N'ay tauche et seul pattar a bon compte et que me

2845 3440 2231 175 Devez encor de launce 1515. ie suis bien passeiadee

2890 3501 2121 212 quvez etoy avezz eu a plus des marchands a faire

2871 3587 2185 168 l9a: moy et aussy quil ny at auu qu'il vous dorssce
