<?xml version="1.0" encoding="UTF-8"?>
<alto xmlns:xsi="http://www.w3.org/2001/XMLSchema-instance"
      xmlns="http://www.loc.gov/standards/alto/ns-v4#"
      xmlns:page="http://schema.primaresearch.org/PAGE/gts/pagecontent/2013-07-15"
      xsi:schemaLocation="http://www.loc.gov/standards/alto/ns-v4# https://www.loc.gov/standards/alto/v4/alto.xsd">
   <Description>
      <MeasurementUnit>pixel</MeasurementUnit>
      <OCRProcessing ID="IdOcr">
         <ocrProcessingStep>
            <processingDateTime>2022-02-11T21:34:04.044+01:00</processingDateTime>
            <processingSoftware>
               <softwareCreator>READ COOP</softwareCreator>
               <softwareName>Transkribus</softwareName>
            </processingSoftware>
         </ocrProcessingStep>
      </OCRProcessing>
   </Description>
   <Layout>
      <Page ID="Page1" PHYSICAL_IMG_NR="1" HEIGHT="3889" WIDTH="5060">
         <TopMargin HEIGHT="0" WIDTH="5060" VPOS="0" HPOS="0"/>
         <LeftMargin HEIGHT="3889" WIDTH="0" VPOS="0" HPOS="0"/>
         <RightMargin HEIGHT="3889" WIDTH="0" VPOS="0" HPOS="5060"/>
         <BottomMargin HEIGHT="0" WIDTH="5060" VPOS="3889" HPOS="0"/>
         <PrintSpace HEIGHT="3889" WIDTH="5060" VPOS="0" HPOS="0">
            <TextBlock ID="region_1644326206378_9876"
                       HEIGHT="3608"
                       WIDTH="2209"
                       VPOS="77"
                       HPOS="443">
               <Shape>
                  <Polygon POINTS="443,77 2652,77 2652,3685 443,3685"/>
               </Shape>
               <TextLine ID="region_1644326206378_9876l1"
                         BASELINE="504,230 546,230 589,232 632,232 675,232 718,232 761,232 804,232 847,232 890,232 933,232 975,230 1018,230 1061,230 1104,230 1147,231 1190,232 1233,232 1276,232 1319,234 1362,236"
                         HEIGHT="214"
                         WIDTH="885"
                         VPOS="101"
                         HPOS="491">
                  <String ID="string_region_1644326206378_9876l1"
                          HEIGHT="214"
                          WIDTH="885"
                          VPOS="101"
                          HPOS="491"
                          CONTENT="AentJ. in de Saedelaer"/>
               </TextLine>
               <TextLine ID="region_1644326206378_9876l2"
                         BASELINE="1894,232 1927,232 1961,232 1995,232 2029,232 2063,232 2097,232 2131,232 2165,232 2199,232 2233,232 2266,232 2300,234 2334,234 2368,234 2402,236 2436,236 2470,238 2504,240 2538,240 2572,242"
                         HEIGHT="170"
                         WIDTH="704"
                         VPOS="143"
                         HPOS="1881">
                  <String ID="string_region_1644326206378_9876l2"
                          HEIGHT="170"
                          WIDTH="704"
                          VPOS="143"
                          HPOS="1881"
                          CONTENT="Jauqusty 1720"/>
               </TextLine>
               <TextLine ID="region_1644326206378_9876l3"
                         BASELINE="542,364 647,356 752,351 858,346 963,344 1069,342 1174,342 1279,344 1385,345 1490,346 1596,349 1701,352 1806,354 1912,356 2017,356 2123,358 2228,358 2333,356 2439,354 2544,350 2650,344"
                         HEIGHT="184"
                         WIDTH="2136"
                         VPOS="243"
                         HPOS="528">
                  <String ID="string_region_1644326206378_9876l3"
                          HEIGHT="184"
                          WIDTH="2136"
                          VPOS="243"
                          HPOS="528"
                          CONTENT="Jsehebbe ue aengenaeme van 8 deser wel ontfang"/>
               </TextLine>
               <TextLine ID="region_1644326206378_9876l4"
                         BASELINE="554,462 658,455 762,450 866,446 970,444 1074,445 1178,446 1282,448 1386,452 1490,454 1594,458 1698,462 1802,464 1906,466 2010,468 2114,468 2218,465 2322,461 2426,456 2530,446 2634,434"
                         HEIGHT="172"
                         WIDTH="2108"
                         VPOS="352"
                         HPOS="541">
                  <String ID="string_region_1644326206378_9876l4"
                          HEIGHT="172"
                          WIDTH="2108"
                          VPOS="352"
                          HPOS="541"
                          CONTENT="en op ue versoeck alle middelen gesocht op om oa"/>
               </TextLine>
               <TextLine ID="region_1644326206378_9876l5"
                         BASELINE="544,580 648,570 752,564 856,558 961,556 1065,554 1169,554 1274,555 1378,556 1482,560 1587,562 1691,564 1795,566 1899,568 2004,568 2108,568 2212,566 2317,562 2421,556 2525,548 2630,538"
                         HEIGHT="159"
                         WIDTH="2114"
                         VPOS="452"
                         HPOS="531">
                  <String ID="string_region_1644326206378_9876l5"
                          HEIGHT="159"
                          WIDTH="2114"
                          VPOS="452"
                          HPOS="531"
                          CONTENT="ty trecken het geene niet en hebbe connen effectue"/>
               </TextLine>
               <TextLine ID="region_1644326206378_9876l6"
                         BASELINE="570,664 667,662 764,662 861,660 958,660 1055,660 1152,660 1249,662 1346,662 1443,663 1541,664 1638,665 1735,666 1832,668 1929,668 2026,670 2123,670 2220,670 2317,670 2414,670 2512,670"
                         HEIGHT="173"
                         WIDTH="1970"
                         VPOS="558"
                         HPOS="556">
                  <String ID="string_region_1644326206378_9876l6"
                          HEIGHT="173"
                          WIDTH="1970"
                          VPOS="558"
                          HPOS="556"
                          CONTENT="ren soo dat remisses sal verwachten mijnen "/>
               </TextLine>
               <TextLine ID="region_1644326206378_9876l7"
                         BASELINE="594,756 695,756 796,756 897,756 999,756 1100,758 1201,758 1303,758 1404,758 1505,758 1607,760 1708,760 1809,760 1910,760 2012,762 2113,762 2214,762 2316,764 2417,764 2518,766 2620,766"
                         HEIGHT="182"
                         WIDTH="2053"
                         VPOS="657"
                         HPOS="581">
                  <String ID="string_region_1644326206378_9876l7"
                          HEIGHT="182"
                          WIDTH="2053"
                          VPOS="657"
                          HPOS="581"
                          CONTENT="man is sedert 10 a 12 daegens met eene corte"/>
               </TextLine>
               <TextLine ID="region_1644326206378_9876l8"
                         BASELINE="602,860 703,857 804,854 905,852 1007,852 1108,850 1209,850 1311,852 1412,854 1513,854 1615,856 1716,858 1817,860 1918,862 2020,866 2121,867 2222,868 2324,870 2425,871 2526,872 2628,872"
                         HEIGHT="191"
                         WIDTH="2053"
                         VPOS="750"
                         HPOS="589">
                  <String ID="string_region_1644326206378_9876l8"
                          HEIGHT="191"
                          WIDTH="2053"
                          VPOS="750"
                          HPOS="589"
                          CONTENT="overvallen de welcke ick hoepe nmet godts guelpe "/>
               </TextLine>
               <TextLine ID="region_1644326206378_9876l9"
                         BASELINE="586,970 683,962 780,958 877,954 974,950 1071,949 1168,948 1265,948 1362,949 1459,950 1557,952 1654,954 1751,956 1848,958 1945,960 2042,962 2139,962 2236,962 2333,962 2430,962 2528,960"
                         HEIGHT="170"
                         WIDTH="1971"
                         VPOS="852"
                         HPOS="572">
                  <String ID="string_region_1644326206378_9876l9"
                          HEIGHT="170"
                          WIDTH="1971"
                          VPOS="852"
                          HPOS="572"
                          CONTENT="van geen quaet gevolch sal wesen heer onder"/>
               </TextLine>
               <TextLine ID="region_1644326206378_9876l10"
                         BASELINE="590,1096 691,1092 792,1087 893,1083 994,1080 1096,1076 1197,1074 1298,1072 1399,1070 1500,1070 1602,1070 1703,1070 1804,1070 1905,1072 2006,1072 2108,1074 2209,1077 2310,1080 2411,1083 2512,1086 2614,1090"
                         HEIGHT="202"
                         WIDTH="2053"
                         VPOS="955"
                         HPOS="576">
                  <String ID="string_region_1644326206378_9876l10"
                          HEIGHT="202"
                          WIDTH="2053"
                          VPOS="955"
                          HPOS="576"
                          CONTENT="heeft ue den wissel colers en blijve met respecz"/>
               </TextLine>
               <TextLine ID="region_1644326206378_9876l11"
                         BASELINE="458,1246 563,1242 668,1237 773,1232 878,1229 984,1224 1089,1221 1194,1217 1299,1214 1404,1210 1510,1208 1615,1204 1720,1202 1825,1201 1930,1200 2036,1198 2141,1198 2246,1198 2351,1198 2456,1199 2562,1200"
                         HEIGHT="220"
                         WIDTH="2132"
                         VPOS="1083"
                         HPOS="441">
                  <String ID="string_region_1644326206378_9876l11"
                          HEIGHT="220"
                          WIDTH="2132"
                          VPOS="1083"
                          HPOS="441"
                          CONTENT="Amsterdam Francis Rousseau 15 augusty 1725"/>
               </TextLine>
               <TextLine ID="region_1644326206378_9876l12"
                         BASELINE="550,1326 649,1319 748,1314 848,1310 947,1308 1047,1306 1146,1306 1245,1306 1345,1308 1444,1308 1544,1310 1643,1312 1742,1312 1842,1314 1941,1314 2041,1314 2140,1312 2239,1310 2339,1306 2438,1302 2538,1294"
                         HEIGHT="123"
                         WIDTH="2014"
                         VPOS="1232"
                         HPOS="537">
                  <String ID="string_region_1644326206378_9876l12"
                          HEIGHT="123"
                          WIDTH="2014"
                          VPOS="1232"
                          HPOS="537"
                          CONTENT="se aengenaeme 12 cout hebbe wel ontfangen met "/>
               </TextLine>
               <TextLine ID="region_1644326206378_9876l13"
                         BASELINE="544,1422 645,1415 746,1408 847,1405 948,1402 1049,1400 1150,1400 1251,1400 1352,1400 1453,1402 1555,1402 1656,1404 1757,1406 1858,1406 1959,1406 2060,1406 2161,1404 2262,1402 2363,1399 2464,1395 2566,1386"
                         HEIGHT="165"
                         WIDTH="2050"
                         VPOS="1310"
                         HPOS="531">
                  <String ID="string_region_1644326206378_9876l13"
                          HEIGHT="165"
                          WIDTH="2050"
                          VPOS="1310"
                          HPOS="531"
                          CONTENT="den prima en teconda geaccepteert terugge waer"/>
               </TextLine>
               <TextLine ID="region_1644326206378_9876l14"
                         BASELINE="544,1522 648,1520 752,1518 856,1516 960,1516 1064,1514 1168,1514 1272,1514 1376,1514 1480,1514 1584,1514 1688,1514 1792,1514 1896,1514 2000,1516 2104,1516 2208,1516 2312,1518 2416,1518 2520,1518 2624,1518"
                         HEIGHT="195"
                         WIDTH="2107"
                         VPOS="1399"
                         HPOS="530">
                  <String ID="string_region_1644326206378_9876l14"
                          HEIGHT="195"
                          WIDTH="2107"
                          VPOS="1399"
                          HPOS="530"
                          CONTENT="voor ue seer bedancke sijnde seer wel iedte goetheyt"/>
               </TextLine>
               <TextLine ID="region_1644326206378_9876l15"
                         BASELINE="468,1640 572,1637 676,1634 780,1630 885,1628 989,1626 1093,1624 1198,1622 1302,1620 1406,1620 1511,1620 1615,1618 1719,1618 1823,1620 1928,1620 2032,1620 2136,1622 2241,1622 2345,1624 2449,1626 2554,1628"
                         HEIGHT="182"
                         WIDTH="2113"
                         VPOS="1512"
                         HPOS="453">
                  <String ID="string_region_1644326206378_9876l15"
                          HEIGHT="182"
                          WIDTH="2113"
                          VPOS="1512"
                          HPOS="453"
                          CONTENT="3 sal hebben ant toe coenende voor onse banck ac"/>
               </TextLine>
               <TextLine ID="region_1644326206378_9876l16"
                         BASELINE="586,1752 683,1750 780,1748 877,1746 974,1744 1071,1742 1168,1740 1265,1738 1362,1736 1459,1734 1557,1734 1654,1732 1751,1732 1848,1730 1945,1730 2042,1730 2139,1732 2236,1733 2333,1734 2430,1737 2528,1740"
                         HEIGHT="210"
                         WIDTH="1969"
                         VPOS="1622"
                         HPOS="573">
                  <String ID="string_region_1644326206378_9876l16"
                          HEIGHT="210"
                          WIDTH="1969"
                          VPOS="1622"
                          HPOS="573"
                          CONTENT="ties als voor eygen te sorgen doch en can niet be"/>
               </TextLine>
               <TextLine ID="region_1644326206378_9876l17"
                         BASELINE="562,1856 663,1858 764,1858 865,1858 966,1858 1067,1858 1168,1858 1269,1856 1370,1856 1471,1854 1572,1852 1673,1852 1774,1850 1875,1850 1976,1848 2077,1848 2178,1848 2279,1850 2380,1850 2481,1852 2582,1856"
                         HEIGHT="200"
                         WIDTH="2048"
                         VPOS="1731"
                         HPOS="547">
                  <String ID="string_region_1644326206378_9876l17"
                          HEIGHT="200"
                          WIDTH="2048"
                          VPOS="1731"
                          HPOS="547"
                          CONTENT="vroyen dat ue belieft te melden datten een pr"/>
               </TextLine>
               <TextLine ID="region_1644326206378_9876l18"
                         BASELINE="588,1966 688,1968 789,1970 890,1972 991,1972 1092,1972 1192,1972 1293,1972 1394,1972 1495,1971 1596,1970 1696,1970 1797,1970 1898,1970 1999,1970 2100,1970 2200,1972 2301,1974 2402,1977 2503,1980 2604,1984"
                         HEIGHT="205"
                         WIDTH="2042"
                         VPOS="1857"
                         HPOS="575">
                  <String ID="string_region_1644326206378_9876l18"
                          HEIGHT="205"
                          WIDTH="2042"
                          VPOS="1857"
                          HPOS="575"
                          CONTENT="jet tothom is op gerecht van een commertie en "/>
               </TextLine>
               <TextLine ID="region_1644326206378_9876l19"
                         BASELINE="562,2092 660,2090 758,2088 856,2086 954,2084 1052,2084 1150,2082 1248,2082 1346,2080 1444,2080 1543,2080 1641,2080 1739,2082 1837,2082 1935,2084 2033,2086 2131,2088 2229,2091 2327,2095 2425,2100 2524,2104"
                         HEIGHT="201"
                         WIDTH="1990"
                         VPOS="1971"
                         HPOS="548">
                  <String ID="string_region_1644326206378_9876l19"
                          HEIGHT="201"
                          WIDTH="1990"
                          VPOS="1971"
                          HPOS="548"
                          CONTENT="navigatie compagrie daer alreed 10 pre winst"/>
               </TextLine>
               <TextLine ID="region_1644326206378_9876l20"
                         BASELINE="558,2212 656,2208 754,2205 852,2202 950,2200 1049,2198 1147,2196 1245,2194 1343,2194 1441,2192 1540,2194 1638,2194 1736,2196 1834,2198 1932,2202 2031,2206 2129,2212 2227,2219 2325,2226 2423,2236 2522,2246"
                         HEIGHT="214"
                         WIDTH="1992"
                         VPOS="2089"
                         HPOS="545">
                  <String ID="string_region_1644326206378_9876l20"
                          HEIGHT="214"
                          WIDTH="1992"
                          VPOS="2089"
                          HPOS="545"
                          CONTENT="woort voor gegeven ue en gelieve in dies daenige"/>
               </TextLine>
               <TextLine ID="region_1644326206378_9876l21"
                         BASELINE="580,2346 677,2344 775,2342 872,2340 970,2337 1068,2334 1165,2330 1263,2328 1360,2326 1458,2324 1556,2322 1653,2322 1751,2322 1848,2323 1946,2326 2044,2330 2141,2336 2239,2343 2336,2353 2434,2365 2532,2378"
                         HEIGHT="240"
                         WIDTH="1982"
                         VPOS="2194"
                         HPOS="565">
                  <String ID="string_region_1644326206378_9876l21"
                          HEIGHT="240"
                          WIDTH="1982"
                          VPOS="2194"
                          HPOS="565"
                          CONTENT="saecke voor mij neet te verrechten ditistutme"/>
               </TextLine>
               <TextLine ID="region_1644326206378_9876l22"
                         BASELINE="584,2454 684,2454 785,2452 886,2452 986,2450 1087,2448 1188,2446 1288,2444 1389,2442 1490,2442 1591,2440 1691,2441 1792,2442 1893,2444 1993,2448 2094,2452 2195,2459 2295,2467 2396,2476 2497,2488 2598,2504"
                         HEIGHT="230"
                         WIDTH="2044"
                         VPOS="2315"
                         HPOS="569">
                  <String ID="string_region_1644326206378_9876l22"
                          HEIGHT="230"
                          WIDTH="2044"
                          VPOS="2315"
                          HPOS="569"
                          CONTENT="tot uu goodnoedigh heden oordeelen te schrijve"/>
               </TextLine>
               <TextLine ID="region_1644326206378_9876l23"
                         BASELINE="596,2568 692,2568 789,2569 886,2570 983,2570 1080,2570 1177,2570 1274,2572 1371,2572 1468,2572 1565,2574 1661,2576 1758,2578 1855,2580 1952,2584 2049,2588 2146,2592 2243,2598 2340,2604 2437,2612 2534,2620"
                         HEIGHT="227"
                         WIDTH="1968"
                         VPOS="2451"
                         HPOS="582">
                  <String ID="string_region_1644326206378_9876l23"
                          HEIGHT="227"
                          WIDTH="1968"
                          VPOS="2451"
                          HPOS="582"
                          CONTENT="want d'occasie van d'assurantie compagnee ge"/>
               </TextLine>
               <TextLine ID="region_1644326206378_9876l24"
                         BASELINE="596,2688 687,2686 779,2686 871,2686 962,2686 1054,2684 1146,2684 1237,2684 1329,2684 1421,2684 1513,2686 1604,2688 1696,2690 1788,2692 1879,2696 1971,2701 2063,2708 2154,2714 2246,2722 2338,2732 2430,2744"
                         HEIGHT="207"
                         WIDTH="1864"
                         VPOS="2563"
                         HPOS="583">
                  <String ID="string_region_1644326206378_9876l24"
                          HEIGHT="207"
                          WIDTH="1864"
                          VPOS="2563"
                          HPOS="583"
                          CONTENT="manckeert. hebbende dat een oude werck is en "/>
               </TextLine>
               <TextLine ID="region_1644326206378_9876l25"
                         BASELINE="574,2800 674,2798 775,2796 876,2796 977,2794 1078,2792 1179,2792 1280,2792 1381,2792 1482,2792 1583,2794 1683,2796 1784,2800 1885,2803 1986,2807 2087,2813 2188,2821 2289,2829 2390,2839 2491,2849 2592,2862"
                         HEIGHT="216"
                         WIDTH="2048"
                         VPOS="2684"
                         HPOS="560">
                  <String ID="string_region_1644326206378_9876l25"
                          HEIGHT="216"
                          WIDTH="2048"
                          VPOS="2684"
                          HPOS="560"
                          CONTENT="wille mij in geen biebles engagee die men in "/>
               </TextLine>
               <TextLine ID="region_1644326206378_9876l26"
                         BASELINE="580,2910 678,2910 776,2910 874,2910 972,2908 1071,2908 1169,2906 1267,2906 1365,2904 1463,2904 1562,2904 1660,2904 1758,2906 1856,2909 1954,2912 2053,2918 2151,2923 2249,2932 2347,2940 2445,2952 2544,2964"
                         HEIGHT="212"
                         WIDTH="1994"
                         VPOS="2788"
                         HPOS="566">
                  <String ID="string_region_1644326206378_9876l26"
                          HEIGHT="212"
                          WIDTH="1994"
                          VPOS="2788"
                          HPOS="566"
                          CONTENT="alle steden: van hollandt daghelijckkx sal gaen crij"/>
               </TextLine>
               <TextLine ID="region_1644326206378_9876l27"
                         BASELINE="574,3050 673,3045 773,3041 872,3038 972,3033 1071,3030 1171,3027 1270,3025 1370,3024 1469,3024 1569,3024 1668,3025 1768,3028 1867,3030 1967,3037 2066,3044 2166,3051 2265,3060 2365,3071 2464,3085 2564,3100"
                         HEIGHT="245"
                         WIDTH="2018"
                         VPOS="2911"
                         HPOS="561">
                  <String ID="string_region_1644326206378_9876l27"
                          HEIGHT="245"
                          WIDTH="2018"
                          VPOS="2911"
                          HPOS="561"
                          CONTENT="gen ick ben verwondert ue mij geen wissel op lon"/>
               </TextLine>
               <TextLine ID="region_1644326206378_9876l28"
                         BASELINE="560,3154 656,3151 753,3149 850,3146 947,3144 1044,3142 1140,3140 1237,3138 1334,3138 1431,3136 1528,3138 1624,3138 1721,3141 1818,3145 1915,3149 2012,3154 2108,3161 2205,3171 2302,3182 2399,3193 2496,3208"
                         HEIGHT="210"
                         WIDTH="1966"
                         VPOS="3033"
                         HPOS="545">
                  <String ID="string_region_1644326206378_9876l28"
                          HEIGHT="210"
                          WIDTH="1966"
                          VPOS="3033"
                          HPOS="545"
                          CONTENT="don en heeft genoteert hier 2s tor  33 dobbel e"/>
               </TextLine>
               <TextLine ID="region_1644326206378_9876l29"
                         BASELINE="600,3278 697,3276 795,3274 892,3270 990,3266 1087,3262 1185,3258 1282,3254 1380,3252 1477,3250 1575,3248 1672,3246 1770,3248 1867,3250 1965,3254 2062,3259 2160,3267 2257,3277 2355,3290 2452,3305 2550,3324"
                         HEIGHT="228"
                         WIDTH="1979"
                         VPOS="3140"
                         HPOS="586">
                  <String ID="string_region_1644326206378_9876l29"
                          HEIGHT="228"
                          WIDTH="1979"
                          VPOS="3140"
                          HPOS="586"
                          CONTENT="gedaen can ue mij iets daer onder in vas te brieven"/>
               </TextLine>
               <TextLine ID="region_1644326206378_9876l30"
                         BASELINE="596,3384 691,3382 787,3378 882,3376 978,3372 1074,3368 1169,3364 1265,3360 1360,3356 1456,3354 1552,3352 1647,3350 1743,3350 1838,3352 1934,3354 2030,3358 2125,3364 2221,3372 2316,3382 2412,3394 2508,3410"
                         HEIGHT="183"
                         WIDTH="1940"
                         VPOS="3268"
                         HPOS="581">
                  <String ID="string_region_1644326206378_9876l30"
                          HEIGHT="183"
                          WIDTH="1940"
                          VPOS="3268"
                          HPOS="581"
                          CONTENT="remitteeren beleve voor mijn goet vinden te "/>
               </TextLine>
               <TextLine ID="region_1644326206378_9876l31"
                         BASELINE="588,3490 682,3486 777,3484 872,3480 966,3476 1061,3474 1156,3470 1250,3467 1345,3464 1440,3462 1535,3460 1629,3460 1724,3460 1819,3460 1913,3462 2008,3465 2103,3470 2197,3475 2292,3483 2387,3492 2482,3502"
                         HEIGHT="153"
                         WIDTH="1920"
                         VPOS="3356"
                         HPOS="575">
                  <String ID="string_region_1644326206378_9876l31"
                          HEIGHT="153"
                          WIDTH="1920"
                          VPOS="3356"
                          HPOS="575"
                          CONTENT="doen. ick ben heden Godt danck sonder cortse"/>
               </TextLine>
               <TextLine ID="region_1644326206378_9876l32"
                         BASELINE="594,3592 669,3592 744,3590 819,3590 894,3588 970,3588 1045,3586 1120,3584 1195,3584 1270,3582 1346,3580 1421,3580 1496,3578 1571,3578 1646,3578 1722,3578 1797,3578 1872,3578 1947,3578 2022,3580 2098,3582"
                         HEIGHT="196"
                         WIDTH="1532"
                         VPOS="3462"
                         HPOS="579">
                  <String ID="string_region_1644326206378_9876l32"
                          HEIGHT="196"
                          WIDTH="1532"
                          VPOS="3462"
                          HPOS="579"
                          CONTENT="doch slap endibiel. blijve van herten"/>
               </TextLine>
            </TextBlock>
            <TextBlock ID="region_1644326209554_9879"
                       HEIGHT="3325"
                       WIDTH="2268"
                       VPOS="116"
                       HPOS="2739">
               <Shape>
                  <Polygon POINTS="2739,116 5007,116 5007,3441 2739,3441"/>
               </Shape>
               <TextLine ID="region_1644326209554_9879l1"
                         BASELINE="4052,212 4090,210 4129,207 4167,204 4206,202 4244,200 4283,198 4321,198 4360,196 4398,196 4437,194 4475,194 4514,194 4552,194 4591,192 4629,192 4668,192 4706,192 4745,190 4783,190 4822,188"
                         HEIGHT="155"
                         WIDTH="802"
                         VPOS="93"
                         HPOS="4035">
                  <String ID="string_region_1644326209554_9879l1"
                          HEIGHT="155"
                          WIDTH="802"
                          VPOS="93"
                          HPOS="4035"
                          CONTENT="16 augrestj 1720"/>
               </TextLine>
               <TextLine ID="region_1644326209554_9879l2"
                         BASELINE="2766,266 2810,264 2854,260 2899,258 2943,255 2988,253 3032,252 3076,249 3121,248 3165,246 3210,245 3254,244 3298,242 3343,240 3387,240 3432,238 3476,238 3520,238 3565,236 3609,236 3654,234"
                         HEIGHT="215"
                         WIDTH="919"
                         VPOS="133"
                         HPOS="2750">
                  <String ID="string_region_1644326209554_9879l2"
                          HEIGHT="215"
                          WIDTH="919"
                          VPOS="133"
                          HPOS="2750"
                          CONTENT="Gent J: BB: de saedelaer"/>
               </TextLine>
               <TextLine ID="region_1644326209554_9879l3"
                         BASELINE="2876,380 2980,378 3084,374 3188,370 3293,366 3397,360 3501,356 3606,350 3710,347 3814,342 3919,337 4023,332 4127,328 4231,324 4336,319 4440,316 4544,312 4649,308 4753,306 4857,304 4962,302"
                         HEIGHT="227"
                         WIDTH="2116"
                         VPOS="192"
                         HPOS="2861">
                  <String ID="string_region_1644326209554_9879l3"
                          HEIGHT="227"
                          WIDTH="2116"
                          VPOS="192"
                          HPOS="2861"
                          CONTENT="ue twee aengenaeme 11 en 14 court hebbe wel t"/>
               </TextLine>
               <TextLine ID="region_1644326209554_9879l4"
                         BASELINE="2854,486 2956,484 3059,482 3161,480 3264,476 3367,472 3469,468 3572,464 3674,460 3777,454 3880,449 3982,443 4085,437 4187,430 4290,425 4393,417 4495,410 4598,404 4700,397 4803,390 4906,382"
                         HEIGHT="253"
                         WIDTH="2080"
                         VPOS="325"
                         HPOS="2838">
                  <String ID="string_region_1644326209554_9879l4"
                          HEIGHT="253"
                          WIDTH="2080"
                          VPOS="325"
                          HPOS="2838"
                          CONTENT="fangen het briefie op abrehamter borgh in "/>
               </TextLine>
               <TextLine ID="region_1644326209554_9879l5"
                         BASELINE="2886,592 2989,590 3092,588 3196,584 3299,580 3403,576 3506,572 3609,567 3713,561 3816,554 3920,550 4023,543 4126,536 4230,530 4333,524 4437,518 4540,513 4643,507 4747,502 4850,496 4954,492"
                         HEIGHT="200"
                         WIDTH="2100"
                         VPOS="395"
                         HPOS="2869">
                  <String ID="string_region_1644326209554_9879l5"
                          HEIGHT="200"
                          WIDTH="2100"
                          VPOS="395"
                          HPOS="2869"
                          CONTENT="Amsterdam Hollants court ƒ 398:19 hebbe tot 3¼"/>
               </TextLine>
               <TextLine ID="region_1644326209554_9879l6"
                         BASELINE="2870,702 2974,698 3078,695 3182,692 3286,688 3391,684 3495,680 3599,674 3703,670 3807,664 3912,659 4016,653 4120,646 4224,639 4328,633 4433,624 4537,615 4641,605 4745,596 4849,585 4954,574"
                         HEIGHT="264"
                         WIDTH="2112"
                         VPOS="515"
                         HPOS="2852">
                  <String ID="string_region_1644326209554_9879l6"
                          HEIGHT="264"
                          WIDTH="2112"
                          VPOS="515"
                          HPOS="2852"
                          CONTENT="int ue schaede in getroecken blijvendie £64:7"/>
               </TextLine>
               <TextLine ID="region_1644326209554_9879l7"
                         BASELINE="2906,814 3006,810 3107,806 3208,802 3309,798 3410,793 3510,788 3611,783 3712,779 3813,774 3914,768 4014,762 4115,755 4216,749 4317,742 4418,736 4518,728 4619,720 4720,711 4821,701 4922,692"
                         HEIGHT="254"
                         WIDTH="2046"
                         VPOS="620"
                         HPOS="2890">
                  <String ID="string_region_1644326209554_9879l7"
                          HEIGHT="254"
                          WIDTH="2046"
                          VPOS="620"
                          HPOS="2890"
                          CONTENT="vlaems wis: den brief op Jeorge Clet fordr"/>
               </TextLine>
               <TextLine ID="region_1644326209554_9879l8"
                         BASELINE="2776,922 2886,917 2996,912 3106,908 3217,904 3327,900 3437,895 3548,890 3658,886 3768,882 3879,876 3989,871 4099,866 4209,861 4320,854 4430,848 4540,842 4651,834 4761,827 4871,819 4982,810"
                         HEIGHT="247"
                         WIDTH="2234"
                         VPOS="718"
                         HPOS="2759">
                  <String ID="string_region_1644326209554_9879l8"
                          HEIGHT="247"
                          WIDTH="2234"
                          VPOS="718"
                          HPOS="2759"
                          CONTENT="sber vallende van 200 a 124 ½ banco £10315"/>
               </TextLine>
               <TextLine ID="region_1644326209554_9879l9"
                         BASELINE="2924,1032 3025,1028 3127,1022 3229,1017 3330,1012 3432,1006 3534,1001 3635,994 3737,988 3839,982 3941,977 4042,970 4144,966 4246,959 4347,955 4449,950 4551,946 4652,942 4754,938 4856,936 4958,932"
                         HEIGHT="206"
                         WIDTH="2067"
                         VPOS="849"
                         HPOS="2906">
                  <String ID="string_region_1644326209554_9879l9"
                          HEIGHT="206"
                          WIDTH="2067"
                          VPOS="849"
                          HPOS="2906"
                          CONTENT="hebbe noch onder mij voor het briefle op ma"/>
               </TextLine>
               <TextLine ID="region_1644326209554_9879l10"
                         BASELINE="2912,1124 3013,1122 3115,1118 3216,1115 3318,1110 3419,1106 3521,1100 3622,1096 3724,1091 3825,1086 3927,1080 4028,1074 4130,1068 4231,1063 4333,1056 4434,1052 4536,1047 4637,1042 4739,1039 4840,1036 4942,1032"
                         HEIGHT="219"
                         WIDTH="2058"
                         VPOS="957"
                         HPOS="2895">
                  <String ID="string_region_1644326209554_9879l10"
                          HEIGHT="219"
                          WIDTH="2058"
                          VPOS="957"
                          HPOS="2895"
                          CONTENT="rie van ressel van ƒ800 wissals oock dat "/>
               </TextLine>
               <TextLine ID="region_1644326209554_9879l11"
                         BASELINE="2916,1238 3016,1236 3116,1234 3217,1231 3317,1226 3418,1223 3518,1217 3618,1212 3719,1206 3819,1199 3920,1192 4020,1186 4120,1179 4221,1174 4321,1166 4422,1160 4522,1156 4622,1150 4723,1146 4823,1142 4924,1140"
                         HEIGHT="240"
                         WIDTH="2034"
                         VPOS="1069"
                         HPOS="2901">
                  <String ID="string_region_1644326209554_9879l11"
                          HEIGHT="240"
                          WIDTH="2034"
                          VPOS="1069"
                          HPOS="2901"
                          CONTENT="op louis Joseph le fourgois van ƒ510 wis:"/>
               </TextLine>
               <TextLine ID="region_1644326209554_9879l12"
                         BASELINE="2914,1362 3017,1362 3120,1360 3223,1356 3326,1352 3429,1347 3532,1340 3635,1334 3738,1327 3841,1319 3945,1310 4048,1303 4151,1294 4254,1286 4357,1279 4460,1272 4563,1266 4666,1262 4769,1257 4872,1254 4976,1252"
                         HEIGHT="216"
                         WIDTH="2093"
                         VPOS="1176"
                         HPOS="2897">
                  <String ID="string_region_1644326209554_9879l12"
                          HEIGHT="216"
                          WIDTH="2093"
                          VPOS="1176"
                          HPOS="2897"
                          CONTENT="hebbe acceptatie versoecke voordere pro"/>
               </TextLine>
               <TextLine ID="region_1644326209554_9879l13"
                         BASELINE="2922,1458 3023,1460 3124,1460 3225,1457 3326,1454 3427,1448 3528,1443 3629,1436 3730,1428 3831,1421 3932,1414 4033,1406 4134,1397 4235,1391 4336,1384 4437,1378 4538,1374 4639,1370 4740,1368 4841,1368 4942,1370"
                         HEIGHT="279"
                         WIDTH="2052"
                         VPOS="1262"
                         HPOS="2905">
                  <String ID="string_region_1644326209554_9879l13"
                          HEIGHT="279"
                          WIDTH="2052"
                          VPOS="1262"
                          HPOS="2905"
                          CONTENT="sie de cortie heeft mij godt danck ve laeten"/>
               </TextLine>
               <TextLine ID="region_1644326209554_9879l14"
                         BASELINE="2918,1578 2998,1578 3078,1576 3158,1574 3238,1572 3318,1568 3398,1564 3478,1560 3558,1555 3638,1551 3718,1546 3798,1540 3878,1535 3958,1528 4038,1523 4118,1516 4198,1510 4278,1504 4358,1496 4438,1489 4518,1484"
                         HEIGHT="237"
                         WIDTH="1635"
                         VPOS="1387"
                         HPOS="2898">
                  <String ID="string_region_1644326209554_9879l14"
                          HEIGHT="237"
                          WIDTH="1635"
                          VPOS="1387"
                          HPOS="2898"
                          CONTENT="dochten eerst ap er debeel blijve"/>
               </TextLine>
               <TextLine ID="region_1644326209554_9879l15"
                         BASELINE="4218,1622 4256,1622 4295,1621 4333,1619 4372,1616 4410,1614 4449,1611 4487,1606 4526,1601 4564,1597 4603,1592 4641,1588 4680,1586 4718,1582 4757,1579 4795,1577 4834,1576 4872,1576 4911,1577 4949,1578 4988,1582"
                         HEIGHT="223"
                         WIDTH="807"
                         VPOS="1467"
                         HPOS="4198">
                  <String ID="string_region_1644326209554_9879l15"
                          HEIGHT="223"
                          WIDTH="807"
                          VPOS="1467"
                          HPOS="4198"
                          CONTENT="20 augusty 1720"/>
               </TextLine>
               <TextLine ID="region_1644326209554_9879l16"
                         BASELINE="2838,1676 2886,1679 2935,1681 2984,1682 3033,1682 3082,1682 3130,1680 3179,1678 3228,1676 3277,1674 3326,1671 3374,1668 3423,1665 3472,1662 3521,1659 3570,1656 3618,1654 3667,1652 3716,1650 3765,1648 3814,1646"
                         HEIGHT="232"
                         WIDTH="1008"
                         VPOS="1543"
                         HPOS="2821">
                  <String ID="string_region_1644326209554_9879l16"
                          HEIGHT="232"
                          WIDTH="1008"
                          VPOS="1543"
                          HPOS="2821"
                          CONTENT="Gent J.Bdie Saedelaer"/>
               </TextLine>
               <TextLine ID="region_1644326209554_9879l17"
                         BASELINE="2926,1786 3028,1782 3130,1776 3232,1772 3334,1768 3436,1764 3538,1760 3640,1755 3742,1752 3844,1748 3946,1745 4048,1741 4150,1738 4252,1734 4354,1730 4456,1727 4558,1724 4660,1720 4762,1716 4864,1712 4966,1708"
                         HEIGHT="198"
                         WIDTH="2071"
                         VPOS="1627"
                         HPOS="2910">
                  <String ID="string_region_1644326209554_9879l17"
                          HEIGHT="198"
                          WIDTH="2071"
                          VPOS="1627"
                          HPOS="2910"
                          CONTENT="met ue iengenaeme 12 cout becoemen remise "/>
               </TextLine>
               <TextLine ID="region_1644326209554_9879l18"
                         BASELINE="2922,1894 3021,1892 3121,1888 3221,1886 3321,1882 3421,1878 3520,1874 3620,1870 3720,1865 3820,1861 3920,1856 4019,1852 4119,1848 4219,1844 4319,1840 4419,1837 4518,1834 4618,1832 4718,1830 4818,1830 4918,1830"
                         HEIGHT="230"
                         WIDTH="2024"
                         VPOS="1744"
                         HPOS="2906">
                  <String ID="string_region_1644326209554_9879l18"
                          HEIGHT="230"
                          WIDTH="2024"
                          VPOS="1744"
                          HPOS="2906"
                          CONTENT="op mecielsens en selles £200op 28 deser"/>
               </TextLine>
               <TextLine ID="region_1644326209554_9879l19"
                         BASELINE="2922,2008 3024,2008 3127,2006 3229,2002 3332,1999 3435,1996 3537,1991 3640,1987 3742,1982 3845,1978 3948,1972 4050,1968 4153,1963 4255,1958 4358,1954 4461,1950 4563,1948 4666,1944 4768,1942 4871,1940 4974,1938"
                         HEIGHT="214"
                         WIDTH="2084"
                         VPOS="1825"
                         HPOS="2907">
                  <String ID="string_region_1644326209554_9879l19"
                          HEIGHT="214"
                          WIDTH="2084"
                          VPOS="1825"
                          HPOS="2907"
                          CONTENT="te betaelen p casse waer van acceptatie hebbe"/>
               </TextLine>
               <TextLine ID="region_1644326209554_9879l20"
                         BASELINE="2938,2126 3040,2126 3142,2126 3244,2124 3347,2121 3449,2118 3551,2113 3654,2109 3756,2104 3858,2099 3961,2094 4063,2088 4165,2083 4267,2079 4370,2074 4472,2070 4574,2066 4677,2063 4779,2062 4881,2060 4984,2060"
                         HEIGHT="241"
                         WIDTH="2077"
                         VPOS="1938"
                         HPOS="2920">
                  <String ID="string_region_1644326209554_9879l20"
                          HEIGHT="241"
                          WIDTH="2077"
                          VPOS="1938"
                          HPOS="2920"
                          CONTENT="becoemen het briefie op denge le ford mams"/>
               </TextLine>
               <TextLine ID="region_1644326209554_9879l21"
                         BASELINE="2922,2238 3022,2238 3123,2236 3224,2234 3325,2231 3426,2228 3526,2224 3627,2222 3728,2218 3829,2214 3930,2210 4030,2206 4131,2202 4232,2198 4333,2196 4434,2192 4534,2189 4635,2187 4736,2186 4837,2184 4938,2184"
                         HEIGHT="189"
                         WIDTH="2046"
                         VPOS="2081"
                         HPOS="2906">
                  <String ID="string_region_1644326209554_9879l21"
                          HEIGHT="189"
                          WIDTH="2046"
                          VPOS="2081"
                          HPOS="2906"
                          CONTENT="tardiem. 2 sber vallonde 200 a 124½ banc"/>
               </TextLine>
               <TextLine ID="region_1644326209554_9879l22"
                         BASELINE="2914,2344 3016,2346 3118,2346 3220,2346 3322,2344 3425,2342 3527,2339 3629,2335 3731,2331 3833,2326 3936,2320 4038,2316 4140,2310 4242,2304 4344,2299 4447,2294 4549,2290 4651,2286 4753,2282 4855,2278 4958,2276"
                         HEIGHT="189"
                         WIDTH="2077"
                         VPOS="2190"
                         HPOS="2897">
                  <String ID="string_region_1644326209554_9879l22"
                          HEIGHT="189"
                          WIDTH="2077"
                          VPOS="2190"
                          HPOS="2897"
                          CONTENT="£103:13 hebbe a ¼ ue avance ingetroeke en "/>
               </TextLine>
               <TextLine ID="region_1644326209554_9879l23"
                         BASELINE="2926,2430 3029,2432 3132,2434 3235,2436 3338,2434 3441,2434 3544,2432 3647,2428 3750,2426 3853,2422 3956,2418 4059,2414 4162,2410 4265,2406 4368,2402 4471,2398 4574,2394 4677,2392 4780,2390 4883,2388 4986,2388"
                         HEIGHT="225"
                         WIDTH="2090"
                         VPOS="2284"
                         HPOS="2912">
                  <String ID="string_region_1644326209554_9879l23"
                          HEIGHT="225"
                          WIDTH="2090"
                          VPOS="2284"
                          HPOS="2912"
                          CONTENT="ue gecrediteert in wiss £104:10:7 ingesloeten"/>
               </TextLine>
               <TextLine ID="region_1644326209554_9879l24"
                         BASELINE="2910,2550 3008,2545 3107,2542 3206,2538 3305,2536 3404,2534 3502,2534 3601,2532 3700,2532 3799,2531 3898,2530 3996,2530 4095,2528 4194,2528 4293,2526 4392,2524 4490,2520 4589,2517 4688,2512 4787,2507 4886,2500"
                         HEIGHT="188"
                         WIDTH="2007"
                         VPOS="2390"
                         HPOS="2894">
                  <String ID="string_region_1644326209554_9879l24"
                          HEIGHT="188"
                          WIDTH="2007"
                          VPOS="2390"
                          HPOS="2894"
                          CONTENT="den trieven t wen lasten reden door mij"/>
               </TextLine>
               <TextLine ID="region_1644326209554_9879l25"
                         BASELINE="2920,2656 3018,2654 3116,2650 3215,2648 3313,2646 3412,2645 3510,2644 3608,2643 3707,2642 3805,2642 3904,2642 4002,2642 4100,2642 4199,2642 4297,2642 4396,2642 4494,2640 4592,2640 4691,2640 4789,2638 4888,2636"
                         HEIGHT="159"
                         WIDTH="1995"
                         VPOS="2531"
                         HPOS="2906">
                  <String ID="string_region_1644326209554_9879l25"
                          HEIGHT="159"
                          WIDTH="1995"
                          VPOS="2531"
                          HPOS="2906"
                          CONTENT="voldaen voor ue reck as 1t £100: a ƒ 136:½"/>
               </TextLine>
               <TextLine ID="region_1644326209554_9879l26"
                         BASELINE="2906,2766 3008,2766 3111,2764 3213,2764 3316,2762 3418,2762 3521,2760 3623,2758 3726,2758 3828,2756 3931,2754 4033,2754 4136,2753 4238,2752 4341,2752 4443,2752 4546,2752 4648,2752 4751,2752 4853,2754 4956,2756"
                         HEIGHT="150"
                         WIDTH="2078"
                         VPOS="2637"
                         HPOS="2892">
                  <String ID="string_region_1644326209554_9879l26"
                          HEIGHT="150"
                          WIDTH="2078"
                          VPOS="2637"
                          HPOS="2892"
                          CONTENT="vlaems £181:13:4 en s £150 a ƒ 836:4 vlaers"/>
               </TextLine>
               <TextLine ID="region_1644326209554_9879l27"
                         BASELINE="2910,2870 3012,2868 3114,2867 3216,2866 3319,2864 3421,2862 3523,2860 3626,2858 3728,2856 3830,2854 3933,2852 4035,2852 4137,2850 4239,2850 4342,2850 4444,2850 4546,2852 4649,2852 4751,2854 4853,2858 4956,2860"
                         HEIGHT="188"
                         WIDTH="2075"
                         VPOS="2744"
                         HPOS="2895">
                  <String ID="string_region_1644326209554_9879l27"
                          HEIGHT="188"
                          WIDTH="2075"
                          VPOS="2744"
                          HPOS="2895"
                          CONTENT="£272:10 saemen £54: 3:4 waer voor mij ge"/>
               </TextLine>
               <TextLine ID="region_1644326209554_9879l28"
                         BASELINE="2926,2984 3029,2982 3132,2980 3235,2978 3339,2977 3442,2976 3545,2974 3649,2972 3752,2972 3855,2970 3959,2970 4062,2970 4165,2970 4268,2970 4372,2970 4475,2972 4578,2974 4682,2976 4785,2978 4888,2982 4992,2986"
                         HEIGHT="218"
                         WIDTH="2094"
                         VPOS="2844"
                         HPOS="2911">
                  <String ID="string_region_1644326209554_9879l28"
                          HEIGHT="218"
                          WIDTH="2094"
                          VPOS="2844"
                          HPOS="2911"
                          CONTENT="lieft te crediteren voor het resterende bidde mij"/>
               </TextLine>
               <TextLine ID="region_1644326209554_9879l29"
                         BASELINE="2926,3106 3028,3104 3130,3102 3233,3100 3335,3099 3438,3098 3540,3096 3642,3096 3745,3094 3847,3094 3950,3094 4052,3094 4154,3094 4257,3094 4359,3094 4462,3096 4564,3096 4666,3098 4769,3100 4871,3102 4974,3106"
                         HEIGHT="207"
                         WIDTH="2077"
                         VPOS="2968"
                         HPOS="2912">
                  <String ID="string_region_1644326209554_9879l29"
                          HEIGHT="207"
                          WIDTH="2077"
                          VPOS="2968"
                          HPOS="2912"
                          CONTENT="te remitteeren tis ue rofitak sderen repe"/>
               </TextLine>
               <TextLine ID="region_1644326209554_9879l30"
                         BASELINE="2924,3200 3028,3199 3132,3198 3236,3198 3340,3198 3445,3198 3549,3198 3653,3200 3757,3200 3861,3202 3966,3202 4070,3204 4174,3204 4278,3206 4382,3208 4487,3210 4591,3212 4695,3214 4799,3216 4903,3218 5008,3220"
                         HEIGHT="191"
                         WIDTH="2114"
                         VPOS="3101"
                         HPOS="2910">
                  <String ID="string_region_1644326209554_9879l30"
                          HEIGHT="191"
                          WIDTH="2114"
                          VPOS="3101"
                          HPOS="2910"
                          CONTENT="tass eeser als dat ick trecke ic blijve de cortoe"/>
               </TextLine>
               <TextLine ID="region_1644326209554_9879l31"
                         BASELINE="2942,3310 3036,3310 3131,3310 3226,3308 3320,3308 3415,3308 3510,3308 3604,3306 3699,3306 3794,3306 3889,3306 3983,3306 4078,3308 4173,3308 4267,3310 4362,3312 4457,3314 4551,3317 4646,3321 4741,3326 4836,3330"
                         HEIGHT="206"
                         WIDTH="1924"
                         VPOS="3198"
                         HPOS="2927">
                  <String ID="string_region_1644326209554_9879l31"
                          HEIGHT="206"
                          WIDTH="1924"
                          VPOS="3198"
                          HPOS="2927"
                          CONTENT="quyt doch noch seer onpasselye ick ben"/>
               </TextLine>
            </TextBlock>
         </PrintSpace>
      </Page>
   </Layout>
</alto>
