5175 3897
253 99 2288 181 Ghendt J Bapt De Saedelais dy 25 mey 1713

302 192 2235 255 gedraghe mj aen mijnen van gisier e mosen

339 307 2192 197 ingesloeten sende ue den brief men laste

355 431 1987 155 vallende bij mij addies door mij voor ue

370 538 2152 207 Rekere geacquitteert van he £100: a ƒ 335:9

356 648 2004 169 vlaemt wisselg £178:15 waer voor mij

336 766 1733 215 gelieft te crediteeren blijve

214 880 2241 193 Rotterdam Dionis verbar Ady 27 mey 171

334 999 2131 216 ue aengenaeme 4.21 en 25 cour. hebbe wel

325 1114 2008 221 ontfangen: sien de attignatie op den haeghe

341 1248 2087 201 eijndelijck ingecoemen is. hebbe ue daer voerens

292 1351 2205 175 gedebiteert hollans couraint ƒ 499:t het gene ue

312 1477 2241 223 my vraeght magh ue sonder de minste servppe

317 1563 2129 194 doen synde die parsoon in volle crediet en

269 1706 2120 212 reputatie en niet alleen by my maer bij de

274 1814 2221 261 principaclste onser borse vois soo serandes

310 1924 2191 183 en capasel nigotiant bekent als wij een

292 2052 2097 200 en oute stadt hebben het moet seer

272 2148 2205 233 doeneher wesen daer hy sal doeten in alle

291 2296 2047 163 occasies disponeert sber van die blijve

178 2392 2260 283 Brunelles Jacomo Rousseau Ady 28 mey 1717

278 2545 2204 212 la tres cherevre 22 du courant mest bien

289 2658 2073 275 parvennce ie vous envoyue ma tritée cy

310 2801 2216 171 incluse en vre laveur a  pouz de datte seule

321 2869 2153 235 sr haeghens de ƒ400: de change de vous rie

196 3004 2333 262 en procurer le requis et me donner un mos a

259 3169 651 223 1que suis

2602 108 2219 188 Brussel Dhr Grimberghen in de stoffen helle 28 mey 1717

2666 188 2189 186 voor leden woonsdagh hebbe ue r beurtschip gecon

2656 307 2222 208 signeert p ordre en voor Reken van Dir nicolas

2626 424 2267 174 van den Berghen van halle twee packen gemerckt

2626 518 2318 200 1S N1 inhoudende 13 engelsche laekens 2 bayen en

2628 632 2258 203 vavee carseyen en N2 inhouden de 3e9 Engelsche

2633 743 2291 210 serges en sperpeniaen het laeste voor mjn broeder

4098 851 251 76 ie½

2650 849 2261 238 afgesonden en twifele niet op m

2626 964 2268 182 van den Berghen die desen morgent van hier

2650 1052 2317 208 vertrocken n sal ue daer over spreken. ue gelieve

2658 1154 2306 204 hem de packen soo haest moogelijck toe te senden

2660 1283 1891 163 ende daer mede sijn ordre te volghen

2636 1393 1131 227 blijve in alle occasien

2623 1492 2091 177 Leedithomat PRate Ady 29 meij 1717

2655 1558 2208 232 Ick vinde voor my vier uer missives als  13 ber

2681 1699 2228 150 1716 16 Januardi et 24 Aml deser jaere ue can wel

2632 1797 2280 180 considereeren dat het faitte van negotie en vertier is

2630 1914 2318 155 dat ick my van ue offers niet ue bediene ende daerom

2646 2050 2247 151 vor deelick het stutiel ue mal a propps met posten

2666 2147 2195 134 van brieven te belasten ick en wisse nmet doat ick ue

2642 2234 2248 173 oorsaeke tot soo daenighe en es soude hebben gegeven

2652 2340 2303 157 met het paineeren van die bagatelle ue pr salde van

2631 2458 2099 135 rekeninge coemende te remitteeren daerom

2614 2542 2358 184 gaet dat hier ingesloeten in mijn eggen trato aen ue ordre

2609 2632 2132 192 van heden lioffuso op eM. Daniel hays in London

2635 2776 2327 141 sijnde st 31:19 tot saldo aller vekeninge die wijbeyd

2645 2834 2213 198 te saemen gehadt hebben ue versoekende de selve

2652 2966 2286 158 in te voorder en ende conform te sluyten veranderen

2644 3081 2126 158 de tijden en beteert de egoi  soot wille

2606 3170 2178 174 verleenen soo connen wy te saemen wederom

2642 3262 2294 158 negotieeren middellertijdt ick versoeke dat ue mij

2636 3368 2318 149 met geen brdesporten meer en gelieft te belasten

2640 3475 1025 202 sijnde van herten
