5057 3886
588 143 2016 172 soo als ick getrocken hebbe ick bidde ue die te voldoen

550 243 2015 164 daer dan occasie voor vallen bij het tackoemende

579 347 2009 183 dat wij te saemen moogen handelen en soude niet

642 424 2016 218 geerne verwijderinghe hebben betrouwen het sefde

624 556 869 149 van ue en blijve

619 612 2055 213 denitgegaen onder o van thoissas scawen beloup

537 764 2134 185 London Thomas scawens en Lomg Ady 19 febrda 1 1723

624 899 2055 207 J'ay receu lhonneur de ene cheres vestres a

590 1008 569 159 Jet 21 Jan vier

806 1011 1815 210 3 courant au respaurd de la premiere je vous

615 1099 2014 217 ay debitee de conformitee  £62:10: du ne dee

598 1245 2013 186 Anneé dinpest de mes airez eschonst michie

602 1311 2068 204 dernier que vous avez reccu, je vois que le s. de witt

594 1451 2057 202 a repuse de paycer ma traitte de  £13:11:- quil me

613 1572 2026 211 vienne a charge du sen s Bollingier dont il est

613 1666 1943 221 exceuteur. jay ausoy da responce presendent de

555 1784 1976 197 dinnnneer t £3:7:4 ces sont de cliccannez

630 1873 2002 252 car jay le compte courant du desunes mesme quil

613 2024 2018 219 me renvoyez me resta redevable  £113:11: et

616 2180 1725 165 me remetta en mes me temps 100:

611 2266 1928 201 si savois tire en memetemps ces  £13:11:-

627 2390 1734 154 il les auroit satisfait sans contradiction

623 2493 1953 195 car il at en deux fois provision de parties que

611 2556 2027 249 bedit o orte je serive en catt au surdit

609 2680 2037 204 p de witte que ie vous prie luy faire rendre pour

620 2806 1977 189 voir sil payera ou noon vre ef no recura pas

612 2896 1927 256 moins que  £17:2: et oeu gaundorma

526 3016 1962 250 xtraitte et me donner advis esxes quil ne ve

616 3108 2036 266 pas payeer. r vre derniere ie vois pavez achiprie

628 3275 1847 194 pour mon compte pour cinco ceist livre

597 3324 2049 236 sterlings dachons dans la coulir. des indes orrenales

647 3462 1988 174 d'Angleterre a 145 montant en suitte le compte

666 3548 1924 232 y comptes vre provision et fraix l £730:4:6-

626 3693 1939 166 ildont ie vous ay creditie vous pouvez bien

2771 99 2112 273 criez que japproveray touijours ce vous faittez pour

2760 224 2165 242 mis estantt partuadce que ne me consielleires pas

2765 364 2123 229 ul. a ce prix de n vois pas grand danse ui

2764 473 2114 273 jilque a pouvoir perdre. les aultres marment

2777 589 2131 259 depiesne date £142 - asteur ie ne seay pas si le

2771 686 2059 285 vordent eschey a poel est pour moy du noy ou

2779 813 2083 292 si mon premier divident sera a st Jean sisvenir

2778 936 2100 247 ce que ie vous prie me faire scavoir comme ce

2788 1060 2153 247 changementt de 170 a 142 est venue tout dem comp

2797 1153 2147 283 in ne scay pas ce quil puis encor surveurr esie

2806 1316 2187 238 que ces denous dinspient plus quils arriveron

2793 1398 2132 262 au prix dentre le cent est vinst vous aurez la

2806 1544 2062 224 bonte en achepter encor pour cinco, cents livres

2804 1622 2104 277 sterlings pour mon coumte et tires la valeur es ven

2818 1778 2122 246 ncassote le seray honneur a vre graisse de  ebbi

3222 1927 430 124 „ 21 Janvier

2773 1920 2180 231 aa ƒ34:09 dt  courant la et luierjours en faveur mons

2814 2035 2079 241 ledoeus hoethals. je remarque quelle est pour vre

2807 2139 2161 266 cupre et au prx de deux uschees ou ile vous ay prie

2822 2246 1936 242 le faire a veu pr. caisse et a mon plus grance

2819 2377 2142 259 advantage possible ie vous envoye cy incluse ma

2806 2527 2119 274 procure pour en registrer e laire pester sur mon

2789 2611 2159 290 I noon est en mon prsvoir les l £500 capppitael

2823 2733 2071 234 que vous avec 'achptee sur les livres de le comp

2808 2826 2175 247 y compris en mesme temps mon autnoissanon afire que

2800 2929 2136 225 vous puissiez recevoir les dividents. ie vous prie le faire

2784 3081 2108 189 au receu de cette la mienne et laydn affecties m'en

2822 3136 2095 227 vouloir donner vre advis ma procuree est est toutte

2792 3281 2097 219 forme requise tellement quil ay aura pas dobstaile

2800 3395 1800 227 dattendant de vos nouvelles ie me t

2903 3422 1998 286 Corge van procuratte aen momas seasen eden

2851 3592 2027 194 gesonden tot het op mijnen naem stellen van sechs00

2829 3658 2117 200 capppael 1n d'oothnoisne compt. ent ontfangen van dintresen
