5143 3892
637 101 2109 177 London Chauvel t Loequeel Ady 31 Januuer 1722

717 234 2050 186 jeone refere a ma derniere 17 du courant playp

710 346 1996 136 ie vous nit envoyée ma procure pour ffairre

706 442 2070 144 auregistrer en mon nhom la partie de su se

736 545 2020 137 que vous avez achepter dapt la comp. de la

735 652 1863 152 pmer du sus priant me ladviser lors que

714 738 2015 186 laurez excenne. depuis je recoive lhonneur

722 839 1994 173 de la re 3 du courant avec anne modelle

735 938 1837 158 de procuration la quelle ne pr'est plut

721 1039 2010 172 Necessaire comme vous auress beu p. ma

727 1130 2008 173 precedentedil est bien que recetere a la

643 1239 2060 171 fin let  £50 a bon compte de la lettre a

690 1359 2047 127 charge de la damme chapman. il fauttandse

709 1465 2030 134 vous faire rembourser des train des poris des

696 1526 2042 184 lettres et protest 25: et les deduire auxdits £50

698 1646 2066 141 car je ness suis pas remboursee comme te vours

685 1737 2095 197 by marque vs sines precedentes oulire ie remarque

689 1850 2016 166 dans le compte courant que m'envoyez que

690 1954 2074 176 ie me faittes pas bon  £4:- pour deux mos

702 2041 2019 192 dintrest dan dis compte de lettre des £400

707 2169 2056 207 que vous aves fait pour mon compte ensuite

675 2266 2099 206 a vres lettre d  abre 1720- de plus5 16 pil

677 2363 2048 208 me fault plus doittr est que ne me faittes bon

718 2473 1994 189 comme ie vous ayt esserirt p um a lettre du 7

645 2575 2070 208 Du courant ces trois parstiez monteett j £5:1:

688 2696 2049 137 de duit au saldo de vre compte courant portant

707 2797 2056 196 £31:13:4 il vous vienne de moy £26:11:4

679 2879 2037 238 que ie vous remette cy incluse en mon billiet

689 2996 1882 193 sur mons. Daniel huys dnt ie vous prie

701 3075 1997 228 recevoir la valeur et soldor nre conghe avec

697 3174 2080 198 moy. d'accord pour ensuitte commencer uve

682 3290 2044 206 Cusemble r la grace de Dieu. ie ne trouve pas

683 3391 2007 199 la lotterie favorable ce pour quoy de ny prencrang

701 3509 2057 200 pas des pourts mais a son tertnre des livres de las

732 3620 1949 132 comp. de la mer du sud ie voyeray comment le

695 3726 1964 102 prix le reglera de ces etction et peur estre

2847 117 2090 225 que ie vous remetterey et ordonnerer d'achanter

2831 239 2122 189 dencor lingcens livres sterlins, prient r adviser

2843 316 2031 219 au modre changement it d'aura deze

2855 401 2035 217 manquez aussy me donner advie lois que vodis

2859 528 2103 179 aurez fait transporter la partie acmpsce en mon

2846 646 1429 212 nom entre temps de me dit

2770 730 2106 248 London th. Scawens en Cones Ady 34 Janvier 1726

2820 830 2103 248 En responce a lhousiderr de la vre lz du courant

2836 961 2123 188 iene scay comment me pouvez impiter le s evere

2791 1045 2093 215 enir en touttes occasions de la mauiere qui

2843 1152 2050 202 vous le faittez jamais encor ie nay desarouvez

2828 1239 2000 160 ce que vous avez achepree pour moy ng de t

2842 1377 2044 144 de savoir laisse pour vre compte mopordre

2837 1451 2020 161 et estie s'aiple que sa ma j'espondue ces

2815 1505 2155 207 suvants p. vre lettre  gbre estans auony de yz

2819 1665 1933 146 rependant si le prix baisait de 3 a 4 prete nons

2827 1751 2120 141 boutions acchepter e £500- duta qie vous

2831 1847 2132 151 nous laistes da libertee de donner le prix que nois

2842 1943 2042 139 eroirons faisonable et advntaie or cela

2832 2051 2092 148 i'ay conmed non ordre en responce a la ditte

2842 2168 2137 142 vre lettre le 3 xbre disant il lest brest & a prouve

2831 2233 2114 166 mon ordre pour l'achapt de £500 fn pr

2839 2358 2133 152 de nonahte pourcent tou aux en vitons igmisse tiz

2834 2432 2021 195 aultre qu la precedente l'enfiril   rien

2851 2525 2121 192 a fairre pour moy que da voys parence vous pria

2834 2620 2157 210 en cas le rabays apres louver free ardresss vouls

2854 2730 2124 182 invigiler et d'oschepter lusques a mille livres sporling

2854 2816 2119 187 Jay receu le compte eraint e trouve les partie

2862 2919 2122 186 d'accorp et ie vous arebotez sur compte na

2856 3037 2127 146 de  £62:19- est ans bi en vue la co

2852 3105 2133 198 ondes crientales payera le difident eschep 25 debre

2871 3222 2097 132 au dernier de n et moit ie vous en debisera duy

2857 3334 1560 157 Pond  £50:-e me
