5179 3830
1521 716 2762 257 coemen maer voor soo veel ick vant cappitael socken dip

1527 900 2452 119 dat ick de de savorabels voisses soude moogen waernm ene

1508 996 2559 162 ende uyt die reden hebbe ue ede goet gevonden sulckx t

1492 1088 2707 248 adviseeren niet twijfelende oft tegens die tijnt van 3 chuy

1502 1239 2637 170 evorckez occasie van trecken retcopmeerende sal ue dde

1523 1317 2528 205 mijn tratos verceren het emploge datt  hier presen

1571 1408 2691 239 voor valt tot 4 en ½ prete is iin regimeip te crediteeren

1523 1519 2699 238 en staets obligenen aen te gemen maer met dat peruliere

2137 1687 151 89 meet

1561 1670 2579 167 met het gaat weeten te winen want ue moogalto

1566 1786 2579 170 beijde wesen met huyrcke a a3t to becaemen

1544 1871 2706 168 so dat ue mijn schrijven heeft maljck bevroeyt ser wenste

1555 1990 2572 233 datteroccasie walgh dat wjte dameseur dego ee

1572 2115 2660 151 corresponsen, conde droven d'attes een 4 a pre aun

1585 2215 2677 217 vatt waere. ick ensonde op geen ander ant boye plijsen

3415 2351 175 76 N96

1560 2340 2714 175 maer 3 prete voor een gepressaeerde tijrt sonder hoepe

1563 2461 2703 199 ven dhteru oft deinge vntagie en canee behouns

1549 2563 2748 197 ist doen roeken en alle occomen verastenreste ne e

1578 2702 2676 173 my sal vinsente wesen     renger

3366 2783 783 165 Pedramelyn

2270 2809 771 174 yn
