<?xml version="1.0" encoding="UTF-8"?>
<alto xmlns:xsi="http://www.w3.org/2001/XMLSchema-instance"
      xmlns="http://www.loc.gov/standards/alto/ns-v4#"
      xmlns:page="http://schema.primaresearch.org/PAGE/gts/pagecontent/2013-07-15"
      xsi:schemaLocation="http://www.loc.gov/standards/alto/ns-v4# https://www.loc.gov/standards/alto/v4/alto.xsd">
   <Description>
      <MeasurementUnit>pixel</MeasurementUnit>
      <OCRProcessing ID="IdOcr">
         <ocrProcessingStep>
            <processingDateTime>2022-02-11T21:33:54.027+01:00</processingDateTime>
            <processingSoftware>
               <softwareCreator>READ COOP</softwareCreator>
               <softwareName>Transkribus</softwareName>
            </processingSoftware>
         </ocrProcessingStep>
      </OCRProcessing>
   </Description>
   <Layout>
      <Page ID="Page1" PHYSICAL_IMG_NR="1" HEIGHT="3856" WIDTH="5211">
         <TopMargin HEIGHT="0" WIDTH="5211" VPOS="0" HPOS="0"/>
         <LeftMargin HEIGHT="3856" WIDTH="0" VPOS="0" HPOS="0"/>
         <RightMargin HEIGHT="3856" WIDTH="0" VPOS="0" HPOS="5211"/>
         <BottomMargin HEIGHT="0" WIDTH="5211" VPOS="3856" HPOS="0"/>
         <PrintSpace HEIGHT="3856" WIDTH="5211" VPOS="0" HPOS="0">
            <TextBlock ID="region_1644317280847_8752"
                       HEIGHT="3774"
                       WIDTH="2355"
                       VPOS="8"
                       HPOS="351">
               <Shape>
                  <Polygon POINTS="351,8 2706,8 2706,3782 351,3782"/>
               </Shape>
               <TextLine ID="region_1644317280847_8752l1"
                         BASELINE="468,170 577,176 686,180 795,184 904,186 1013,188 1122,190 1231,190 1340,190 1449,190 1559,190 1668,188 1777,188 1886,186 1995,186 2104,184 2213,184 2322,182 2431,182 2540,182 2650,182"
                         HEIGHT="217"
                         WIDTH="2209"
                         VPOS="59"
                         HPOS="455">
                  <String ID="string_region_1644317280847_8752l1"
                          HEIGHT="217"
                          WIDTH="2209"
                          VPOS="59"
                          HPOS="455"
                          CONTENT="tournaye  leseeulrre Ady 8 may 1715"/>
               </TextLine>
               <TextLine ID="region_1644317280847_8752l2"
                         BASELINE="506,350 612,344 719,342 826,338 933,336 1040,336 1146,336 1253,336 1360,336 1467,338 1574,338 1680,340 1787,342 1894,344 2001,345 2108,346 2214,348 2321,348 2428,348 2535,348 2642,348"
                         HEIGHT="259"
                         WIDTH="2167"
                         VPOS="178"
                         HPOS="490">
                  <String ID="string_region_1644317280847_8752l2"
                          HEIGHT="259"
                          WIDTH="2167"
                          VPOS="178"
                          HPOS="490"
                          CONTENT="fayt ene hors la ville sur monretour "/>
               </TextLine>
               <TextLine ID="region_1644317280847_8752l3"
                         BASELINE="490,496 598,485 706,477 815,469 923,464 1032,460 1140,457 1248,456 1357,454 1465,454 1574,456 1682,457 1790,458 1899,460 2007,462 2116,462 2224,464 2332,464 2441,464 2549,462 2658,460"
                         HEIGHT="212"
                         WIDTH="2198"
                         VPOS="330"
                         HPOS="475">
                  <String ID="string_region_1644317280847_8752l3"
                          HEIGHT="212"
                          WIDTH="2198"
                          VPOS="330"
                          HPOS="475"
                          CONTENT="ceiourdhuys te me trouve honnore de la"/>
               </TextLine>
               <TextLine ID="region_1644317280847_8752l4"
                         BASELINE="484,610 593,606 702,604 811,600 921,598 1030,595 1139,594 1249,592 1358,590 1467,588 1577,588 1686,586 1795,586 1904,584 2014,584 2123,584 2232,582 2342,582 2451,582 2560,580 2670,580"
                         HEIGHT="151"
                         WIDTH="2219"
                         VPOS="456"
                         HPOS="467">
                  <String ID="string_region_1644317280847_8752l4"
                          HEIGHT="151"
                          WIDTH="2219"
                          VPOS="456"
                          HPOS="467"
                          CONTENT="chere vre 30 det vris dernier Jana "/>
               </TextLine>
               <TextLine ID="region_1644317280847_8752l5"
                         BASELINE="476,738 581,733 687,727 792,724 898,720 1003,718 1109,718 1214,718 1320,718 1425,718 1531,718 1636,718 1742,718 1847,718 1953,718 2058,716 2164,712 2269,710 2375,705 2480,698 2586,690"
                         HEIGHT="160"
                         WIDTH="2142"
                         VPOS="583"
                         HPOS="460">
                  <String ID="string_region_1644317280847_8752l5"
                          HEIGHT="160"
                          WIDTH="2142"
                          VPOS="583"
                          HPOS="460"
                          CONTENT="achepte le cnir dorce a 15 mata"/>
               </TextLine>
               <TextLine ID="region_1644317280847_8752l6"
                         BASELINE="476,880 584,869 692,862 800,856 908,852 1016,848 1124,844 1232,843 1340,842 1448,842 1556,842 1664,842 1772,842 1880,842 1988,842 2096,842 2204,842 2312,840 2420,837 2528,834 2636,830"
                         HEIGHT="207"
                         WIDTH="2191"
                         VPOS="702"
                         HPOS="459">
                  <String ID="string_region_1644317280847_8752l6"
                          HEIGHT="207"
                          WIDTH="2191"
                          VPOS="702"
                          HPOS="459"
                          CONTENT="dont qme faittez mention melef"/>
               </TextLine>
               <TextLine ID="region_1644317280847_8752l7"
                         BASELINE="510,1010 619,1004 728,1000 837,996 946,994 1055,990 1164,989 1273,988 1382,986 1491,986 1601,986 1710,986 1819,986 1928,986 2037,986 2146,986 2255,986 2364,986 2473,986 2582,984 2692,984"
                         HEIGHT="240"
                         WIDTH="2212"
                         VPOS="838"
                         HPOS="494">
                  <String ID="string_region_1644317280847_8752l7"
                          HEIGHT="240"
                          WIDTH="2212"
                          VPOS="838"
                          HPOS="494"
                          CONTENT="netroyg oe conditsoneer comne besante"/>
               </TextLine>
               <TextLine ID="region_1644317280847_8752l8"
                         BASELINE="528,1148 629,1144 731,1141 833,1138 935,1135 1037,1132 1138,1129 1240,1126 1342,1124 1444,1121 1546,1119 1647,1117 1749,1116 1851,1114 1953,1112 2055,1112 2156,1110 2258,1110 2360,1110 2462,1110 2564,1110"
                         HEIGHT="191"
                         WIDTH="2064"
                         VPOS="1020"
                         HPOS="512">
                  <String ID="string_region_1644317280847_8752l8"
                          HEIGHT="191"
                          WIDTH="2064"
                          VPOS="1020"
                          HPOS="512"
                          CONTENT="tecroy que vous en serez consent i"/>
               </TextLine>
               <TextLine ID="region_1644317280847_8752l9"
                         BASELINE="360,1284 474,1284 588,1282 703,1280 817,1278 932,1276 1046,1272 1160,1269 1275,1266 1389,1262 1504,1258 1618,1254 1732,1252 1847,1248 1961,1246 2076,1244 2190,1242 2304,1240 2419,1240 2533,1240 2648,1242"
                         HEIGHT="262"
                         WIDTH="2317"
                         VPOS="1104"
                         HPOS="344">
                  <String ID="string_region_1644317280847_8752l9"
                          HEIGHT="262"
                          WIDTH="2317"
                          VPOS="1104"
                          HPOS="344"
                          CONTENT="i vous l'envoyeray aue premiers et "/>
               </TextLine>
               <TextLine ID="region_1644317280847_8752l10"
                         BASELINE="530,1430 636,1422 743,1415 849,1409 956,1404 1062,1398 1169,1394 1275,1391 1382,1388 1488,1385 1595,1382 1701,1380 1808,1378 1914,1377 2021,1376 2127,1374 2234,1372 2340,1372 2447,1370 2553,1368 2660,1366"
                         HEIGHT="231"
                         WIDTH="2161"
                         VPOS="1238"
                         HPOS="514">
                  <String ID="string_region_1644317280847_8752l10"
                          HEIGHT="231"
                          WIDTH="2161"
                          VPOS="1238"
                          HPOS="514"
                          CONTENT="vou e donneray nouvelles priau"/>
               </TextLine>
               <TextLine ID="region_1644317280847_8752l11"
                         BASELINE="526,1566 626,1555 726,1545 826,1537 926,1530 1026,1524 1126,1520 1226,1516 1326,1512 1426,1510 1526,1510 1626,1508 1726,1508 1826,1508 1926,1508 2026,1510 2126,1510 2226,1510 2326,1510 2426,1510 2526,1510"
                         HEIGHT="239"
                         WIDTH="2031"
                         VPOS="1371"
                         HPOS="509">
                  <String ID="string_region_1644317280847_8752l11"
                          HEIGHT="239"
                          WIDTH="2031"
                          VPOS="1371"
                          HPOS="509"
                          CONTENT="dobteni du stevenart e qu"/>
               </TextLine>
               <TextLine ID="region_1644317280847_8752l12"
                         BASELINE="518,1688 624,1676 731,1666 838,1657 945,1650 1052,1644 1158,1640 1265,1636 1372,1634 1479,1634 1586,1632 1692,1632 1799,1634 1906,1634 2013,1634 2120,1634 2226,1632 2333,1632 2440,1629 2547,1626 2654,1622"
                         HEIGHT="276"
                         WIDTH="2165"
                         VPOS="1500"
                         HPOS="502">
                  <String ID="string_region_1644317280847_8752l12"
                          HEIGHT="276"
                          WIDTH="2165"
                          VPOS="1500"
                          HPOS="502"
                          CONTENT="pouvez car  da du mistere la dedan"/>
               </TextLine>
               <TextLine ID="region_1644317280847_8752l13"
                         BASELINE="442,1850 547,1836 652,1824 757,1813 862,1804 967,1796 1072,1790 1177,1786 1282,1782 1387,1778 1492,1776 1597,1773 1702,1770 1807,1768 1912,1766 2017,1764 2122,1760 2227,1756 2332,1751 2437,1745 2542,1738"
                         HEIGHT="246"
                         WIDTH="2130"
                         VPOS="1635"
                         HPOS="423">
                  <String ID="string_region_1644317280847_8752l13"
                          HEIGHT="246"
                          WIDTH="2130"
                          VPOS="1635"
                          HPOS="423"
                          CONTENT="plus quil me dilaye a satisfaire"/>
               </TextLine>
               <TextLine ID="region_1644317280847_8752l14"
                         BASELINE="478,1970 588,1956 698,1945 808,1935 918,1927 1029,1920 1139,1914 1249,1910 1359,1906 1469,1904 1580,1902 1690,1900 1800,1899 1910,1898 2020,1896 2131,1893 2241,1890 2351,1886 2461,1882 2571,1874 2682,1866"
                         HEIGHT="240"
                         WIDTH="2236"
                         VPOS="1752"
                         HPOS="461">
                  <String ID="string_region_1644317280847_8752l14"
                          HEIGHT="240"
                          WIDTH="2236"
                          VPOS="1752"
                          HPOS="461"
                          CONTENT="plus du temps jasgue t'il pour ce quil"/>
               </TextLine>
               <TextLine ID="region_1644317280847_8752l15"
                         BASELINE="470,2084 577,2078 684,2074 791,2068 898,2064 1005,2060 1112,2056 1219,2052 1326,2049 1433,2046 1540,2042 1647,2039 1754,2036 1861,2034 1968,2030 2075,2026 2182,2023 2289,2020 2396,2014 2503,2011 2610,2006"
                         HEIGHT="270"
                         WIDTH="2172"
                         VPOS="1887"
                         HPOS="453">
                  <String ID="string_region_1644317280847_8752l15"
                          HEIGHT="270"
                          WIDTH="2172"
                          VPOS="1887"
                          HPOS="453"
                          CONTENT="meddibt oye comme pouvez bien"/>
               </TextLine>
               <TextLine ID="region_1644317280847_8752l16"
                         BASELINE="442,2230 510,2220 578,2211 647,2204 715,2199 784,2193 852,2190 920,2187 989,2185 1057,2183 1126,2182 1194,2180 1262,2178 1331,2176 1399,2174 1468,2170 1536,2166 1604,2161 1673,2155 1741,2147 1810,2138"
                         HEIGHT="212"
                         WIDTH="1400"
                         VPOS="2032"
                         HPOS="423">
                  <String ID="string_region_1644317280847_8752l16"
                          HEIGHT="212"
                          WIDTH="1400"
                          VPOS="2032"
                          HPOS="423"
                          CONTENT="consi derer. deme de ƒ"/>
               </TextLine>
               <TextLine ID="region_1644317280847_8752l17"
                         BASELINE="402,2388 514,2375 626,2362 738,2352 850,2343 962,2334 1074,2328 1186,2321 1298,2317 1410,2311 1522,2306 1634,2303 1746,2300 1858,2296 1970,2294 2082,2290 2194,2286 2306,2284 2418,2280 2530,2276 2642,2272"
                         HEIGHT="278"
                         WIDTH="2275"
                         VPOS="2139"
                         HPOS="382">
                  <String ID="string_region_1644317280847_8752l17"
                          HEIGHT="278"
                          WIDTH="2275"
                          VPOS="2139"
                          HPOS="382"
                          CONTENT="Brugghs Lillis van Capnenille Ady 17 mey 1716"/>
               </TextLine>
               <TextLine ID="region_1644317280847_8752l18"
                         BASELINE="490,2496 600,2492 710,2489 820,2486 930,2480 1040,2475 1150,2470 1260,2464 1370,2458 1480,2452 1590,2446 1700,2440 1810,2435 1920,2430 2030,2426 2140,2422 2250,2420 2360,2418 2470,2418 2580,2420 2690,2422"
                         HEIGHT="208"
                         WIDTH="2233"
                         VPOS="2287"
                         HPOS="473">
                  <String ID="string_region_1644317280847_8752l18"
                          HEIGHT="208"
                          WIDTH="2233"
                          VPOS="2287"
                          HPOS="473"
                          CONTENT="ue 5 deser hebbe wel ontfangen ingesloeten"/>
               </TextLine>
               <TextLine ID="region_1644317280847_8752l19"
                         BASELINE="448,2636 555,2626 663,2619 771,2611 879,2604 987,2598 1095,2592 1203,2588 1311,2583 1419,2579 1527,2576 1634,2572 1742,2569 1850,2566 1958,2564 2066,2560 2174,2558 2282,2554 2390,2551 2498,2547 2606,2542"
                         HEIGHT="202"
                         WIDTH="2189"
                         VPOS="2444"
                         HPOS="430">
                  <String ID="string_region_1644317280847_8752l19"
                          HEIGHT="202"
                          WIDTH="2189"
                          VPOS="2444"
                          HPOS="430"
                          CONTENT="de cerifficatie gllieve cito het baeltien te "/>
               </TextLine>
               <TextLine ID="region_1644317280847_8752l20"
                         BASELINE="446,2762 555,2754 664,2744 774,2736 883,2729 993,2722 1102,2716 1211,2710 1321,2704 1430,2700 1540,2696 1649,2692 1758,2688 1868,2684 1977,2680 2087,2676 2196,2673 2305,2669 2415,2666 2524,2662 2634,2656"
                         HEIGHT="235"
                         WIDTH="2222"
                         VPOS="2550"
                         HPOS="428">
                  <String ID="string_region_1644317280847_8752l20"
                          HEIGHT="235"
                          WIDTH="2222"
                          VPOS="2550"
                          HPOS="428"
                          CONTENT="depescheeren want ben daer bi verlegen"/>
               </TextLine>
               <TextLine ID="region_1644317280847_8752l21"
                         BASELINE="448,2874 558,2868 669,2860 779,2854 890,2847 1000,2841 1111,2836 1221,2831 1332,2826 1442,2822 1553,2818 1663,2814 1774,2810 1884,2806 1995,2802 2105,2798 2216,2796 2326,2792 2437,2788 2547,2784 2658,2782"
                         HEIGHT="257"
                         WIDTH="2243"
                         VPOS="2667"
                         HPOS="432">
                  <String ID="string_region_1644317280847_8752l21"
                          HEIGHT="257"
                          WIDTH="2243"
                          VPOS="2667"
                          HPOS="432"
                          CONTENT="en my advies te geven met wat schipper "/>
               </TextLine>
               <TextLine ID="region_1644317280847_8752l22"
                         BASELINE="474,2998 537,2994 600,2990 664,2986 727,2983 791,2979 854,2976 917,2972 981,2971 1044,2967 1108,2964 1171,2961 1234,2958 1298,2955 1361,2951 1425,2947 1488,2943 1551,2939 1615,2935 1678,2930 1742,2924"
                         HEIGHT="259"
                         WIDTH="1301"
                         VPOS="2831"
                         HPOS="457">
                  <String ID="string_region_1644317280847_8752l22"
                          HEIGHT="259"
                          WIDTH="1301"
                          VPOS="2831"
                          HPOS="457"
                          CONTENT="t apgelaeden en blijve"/>
               </TextLine>
               <TextLine ID="region_1644317280847_8752l23"
                         BASELINE="410,3132 520,3124 631,3114 741,3106 852,3100 962,3093 1073,3088 1183,3084 1294,3079 1404,3076 1515,3072 1625,3068 1736,3065 1846,3062 1957,3058 2067,3054 2178,3050 2288,3046 2399,3040 2509,3035 2620,3028"
                         HEIGHT="235"
                         WIDTH="2244"
                         VPOS="2913"
                         HPOS="392">
                  <String ID="string_region_1644317280847_8752l23"
                          HEIGHT="235"
                          WIDTH="2244"
                          VPOS="2913"
                          HPOS="392"
                          CONTENT="Bruxelles francois Ansillion Aady a mey 1715"/>
               </TextLine>
               <TextLine ID="region_1644317280847_8752l24"
                         BASELINE="470,3234 579,3225 689,3217 799,3210 909,3204 1019,3200 1128,3196 1238,3193 1348,3190 1458,3188 1568,3188 1677,3186 1787,3186 1897,3184 2007,3184 2117,3182 2226,3180 2336,3178 2446,3176 2556,3174 2666,3168"
                         HEIGHT="188"
                         WIDTH="2226"
                         VPOS="3059"
                         HPOS="455">
                  <String ID="string_region_1644317280847_8752l24"
                          HEIGHT="188"
                          WIDTH="2226"
                          VPOS="3059"
                          HPOS="455"
                          CONTENT="tour responce a lhonneur de la ves dhier en"/>
               </TextLine>
               <TextLine ID="region_1644317280847_8752l25"
                         BASELINE="442,3336 553,3330 665,3324 777,3320 889,3317 1001,3314 1112,3311 1224,3310 1336,3308 1448,3306 1560,3304 1671,3304 1783,3302 1895,3300 2007,3298 2119,3295 2230,3292 2342,3288 2454,3284 2566,3278 2678,3272"
                         HEIGHT="198"
                         WIDTH="2269"
                         VPOS="3175"
                         HPOS="424">
                  <String ID="string_region_1644317280847_8752l25"
                          HEIGHT="198"
                          WIDTH="2269"
                          VPOS="3175"
                          HPOS="424"
                          CONTENT="drap de paque d'un priz de 312 tre 129 ma "/>
               </TextLine>
               <TextLine ID="region_1644317280847_8752l26"
                         BASELINE="450,3450 560,3444 670,3438 780,3432 890,3427 1001,3424 1111,3420 1221,3418 1331,3415 1441,3412 1552,3411 1662,3408 1772,3408 1882,3405 1992,3402 2103,3400 2213,3396 2323,3393 2433,3389 2543,3383 2654,3378"
                         HEIGHT="212"
                         WIDTH="2235"
                         VPOS="3285"
                         HPOS="433">
                  <String ID="string_region_1644317280847_8752l26"
                          HEIGHT="212"
                          WIDTH="2235"
                          VPOS="3285"
                          HPOS="433"
                          CONTENT="quils aprochent a dre eschantielion maise"/>
               </TextLine>
               <TextLine ID="region_1644317280847_8752l27"
                         BASELINE="442,3546 553,3542 665,3537 776,3532 888,3529 1000,3525 1111,3522 1223,3519 1334,3517 1446,3514 1558,3514 1669,3512 1781,3510 1892,3508 2004,3508 2116,3506 2227,3506 2339,3504 2450,3502 2562,3501 2674,3500"
                         HEIGHT="241"
                         WIDTH="2261"
                         VPOS="3386"
                         HPOS="427">
                  <String ID="string_region_1644317280847_8752l27"
                          HEIGHT="241"
                          WIDTH="2261"
                          VPOS="3386"
                          HPOS="427"
                          CONTENT="drapt commins, ie ue vous pourstid aivrer 2ou"/>
               </TextLine>
               <TextLine ID="region_1644317280847_8752l28"
                         BASELINE="486,3658 594,3652 703,3646 812,3641 921,3637 1030,3634 1138,3630 1247,3628 1356,3624 1465,3622 1574,3620 1682,3618 1791,3616 1900,3614 2009,3612 2118,3610 2226,3608 2335,3604 2444,3600 2553,3597 2662,3592"
                         HEIGHT="197"
                         WIDTH="2206"
                         VPOS="3500"
                         HPOS="470">
                  <String ID="string_region_1644317280847_8752l28"
                          HEIGHT="197"
                          WIDTH="2206"
                          VPOS="3500"
                          HPOS="470"
                          CONTENT="duauleet la metme couleure. sil y a lien"/>
               </TextLine>
               <TextLine ID="region_1644317280847_8752l29"
                         BASELINE="474,3752 581,3748 688,3746 796,3742 903,3740 1011,3738 1118,3736 1225,3734 1333,3732 1440,3730 1548,3728 1655,3726 1762,3724 1870,3722 1977,3718 2085,3716 2192,3714 2299,3710 2407,3707 2514,3704 2622,3700"
                         HEIGHT="151"
                         WIDTH="2179"
                         VPOS="3614"
                         HPOS="459">
                  <String ID="string_region_1644317280847_8752l29"
                          HEIGHT="151"
                          WIDTH="2179"
                          VPOS="3614"
                          HPOS="459"
                          CONTENT="vous rendre service disposez librement de ooy"/>
               </TextLine>
            </TextBlock>
            <TextBlock ID="region_1644317284183_8755"
                       HEIGHT="3837"
                       WIDTH="2340"
                       VPOS="18"
                       HPOS="2769">
               <Shape>
                  <Polygon POINTS="2769,18 5109,18 5109,3855 2769,3855"/>
               </Shape>
               <TextLine ID="region_1644317284183_8755l1"
                         BASELINE="2796,178 2900,172 3005,170 3109,168 3214,168 3318,168 3423,168 3527,170 3632,170 3736,172 3841,174 3945,176 4050,178 4154,178 4259,178 4363,178 4468,176 4572,172 4677,169 4781,164 4886,156"
                         HEIGHT="192"
                         WIDTH="2120"
                         VPOS="58"
                         HPOS="2781">
                  <String ID="string_region_1644317284183_8755l1"
                          HEIGHT="192"
                          WIDTH="2120"
                          VPOS="58"
                          HPOS="2781"
                          CONTENT="en touttes occasions. ja vandonne de negoc "/>
               </TextLine>
               <TextLine ID="region_1644317284183_8755l2"
                         BASELINE="2798,294 2906,294 3014,292 3122,292 3231,292 3339,292 3447,292 3556,294 3664,294 3772,296 3881,296 3989,298 4097,298 4205,298 4314,298 4422,298 4530,298 4639,296 4747,293 4855,289 4964,286"
                         HEIGHT="141"
                         WIDTH="2194"
                         VPOS="176"
                         HPOS="2784">
                  <String ID="string_region_1644317284183_8755l2"
                          HEIGHT="141"
                          WIDTH="2194"
                          VPOS="176"
                          HPOS="2784"
                          CONTENT="lay la chires entierement tnt que de ne "/>
               </TextLine>
               <TextLine ID="region_1644317284183_8755l3"
                         BASELINE="2798,434 2906,432 3015,430 3123,428 3232,428 3340,426 3449,426 3557,426 3666,426 3774,424 3883,424 3991,424 4100,424 4208,422 4317,422 4425,420 4534,420 4642,418 4751,416 4859,414 4968,410"
                         HEIGHT="194"
                         WIDTH="2199"
                         VPOS="285"
                         HPOS="2784">
                  <String ID="string_region_1644317284183_8755l3"
                          HEIGHT="194"
                          WIDTH="2199"
                          VPOS="285"
                          HPOS="2784"
                          CONTENT="souhaitte que depportnntee pour nme defaire de"/>
               </TextLine>
               <TextLine ID="region_1644317284183_8755l4"
                         BASELINE="2804,566 2913,564 3022,562 3131,560 3240,558 3349,558 3458,556 3567,556 3676,556 3785,554 3895,554 4004,554 4113,554 4222,554 4331,554 4440,554 4549,554 4658,554 4767,553 4876,552 4986,552"
                         HEIGHT="134"
                         WIDTH="2212"
                         VPOS="473"
                         HPOS="2789">
                  <String ID="string_region_1644317284183_8755l4"
                          HEIGHT="134"
                          WIDTH="2212"
                          VPOS="473"
                          HPOS="2789"
                          CONTENT="ma marchandise et te vende a pix courant "/>
               </TextLine>
               <TextLine ID="region_1644317284183_8755l5"
                         BASELINE="2822,694 2930,694 3039,692 3148,692 3257,690 3366,690 3474,688 3583,686 3692,684 3801,682 3910,681 4018,680 4127,678 4236,676 4345,676 4454,674 4562,674 4671,674 4780,674 4889,676 4998,678"
                         HEIGHT="199"
                         WIDTH="2204"
                         VPOS="546"
                         HPOS="2808">
                  <String ID="string_region_1644317284183_8755l5"
                          HEIGHT="199"
                          WIDTH="2204"
                          VPOS="546"
                          HPOS="2808"
                          CONTENT="si vous en souhaittez vous e troiuverez vre"/>
               </TextLine>
               <TextLine ID="region_1644317284183_8755l6"
                         BASELINE="2834,830 2943,824 3052,820 3161,816 3270,812 3380,810 3489,808 3598,808 3707,806 3816,806 3926,806 4035,806 4144,806 4253,808 4362,808 4472,810 4581,810 4690,812 4799,812 4908,814 5018,814"
                         HEIGHT="233"
                         WIDTH="2215"
                         VPOS="672"
                         HPOS="2818">
                  <String ID="string_region_1644317284183_8755l6"
                          HEIGHT="233"
                          WIDTH="2215"
                          VPOS="672"
                          HPOS="2818"
                          CONTENT="compte oultre iy me doibt encor £55:6:10-"/>
               </TextLine>
               <TextLine ID="region_1644317284183_8755l7"
                         BASELINE="2844,956 2954,950 3065,946 3176,942 3287,938 3398,936 3509,932 3620,929 3731,926 3842,924 3953,922 4063,922 4174,920 4285,920 4396,920 4507,920 4618,922 4729,924 4840,926 4951,930 5062,934"
                         HEIGHT="225"
                         WIDTH="2246"
                         VPOS="802"
                         HPOS="2828">
                  <String ID="string_region_1644317284183_8755l7"
                          HEIGHT="225"
                          WIDTH="2246"
                          VPOS="802"
                          HPOS="2828"
                          CONTENT="de change ie vous en adt eseritit et par le bien"/>
               </TextLine>
               <TextLine ID="region_1644317284183_8755l8"
                         BASELINE="2846,1076 2952,1074 3058,1072 3164,1070 3271,1068 3377,1064 3483,1062 3590,1060 3696,1056 3802,1054 3909,1051 4015,1048 4121,1046 4227,1044 4334,1042 4440,1040 4546,1038 4653,1036 4759,1036 4865,1036 4972,1036"
                         HEIGHT="199"
                         WIDTH="2159"
                         VPOS="905"
                         HPOS="2829">
                  <String ID="string_region_1644317284183_8755l8"
                          HEIGHT="199"
                          WIDTH="2159"
                          VPOS="905"
                          HPOS="2829"
                          CONTENT="de fois: ie vous prie d'avoir consideration"/>
               </TextLine>
               <TextLine ID="region_1644317284183_8755l9"
                         BASELINE="2842,1200 2949,1198 3056,1194 3163,1191 3270,1188 3377,1184 3484,1180 3591,1176 3698,1172 3805,1168 3912,1165 4019,1162 4126,1158 4233,1156 4340,1154 4447,1152 4554,1152 4661,1152 4768,1154 4875,1156 4982,1158"
                         HEIGHT="220"
                         WIDTH="2171"
                         VPOS="1044"
                         HPOS="2827">
                  <String ID="string_region_1644317284183_8755l9"
                          HEIGHT="220"
                          WIDTH="2171"
                          VPOS="1044"
                          HPOS="2827"
                          CONTENT="affin que nous puissions sortir et linir le "/>
               </TextLine>
               <TextLine ID="region_1644317284183_8755l10"
                         BASELINE="2822,1332 2928,1326 3034,1319 3141,1314 3247,1309 3354,1304 3460,1300 3566,1295 3673,1292 3779,1288 3886,1285 3992,1281 4098,1278 4205,1276 4311,1272 4418,1270 4524,1268 4630,1266 4737,1264 4843,1260 4950,1258"
                         HEIGHT="239"
                         WIDTH="2161"
                         VPOS="1139"
                         HPOS="2805">
                  <String ID="string_region_1644317284183_8755l10"
                          HEIGHT="239"
                          WIDTH="2161"
                          VPOS="1139"
                          HPOS="2805"
                          CONTENT="compte a laurable car ie naime pas der"/>
               </TextLine>
               <TextLine ID="region_1644317284183_8755l11"
                         BASELINE="2846,1446 2956,1439 3067,1431 3177,1426 3288,1422 3399,1416 3509,1413 3620,1410 3730,1406 3841,1404 3952,1402 4062,1400 4173,1398 4283,1396 4394,1394 4505,1392 4615,1390 4726,1388 4836,1386 4947,1384 5058,1380"
                         HEIGHT="252"
                         WIDTH="2242"
                         VPOS="1255"
                         HPOS="2828">
                  <String ID="string_region_1644317284183_8755l11"
                          HEIGHT="252"
                          WIDTH="2242"
                          VPOS="1255"
                          HPOS="2828"
                          CONTENT="die putes cet ie nay rien au coeur que de conserve"/>
               </TextLine>
               <TextLine ID="region_1644317284183_8755l12"
                         BASELINE="2824,1564 2938,1556 3052,1549 3166,1542 3280,1538 3394,1533 3508,1530 3622,1526 3736,1524 3850,1522 3965,1520 4079,1518 4193,1516 4307,1514 4421,1511 4535,1508 4649,1506 4763,1501 4877,1495 4991,1491 5106,1484"
                         HEIGHT="246"
                         WIDTH="2314"
                         VPOS="1370"
                         HPOS="2807">
                  <String ID="string_region_1644317284183_8755l12"
                          HEIGHT="246"
                          WIDTH="2314"
                          VPOS="1370"
                          HPOS="2807"
                          CONTENT="lamitie e bonne corresponden met medit"/>
               </TextLine>
               <TextLine ID="region_1644317284183_8755l13"
                         BASELINE="2770,1710 2881,1704 2992,1700 3103,1696 3214,1694 3325,1690 3436,1688 3547,1688 3658,1688 3769,1686 3880,1686 3991,1688 4102,1688 4213,1688 4324,1688 4435,1688 4546,1688 4657,1688 4768,1687 4879,1686 4990,1684"
                         HEIGHT="262"
                         WIDTH="2248"
                         VPOS="1516"
                         HPOS="2755">
                  <String ID="string_region_1644317284183_8755l13"
                          HEIGHT="262"
                          WIDTH="2248"
                          VPOS="1516"
                          HPOS="2755"
                          CONTENT="toumae wedus smondonne Adscoonay 1713"/>
               </TextLine>
               <TextLine ID="region_1644317284183_8755l14"
                         BASELINE="2872,1864 2981,1850 3090,1840 3199,1832 3308,1826 3417,1822 3526,1820 3635,1820 3744,1820 3853,1821 3963,1824 4072,1826 4181,1828 4290,1830 4399,1832 4508,1832 4617,1832 4726,1830 4835,1826 4944,1822 5054,1814"
                         HEIGHT="261"
                         WIDTH="2212"
                         VPOS="1659"
                         HPOS="2857">
                  <String ID="string_region_1644317284183_8755l14"
                          HEIGHT="261"
                          WIDTH="2212"
                          VPOS="1659"
                          HPOS="2857"
                          CONTENT="Jybien receu lhonneur de la vre 4 du courant"/>
               </TextLine>
               <TextLine ID="region_1644317284183_8755l15"
                         BASELINE="2864,1972 2973,1962 3082,1955 3191,1950 3300,1946 3409,1944 3518,1942 3627,1942 3736,1944 3845,1944 3955,1946 4064,1948 4173,1950 4282,1950 4391,1952 4500,1952 4609,1951 4718,1948 4827,1945 4936,1940 5046,1934"
                         HEIGHT="164"
                         WIDTH="2212"
                         VPOS="1820"
                         HPOS="2850">
                  <String ID="string_region_1644317284183_8755l15"
                          HEIGHT="164"
                          WIDTH="2212"
                          VPOS="1820"
                          HPOS="2850"
                          CONTENT="avec remise sur les  hellin du 2 de ce moit"/>
               </TextLine>
               <TextLine ID="region_1644317284183_8755l16"
                         BASELINE="2826,2086 2937,2079 3049,2073 3161,2068 3273,2065 3385,2063 3496,2062 3608,2062 3720,2062 3832,2062 3944,2062 4055,2064 4167,2064 4279,2066 4391,2066 4503,2066 4614,2066 4726,2066 4838,2064 4950,2062 5062,2058"
                         HEIGHT="196"
                         WIDTH="2263"
                         VPOS="1945"
                         HPOS="2813">
                  <String ID="string_region_1644317284183_8755l16"
                          HEIGHT="196"
                          WIDTH="2263"
                          VPOS="1945"
                          HPOS="2813"
                          CONTENT="a jours de date de ƒ300:- de change jen ay receu"/>
               </TextLine>
               <TextLine ID="region_1644317284183_8755l17"
                         BASELINE="2844,2224 2951,2211 3058,2201 3165,2192 3272,2186 3379,2181 3486,2178 3593,2176 3700,2176 3807,2176 3915,2177 4022,2178 4129,2180 4236,2180 4343,2180 4450,2180 4557,2180 4664,2178 4771,2174 4878,2169 4986,2162"
                         HEIGHT="191"
                         WIDTH="2172"
                         VPOS="2056"
                         HPOS="2829">
                  <String ID="string_region_1644317284183_8755l17"
                          HEIGHT="191"
                          WIDTH="2172"
                          VPOS="2056"
                          HPOS="2829"
                          CONTENT="la valeur et vous creditée en compte ie suis "/>
               </TextLine>
               <TextLine ID="region_1644317284183_8755l18"
                         BASELINE="2832,2338 2943,2328 3054,2319 3165,2311 3276,2305 3387,2300 3498,2296 3609,2293 3720,2290 3831,2290 3943,2289 4054,2288 4165,2288 4276,2288 4387,2288 4498,2288 4609,2288 4720,2288 4831,2286 4942,2284 5054,2280"
                         HEIGHT="172"
                         WIDTH="2253"
                         VPOS="2167"
                         HPOS="2816">
                  <String ID="string_region_1644317284183_8755l18"
                          HEIGHT="172"
                          WIDTH="2253"
                          VPOS="2167"
                          HPOS="2816"
                          CONTENT="mari quil ve si mat pour le commerce nous"/>
               </TextLine>
               <TextLine ID="region_1644317284183_8755l19"
                         BASELINE="2880,2450 2989,2441 3099,2433 3209,2424 3318,2419 3428,2414 3538,2410 3647,2406 3757,2404 3867,2402 3977,2400 4086,2400 4196,2400 4306,2400 4415,2400 4525,2400 4635,2400 4744,2398 4854,2398 4964,2397 5074,2396"
                         HEIGHT="206"
                         WIDTH="2224"
                         VPOS="2289"
                         HPOS="2864">
                  <String ID="string_region_1644317284183_8755l19"
                          HEIGHT="206"
                          WIDTH="2224"
                          VPOS="2289"
                          HPOS="2864"
                          CONTENT="avons touts lieu de nous plaindre respere quil"/>
               </TextLine>
               <TextLine ID="region_1644317284183_8755l20"
                         BASELINE="2864,2558 2973,2553 3082,2548 3191,2543 3300,2538 3409,2536 3518,2532 3627,2529 3736,2526 3845,2524 3955,2522 4064,2521 4173,2520 4282,2518 4391,2518 4500,2516 4609,2516 4718,2514 4827,2512 4936,2512 5046,2510"
                         HEIGHT="216"
                         WIDTH="2214"
                         VPOS="2397"
                         HPOS="2847">
                  <String ID="string_region_1644317284183_8755l20"
                          HEIGHT="216"
                          WIDTH="2214"
                          VPOS="2397"
                          HPOS="2847"
                          CONTENT="dra un jour mieux pr la grace d'leu. Siy a "/>
               </TextLine>
               <TextLine ID="region_1644317284183_8755l21"
                         BASELINE="2844,2684 2951,2676 3059,2669 3167,2662 3275,2658 3383,2654 3491,2652 3599,2650 3707,2648 3815,2646 3923,2644 4030,2644 4138,2642 4246,2642 4354,2640 4462,2638 4570,2636 4678,2634 4786,2629 4894,2624 5002,2618"
                         HEIGHT="240"
                         WIDTH="2186"
                         VPOS="2493"
                         HPOS="2829">
                  <String ID="string_region_1644317284183_8755l21"
                          HEIGHT="240"
                          WIDTH="2186"
                          VPOS="2493"
                          HPOS="2829"
                          CONTENT="lien pour vous rendre service croyez que "/>
               </TextLine>
               <TextLine ID="region_1644317284183_8755l22"
                         BASELINE="2892,2800 2999,2790 3107,2780 3214,2773 3322,2768 3429,2764 3537,2762 3644,2760 3752,2760 3859,2759 3967,2758 4074,2758 4182,2758 4289,2758 4397,2758 4504,2756 4612,2754 4719,2752 4827,2748 4934,2741 5042,2734"
                         HEIGHT="180"
                         WIDTH="2179"
                         VPOS="2617"
                         HPOS="2877">
                  <String ID="string_region_1644317284183_8755l22"
                          HEIGHT="180"
                          WIDTH="2179"
                          VPOS="2617"
                          HPOS="2877"
                          CONTENT="ie he manqueras jamais vous bien servir "/>
               </TextLine>
               <TextLine ID="region_1644317284183_8755l23"
                         BASELINE="2874,2922 2905,2919 2936,2918 2967,2915 2998,2913 3030,2911 3061,2908 3092,2905 3123,2904 3154,2903 3186,2901 3217,2899 3248,2896 3279,2893 3310,2891 3342,2887 3373,2884 3404,2880 3435,2876 3466,2870 3498,2864"
                         HEIGHT="242"
                         WIDTH="659"
                         VPOS="2750"
                         HPOS="2853">
                  <String ID="string_region_1644317284183_8755l23"
                          HEIGHT="242"
                          WIDTH="659"
                          VPOS="2750"
                          HPOS="2853"
                          CONTENT="quiu "/>
               </TextLine>
               <TextLine ID="region_1644317284183_8755l24"
                         BASELINE="2770,3038 2878,3031 2987,3026 3095,3021 3204,3017 3313,3014 3421,3012 3530,3010 3638,3008 3747,3005 3856,3004 3964,3002 4073,3000 4181,2998 4290,2995 4399,2992 4507,2988 4616,2984 4724,2978 4833,2972 4942,2964"
                         HEIGHT="225"
                         WIDTH="2204"
                         VPOS="2844"
                         HPOS="2753">
                  <String ID="string_region_1644317284183_8755l24"
                          HEIGHT="225"
                          WIDTH="2204"
                          VPOS="2844"
                          HPOS="2753"
                          CONTENT="Ath Andre zison Ady t0 may 1718"/>
               </TextLine>
               <TextLine ID="region_1644317284183_8755l25"
                         BASELINE="2834,3146 2940,3146 3046,3146 3152,3146 3258,3146 3365,3148 3471,3148 3577,3148 3683,3148 3789,3146 3896,3146 4002,3146 4108,3144 4214,3144 4320,3142 4427,3140 4533,3138 4639,3134 4745,3130 4851,3126 4958,3122"
                         HEIGHT="203"
                         WIDTH="2155"
                         VPOS="2979"
                         HPOS="2818">
                  <String ID="string_region_1644317284183_8755l25"
                          HEIGHT="203"
                          WIDTH="2155"
                          VPOS="2979"
                          HPOS="2818"
                          CONTENT="ie mesemble que vous moudeus tout a fair"/>
               </TextLine>
               <TextLine ID="region_1644317284183_8755l26"
                         BASELINE="2856,3254 2962,3254 3068,3254 3175,3254 3281,3254 3388,3252 3494,3252 3600,3252 3707,3250 3813,3249 3920,3248 4026,3246 4132,3244 4239,3242 4345,3240 4452,3238 4558,3236 4664,3234 4771,3231 4877,3228 4984,3224"
                         HEIGHT="120"
                         WIDTH="2158"
                         VPOS="3171"
                         HPOS="2839">
                  <String ID="string_region_1644317284183_8755l26"
                          HEIGHT="120"
                          WIDTH="2158"
                          VPOS="3171"
                          HPOS="2839"
                          CONTENT="et quil va depir en pir coutre vos promesses"/>
               </TextLine>
               <TextLine ID="region_1644317284183_8755l27"
                         BASELINE="2864,3368 2973,3366 3082,3363 3191,3360 3300,3358 3409,3356 3518,3354 3627,3352 3736,3350 3845,3348 3955,3347 4064,3346 4173,3344 4282,3342 4391,3341 4500,3340 4609,3338 4718,3338 4827,3336 4936,3334 5046,3332"
                         HEIGHT="220"
                         WIDTH="2210"
                         VPOS="3221"
                         HPOS="2850">
                  <String ID="string_region_1644317284183_8755l27"
                          HEIGHT="220"
                          WIDTH="2210"
                          VPOS="3221"
                          HPOS="2850"
                          CONTENT="oyez sil y a de la raison vous n'achiptes rien "/>
               </TextLine>
               <TextLine ID="region_1644317284183_8755l28"
                         BASELINE="2880,3490 2985,3486 3091,3480 3196,3476 3302,3472 3407,3468 3513,3463 3618,3459 3724,3456 3829,3452 3935,3450 4040,3448 4146,3446 4251,3444 4357,3442 4462,3442 4568,3442 4673,3444 4779,3444 4884,3446 4990,3450"
                         HEIGHT="141"
                         WIDTH="2139"
                         VPOS="3348"
                         HPOS="2865">
                  <String ID="string_region_1644317284183_8755l28"
                          HEIGHT="141"
                          WIDTH="2139"
                          VPOS="3348"
                          HPOS="2865"
                          CONTENT="et ce que me devez de s long temps ne me "/>
               </TextLine>
               <TextLine ID="region_1644317284183_8755l29"
                         BASELINE="2864,3594 2968,3588 3073,3584 3178,3580 3282,3576 3387,3572 3492,3570 3596,3566 3701,3564 3806,3562 3911,3560 4015,3560 4120,3558 4225,3558 4329,3556 4434,3556 4539,3556 4643,3555 4748,3554 4853,3554 4958,3554"
                         HEIGHT="205"
                         WIDTH="2122"
                         VPOS="3465"
                         HPOS="2849">
                  <String ID="string_region_1644317284183_8755l29"
                          HEIGHT="205"
                          WIDTH="2122"
                          VPOS="3465"
                          HPOS="2849"
                          CONTENT="rencettez pas monsieur ayez consideration"/>
               </TextLine>
               <TextLine ID="region_1644317284183_8755l30"
                         BASELINE="2860,3706 2963,3699 3066,3694 3169,3690 3273,3686 3376,3682 3479,3680 3583,3678 3686,3675 3789,3674 3893,3672 3996,3670 4099,3670 4202,3668 4306,3668 4409,3668 4512,3666 4616,3666 4719,3666 4822,3664 4926,3664"
                         HEIGHT="168"
                         WIDTH="2095"
                         VPOS="3557"
                         HPOS="2845">
                  <String ID="string_region_1644317284183_8755l30"
                          HEIGHT="168"
                          WIDTH="2095"
                          VPOS="3557"
                          HPOS="2845"
                          CONTENT="sil vous maist car il est dur de perdre et"/>
               </TextLine>
               <TextLine ID="region_1644317284183_8755l31"
                         BASELINE="2878,3764 2975,3764 3072,3764 3169,3764 3267,3764 3364,3762 3461,3762 3559,3760 3656,3758 3753,3756 3851,3755 3948,3752 4045,3750 4142,3750 4240,3746 4337,3745 4434,3742 4532,3740 4629,3738 4726,3736 4824,3734"
                         HEIGHT="101"
                         WIDTH="1978"
                         VPOS="3662"
                         HPOS="2862">
                  <String ID="string_region_1644317284183_8755l31"
                          HEIGHT="101"
                          WIDTH="1978"
                          VPOS="3662"
                          HPOS="2862"
                          CONTENT="intrest aus quil y oi t a gagnet adres les"/>
               </TextLine>
            </TextBlock>
         </PrintSpace>
      </Page>
   </Layout>
</alto>
