5090 3855
520 95 2142 143 te maeken en my mijn goet vonden af te remitteeren

549 180 2075 155 om die ellendighe rekeninge te konnen suysn

550 291 2127 143 oock my eens te meeden oft ue geen occasie soude

543 400 2066 180 hebben om met dit aenstaende saisoen enige

543 531 2044 230 spaensene laekens van ƒ312. 13.14 tot ƒ16 p a

565 655 1985 183 voor mijne sehens te connen beneficseeren

561 773 1741 186 ue sonde my verobligeeren die blijve

2068 853 617 149 Adij 16 meert 173

601 919 589 138 London bollengier

649 979 2037 191 op 2 deser hebben wij ue gesonden de nodige procuratien tot het

494 1097 2070 167 verloopen onser acties in de luijfsee comp, mits den wint aent

507 1208 2094 130 ootten al, & twijfele niet, oft de selve sijn ul ter hant gecomen

489 1292 2183 171 & ue sal voor ontfangh deser verscoght hebben voor alle voorvallen

506 1376 2074 175 gaet desen om ue: te affirmeren, onse intentie van positief te

493 1463 2129 175 willen verkoght hebben, ende dat wij altijdt sullen approberet

496 1581 2037 159 wat uls sal hebben verright al hoe wel genoteert 195 min

499 1672 2061 158 oft meer dat mey te vreden sijn a prix courant gelijck ue

431 1767 2108 170 sal geraden vinden, nu: maer alleenelijck recomanderende

474 1891 2126 156 dat doccasie niet voor bij en gaedt ende ue meseres te nemen

1600 1955 725 123 Daniel de. melijn

473 1967 539 157 als vor agen

1612 2000 880 154 tohn miclu Melijn

1688 2090 685 177 ked melyn

473 2070 1090 175 London John schoppens en

1714 2165 825 184 Ady 6 ditto meer

601 2192 719 167 Joh edwonde

541 2286 1088 220 de selveordre als boven

1676 2345 937 212 Wedyd Theod Braeckmans

555 2446 643 166 onverteekent

1741 2501 576 149 dedre elijn

1709 2591 693 156 & edro de man

482 2654 2154 230 tonnage verf esimon donne 1720

514 2805 2114 195 Jay recen en son tempt la vre 29 sebvier avec

505 2893 2144 196 remise pour colde de compte du 27 ditto  ioht

518 3023 2044 166 la chapge de S. Jacobus de oock de £87:-:- de

515 3126 2049 207 change dont je surt paye et vous remerere

528 3213 1956 236 cellerey vous lesoira de quittence absolne

513 3310 2035 218 de sout compte que nous avons jamais en

559 3488 1959 174 p' ensemble jusques a ce jout au netre

588 3610 1861 162 de complimenes et offres de service de

2718 62 2036 225 Brussel Joannes haeghens Ady 13 meert 1720

2783 168 2149 199 mistegenstaende mijn brief van 15 jamiarn heeft ue

2770 288 2185 210 onbetaelt en ongeaccepteert mij wato laeten heeren

2780 378 1999 233 ue heeft mij mal a propos untgestelt tot en het

2797 463 2091 246 eersten van den vaster nu is het wederom half

2790 576 2095 240 vasten gepasseert en ick enverneme iets dat ue

2786 699 2056 266 sijn woort houtoft voor mij op rekeninge

2781 820 2097 234 aen dhr Jacomo Rousseau betaelt heeft is die

2809 922 2135 255 eerlijck met mij ageeren 2 goet eens in ue gemoet

2810 1018 2170 220 en conserentie oft ue wel soude begeeren dat een

2803 1128 2054 211 ander met ue soo handelde doet gelijck ue wilt

2781 1204 2198 223 dat ue geschiede ick bidde ue dan de £300 wisselgelde

2813 1322 2162 241 op rekene nu te betaelen. sal daer van wederom

2815 1441 2166 200 aen briefken aen Dhr Rousseau afsenden die blyve

2785 1576 2195 267 otryck dhusm. Elias Grundrgresfer Ady 13 meert 1710

3869 1753 77 81 S

3806 1757 47 90 E

2809 1729 2111 222 hetis adu sedert & gber over we vier maenden

2805 1844 2179 243 geleden dat ue de goetheydt gehadt heeft mij doer dh

2830 1942 2175 240 ue man op reken te doen tellen ƒ 300: wisselgelde soo dat

2771 2093 2218 173 tet noch resteert £103:16: soo als aen sijn d hebbe

2822 2183 2070 209 ongegeven ende dat van de partye 5 xber 1716 ue

2823 2280 2166 243 gelwert. Ick bidde ue consideratie te hebben ende miy

2808 2397 2112 218 te willen voldoen want daer wort meer aen

2843 2496 2169 212 nrest toegegeven als op de goederen te winnen is

2825 2602 2158 192 soo als ue d wel can considereeren ick bidde ue

2851 2717 2104 198 het selfde seer erastelyck en in alle occasien daer

2840 2818 2021 222 capabel ben gelieft te commandeeren end te

2850 2939 1487 218 disponeeren van die blijve

2768 3003 2201 239 Antwerpen de weduul verschieden Ady 13 mee ƒ 1720

2831 3149 2140 199 het wort dese maendt een jaer dat ue mij het laeste

2839 3265 2130 185 ghelde op reken. heeft betaelt ende sedert het faetien

2821 3357 2079 202 en heeft ue bij mij iess dan een bagaielle gerght

2826 3469 2152 211 soo dat Ick magh segghen dat ue mij van acht jaeren

2842 3588 2159 181 geleden schuldigh is nochter somme van £ 202:7:10

2843 3678 1962 108 vlaems wisselgelde ick coeme ue dan seir
