5099 3892
711 88 2024 215 st £120 aƒ336 vlaems ƒ226 bij de welcke ue

732 203 2032 191 mij r sale de betis £69:4:10 soo als ue op sn

761 310 1969 197 reskenl nieuwe rekent de biteere het upeste

721 435 1979 181 Cordsfie Stj £51: vernegoneer ende sal ue daer

722 578 2008 182 voorens ovs meuwe hetan prediteeren. ick

688 665 1908 189 Brudde de selfse naer tesien wel bevindende

729 800 2033 166 conform te sluyten en mij het selfde te adviseeren

725 886 1923 177 de wissels hays soo als aen den voet dser

745 1021 2019 189 ue van herten wenschende het saligh hooghtey

737 1102 468 176 soo blijve

676 1140 2036 266 ghendt J3 de saedelaer Ady 29 xber171

718 1305 1965 188 sien geerne bij ue aengenaeme 27 courant

735 1421 1949 201 ue mijne gesondene rekeninge daccort heeft

731 1540 1967 199 geapirobeert en gesloeten en mij op nieuwe

716 1639 1985 169 sijne reken conform gecrediteert heeft nmet

714 1758 2016 203 £64:4:18 de 9 grooten differennil hebbe ick

722 1874 2009 195 studie gedaen alsoo in die toecoemen weete

715 1985 1928 191 niet meer uyt wat redene sende ue daen

742 2097 1952 176 ingesloeten het brefie op london wederom

720 2189 2034 193 van stef £51:-:  ue kan het beeter benefiene

701 2294 1988 192 laeste postishier gedaen 62:2 en swen

757 2414 1848 179 bo ven de ƒ35 geen gelstroobel u so banco

695 2541 2053 159 pieto ecourant & prite bedancke ie voor ue

700 2629 1983 156 goede wenschen dite ue godt mede voore

717 2735 2007 118 nieuwe aenstaende heer gelieve te verlienen

732 2828 1845 184 met veele volgendes in gesontyt tot

692 2952 1155 160 sgligheydt n blijve

683 3025 2004 168 Eencut soo lijne somme niet trecken

753 3113 728 179 voel  par

638 3200 1032 172 Ghendt Adriaen du win

1950 3156 789 236 Ady 30 eber 1707

634 3282 1219 163 met sijnen eneght mede gegeven

663 3373 2098 186 ue aengenaeme 24 deser hebbe wel ontfangen

686 3474 1908 163 ende ue eneght heeft mij die van gisteren

704 3563 1977 186 behandight waer inne gevan der hebbe de ls

729 3673 1958 150 gementioneerde wisselbrieven voor de gene

2779 109 2039 224 n noch van het landt vanefelss moet en

2777 242 2093 214 geaccepteert worden bidde sorche te draeghen

2783 320 2172 224 dae t sulckx bij het beginne van het isreuw jaer

2796 448 867 200 geschiede en blijve

2766 484 2035 293 iende suiers mais d 131 aAbr 1621

2791 635 2193 206 ue aengenaeme van 26 cour. hebbe wel n

2785 761 2144 165 aehtervolgens heeft mij den eneght van mons du ie

2790 864 2179 174 agiseeren de elf geaccepteerde wisselbrieven doer

2786 978 2015 191 alle van de lasselerge van corerijck aen ue ordie

2773 1078 2095 210 geaceepteert behandight so dat midresteeren

2808 1171 2153 204 ƒis000 van de landen van Aelst die nu da ock

2783 1294 2166 165 op ue goede advisen in corte daeghen verwaghte

2768 1389 2109 195 hiddellerwijl ditto wisselseven aen ue ordre

2800 1486 2185 182 gemaeckt sijnde sende ue ingeslooten eene nomie

2805 1600 2197 173 biedende die in dorse te techenen en mij toe te senden

2861 1696 2073 178 dn voorleven oft sterven ops daer van te

2807 1799 2172 154 connen bedienest &'by adfustement en avercompe

2799 1914 2171 134 sal ue d dit paipier weder behandighen msis

2802 2069 2213 133 us de leeherreijck noch tot felst sal wesen versoeke

2789 2140 2218 141 mede de goetheyt te hebben ue eens te in formeeren

2816 2266 2147 146 waer wij ons sullen moeten addresseeren tot het

2801 2334 2191 186 ontfangen der croisen onser lfrenten ue d betem

2806 2443 2181 137 heens een formulier van quittantie te vraeghen

2821 2542 2114 192 mons daer van te connen bedieneen op den

2843 2685 2180 138 woet als ditte keeren de quittanties soclhingesechem

2841 2737 2172 163 te hebben ue et sat mij verobligeerdn. resteereerent

2860 2880 2153 138 mijne goede wentenen voort aenstaen de menne

2881 2940 1117 180 jaer blijve van herten

3200 3039 813 177 Ad maiokem

3432 3159 318 144 Des

3093 3246 1088 199 Des parsque virgui

3377 3376 422 177 2marde

3034 3459 1106 200 honorem et Gloiam

3224 3590 959 192 Apnd Boonu

3474 3714 515 119 172½
