5175 3837
230 63 2334 198 Brussel Jacomo Rousseau Ady  Angust179

192 176 2355 226 Jmy receu les deux vosgies pp a 2s court len

284 273 2121 282 premiere mon assigne sur le s. Gt sasdu

298 428 2272 196 retour de ƒ200:- le dit sat este p icy et ma

162 560 2424 267 & parle. ie vous suis oblige pour  informant

294 713 2112 212 quoy que son connoisse les gens l'arrive

174 755 2352 298 &presentement que quils sons bons et solvent

305 882 2168 248 ce te etne  ce seront pas la suivante

292 989 2249 230 et le mal que jay a tirer de largent oure

298 1097 2260 251 trouve bon est incroyable ce quil me donne

172 1226 2353 232 de lissquieseide vre se conde pr apporte

299 1304 2204 258 remitte sur le sr Jacomo de Bres du 11 a

277 1436 2245 226 3 ou 4 jours de doite de ƒ1200:- de change

293 1571 2247 221 et ledit S. de Pres ma donne responce

283 1682 2147 267 quelle estoit bonne. ie vous salue et

264 1862 379 197 Surt

1701 1838 679 245 Adj 23 d

227 1850 1174 303 Brussel J Bapt  Aleris

360 2019 2071 244 conver tot de facture vant paxke 34

333 2131 2247 206 hem 14 deser p Beurtschips gesonden bedraeghen

295 2256 1397 218 de in wisselgelde ƒ 690:6½

1560 2311 791 223 Adij 25 d

160 2383 1083 260 Brustel Jan Haeghens

348 2443 2088 250 coutet tot betaenire van paxhe 110

311 2578 2236 242 7 deser met hu beurtschip gesonden gedraeghende

317 2726 2273 183 in wisselgelde ƒ 238:1: voorde r7 offers van dienn

1076 2865 180 131 2

325 2869 558 188 a te

1487 2916 855 221 Ady 26 d.

212 2996 747 202 Brussel G.t sas

281 3077 2272 251 convert tot de facture vant paxke  op 21

298 3222 2246 218 p beurtschis gesonden ƒ331:114: versoeck van

280 3346 2295 184 sijn woort te presteeren en p ersten ies op rekent

263 3436 1260 221 te betaelen blijve

1684 3598 96 159 d

2630 67 802 221 polderden doet

3943 66 975 210 Ady 27 Ary: 1717

2663 148 1212 256 Jan vergauwen greffier

2651 284 2333 193 met den vrindt die ue mij voorleden dinsdagh gesonden

2653 465 2276 164 heeft tot het pachten van mijn 15 gemeten lande

2650 535 2348 170 ij heetenisse en hebbe niet connen over een coeme

2664 665 2211 172 dogh heden sendt hij mij sijn huysvrouwe ende

2660 806 2111 138 eccepteert de conditie soo dat ue versocke de

2650 907 2336 188 packtsele te maeken en hem die te doen teekede

2680 1008 1568 186 inder maniere naer volgende

2656 1130 2154 122 dat hy aenveert ditto ts gemeeten ingaende

2647 1219 2165 144 3aemis 1717 voor aenssaeren het wiste a ƒ30:

2652 1344 2288 182 ende dandere seven a £40 loopende gelde

2653 1428 2124 211 op conditie dat hy tot sijnen coste moet de

2672 1549 2237 168 versandinge afouren graeven ste en alles in

2687 1686 2320 183 goeden staet brenghen soo danighlijck als noodigh

2637 1798 2225 153 is ende voldaen bij parsooien bae des

2631 1864 2367 166 verstaende sal gcoordeelt worden voorder

2661 1991 2140 199 dat hj jaerlijckx prompt de packte sal

2650 2112 2340 204 voldoen ten minsten voors dat den volenden

2635 2200 2365 186 cost van het landt sat moogen gedaen worden

2638 2327 2291 201 by conditie van anders van syne voordere

2657 2462 2185 213 pachte te vervallen ue gelieve ditto aete

2673 2513 2268 289 op te stellen ende hem voor ue die te doen

2666 2670 2211 215 patteeren en seehenen ende het succes

2657 2790 2341 162 verwaghtende aevens een letter antwoort

4883 2912 71 101 15

2649 2925 770 162 soo blijve

2615 2930 2368 315 her heft in aen geagher aediere dan de e edees

2666 3107 2241 197 van de weeten van vinient verpoorten beloeft

2643 3258 2297 172 hebben te voldoen soo als ue mij geteydt heeft

2645 3352 2202 183 ende meynen sij soo te traincereen en niet te

2649 3405 2357 168 betaelen soo salmen eenen anderen wegh moet

2658 3530 2331 158 ingaen dat ue hin eens gelieve te seggher ende

2705 3623 2241 157 hun antwoort mij te laeten toecoemen oniigh
