5211 3832
539 45 2133 179 venir de le fond cy dessut mertionnée car le

553 205 2124 171 payement en est dessatixe comme il vous

554 274 2004 217 est comme et si vans zouffrez d'intrese

556 405 2052 258 c' nest pas may mats bien vre faulte

571 546 1902 228 comme ie vous fait connoissie

517 664 2057 229 vre terme de messence est un peu rucle

543 784 2075 195 ie ne m'en suis pos servi a vre esgaur

566 905 2078 219 ie vous accorde que moy sentende p la

544 1042 2063 227 veillence la quelle n'est pas seulemet

530 1193 2010 209 permise mais necessaire en toutte

485 1316 1103 206 1correspondenie de

545 1379 2134 250 sui le chapitie que le prennes jay ther

523 1518 2126 233 neur vous dire que des tmis de londros

529 1642 2076 263 pas a moy mais a des principaux de

563 1782 2063 205 nre bourse onte cleur chestat volonte

567 1898 2034 224 on complaisence envoyeé des certificat

561 2021 1859 237 notarfaux qud ie ne vous demande

550 2073 2159 269 ni japais iay demandee d'austant que

513 2236 2099 264 lhonneur vous connoisire et casson

567 2411 2031 190 me repiser ensterement sus vousez

604 2482 1702 256 vos bonnes conduittes et me dit

408 2624 2284 247 Brugghe Galis van Coppenolle Ady 25 Junit 1716

534 2755 2152 198 desen tot versoeck  van mij te adviseeren soe

421 2898 2244 210 Droe ohs Ers van Landors tot Brugghe mer

536 2994 2173 258 des gratie coemt te arriveeren hebbe daer

501 3123 2175 232 sa een baeltien vant merck alst voorgaende

501 3215 2205 236 N 9 met 21 engelette witte baden dit to schipp

498 3325 2194 185 stont met brieven van daer o courant te

513 3443 2158 171 vertrecken soo dat nu met Godts granne wel

400 3567 2280 183 conde salvo wese dat geerne verne me en

601 3693 456 95 beijde

2758 57 2086 221 Bruxllles Jacomo Rousseau Ady 25 Juin 1718

2803 188 2243 221 o me refere ie ma derniere dhier et nayant ii en

2790 321 2221 164 aprris de ma traitte de veu croire que bedit van

2803 480 2136 130 heurden aurat en mellieur cousies et le sera

2802 592 2222 160 reson seson la raison incluse ie vous remette

2813 697 2206 200 sur B. Jean Bapt Bydaels pajable a vre ordre

2832 838 2173 156 ma traitte de ƒ300: de change il m'at advise

2834 953 2196 242 puil la payera prompt tellement quil vous

2834 1096 2216 228 plaire 'en procurer le payement et me crediter

2853 1201 2136 238 ily apes e faire etper de negoce pr oiut

2827 1358 2209 181 cependant comme ie ne suis pas volgenses

2835 1457 2188 263 de rien faire ie voudrois bien scavoir si2

2839 1593 2197 189 n'auroit pas dinclination a faire quelque

2803 1715 2054 168 choze a deux le profit pour chacque ie

2813 1837 2236 228 mosser comme iay bien fait aivec mons r

2868 1957 2206 239 frere Francises d Amstrdem ily a souven

2863 2062 1915 214 doccasion aprendre des lettres ty

2886 2177 2124 210 Bruxellis avec de ladvance de ven croire

2845 2317 2136 276 que vr le pourroit suire de meme iles

2835 2428 2112 256 premes d'escrire hous la vous a nous

2846 2574 2151 193 mes me dan bont du compie il rendroit

2826 2684 2180 223 encor quelque profitrre vous prie de me

2831 2792 2205 269 fair jlavoir vre speculation la dessis

2877 2913 1454 229 entre temps ie me dit
