5211 3832
1511 55 971 216 Adyy 8 suen 1718

431 52 793 165 Brussel . TGas

506 172 2161 174 tijk neme de liberteydt ae vrindelijck te versocken

497 306 2117 219 dat ue nu iest oprekent soude willen betaelen

563 419 2125 214 ende dat voor my n lordinair aen dhr Rousseau

579 538 2072 176 tellen ue sal my plaise doen avant men weet

573 647 2043 168 niet waer sich heeren oft wenden daer en il

529 760 2009 213 bij geene calanten, ets te ontfangen nochte te

567 863 2014 167 vercoopen dat Godt beteere valter iets voor

569 933 2114 259 tot ue dienste me het afnaen vant jaer weese

523 1063 2170 249 leekers dat ick ue alles civielder als smandt sal

566 1200 1892 165 overlaeten die naer groetenste blijvee

408 1306 2159 225 Brussel Joannes Haeyhens  8 Jul 1718

557 1372 2136 279 het tmy let geweest iek voorleden sondagh niet

555 1556 2091 232 thuys hebbe gewetst als ue ten mijnen huyse l

560 1662 2096 198 gecoemen oock dat ue sinaendaeghs nieten

563 1789 2098 202 heeft gelieft weder te coemen ick en dencke niet

538 1891 2095 156 dat ue soo subito is vertroeken: ick moete

569 2015 2041 212 patientie nemen en verhoepen in een ander

553 2101 2132 183 occatie meer faveur dal hebben echter coeme i

541 2218 2142 188 andermael tersoeken dat ue mijn briefken dat

539 2320 2080 212 Ien ue gesonden hebbe van ƒ 400: 20 prekent

551 2412 2156 211 op een maendt soude gelievense acceppeeren

555 2485 2099 225 en mij te senden : ick en geloove niet dat ue

514 2609 2167 278 sijn leven meimandt genegoneert heets die

533 2729 2170 208 =meer discrerte aen retgaurde als ick gehadt hef

537 2821 2157 263 ick bidde ue vant selfse ten mijnen resgautle

563 2954 2120 189 te doen  ick sal toonen in alle occasien

533 3073 1625 189 alst ue sal belteven te wesen

1747 3168 939 191 Ady 9 Juliet 1715

441 3184 1121 233 Mons JBapt le Bleux

543 3271 1986 228 demande pour de largent  suu faire

560 3403 2072 186 convoioire qu'il me dobt aver £172:16:6

577 3525 2119 206 et quil q est pluis d'uu chm quil ne me pointe

599 3616 1878 163 de mandie de la marchandise

2783 43 2037 229 Ghend tA de saedelaer Ay 12 ulri 1718

2839 166 2220 183 ue aengenaeme van gisteren hebbe wel onfanen

2828 306 2128 165 ingesloeten den brief men lasse heden voor ue

2818 443 2201 228 Reken. Boldaen van dnf £54 a 334:9 waer voor

2836 548 2146 235 my op syne reken gelieft te crediteeren vlaems

2849 674 2157 255 wisselglde £93:16:6 ende voor dingesloeten

2856 812 2084 259 ejne quittantie van lofrente op doeleden van

2834 939 1980 201 vlaenderen van £100:- courant gelde

2849 1077 2182 238 betaelinge te procureeren: ingecoemen sijnde

2865 1190 1954 256 my op mijne reken daer voor te

2873 1311 2197 246 crediteeren: ue sal miy verobligeeren die blijve

2845 1463 1993 216 Ghendt Bade Saedelaer Ady 76 ditto

2868 1584 2029 173 met ue aengenaeme van gisteren becoeme

2879 1700 2097 164 remise voor ue bleken op Pater van ghoen vrs

2861 1807 2152 166 sicht ven ƒ4000:- wisselgende waer van op

2866 1934 2108 167 heden acceptiis hebbe becoemen in absentie

2879 2032 2036 173 van ditto Pater door sijnen comagnon ich

2856 2128 2183 155 sal het noodigh daer voor proureeren blijve

2780 2236 2250 242 Bruxelles Jacqus Rousseau Ady 29 fullier 1715

2863 2374 2160 227 ma dernilre san le 3 du cosvant depii ie suis

2863 2520 2125 201 sans lhonur danu de cherez vostres. c

2857 2624 2210 188 incluse ie vous remette payable le 21 du courant

2847 2737 2216 224 pr les Engend de ane a costy ƒ993:10 de change

2866 2896 2121 113 dont il vous plaire procurer le reuiset ehe

2861 2972 2213 163 crediter nous avons en hier sur de mid des eschatte

2864 3078 2208 167 et tonneres etpou vanables tr cette tempesre ln foudre

2869 3171 2174 145 ettdentie sur le glise des Peres pute comme voors

2858 3290 2157 127 aurez appris et at este cacee jus quis a deux ieure

2867 3389 2132 186 laspremisdy latt que pos lonne sen appereut

2860 3488 2141 192 sellement que si nccridie commertea verslet dm

2863 3594 2124 166 heures et a reduit en vunneheure du temps ie boeus
