5190 3837
1473 68 1099 149 Ady At 3bre 1711681

233 59 1017 228 Londies Dawel heys

378 178 2147 182 le recoude ce vourdu lhonneur de la vre

331 330 508 184 29 d Joult

392 317 2166 263 9 du cor de v le n aver proint a ccompli

349 418 2220 240 mon ordre 72 est vreu que le bielt es marque

330 540 2217 250 aprix de billiest d ete de 3711 oƒ 171

332 680 2073 231 dati dessux le cappitel  pourcent moy

209 753 2290 197 les reduite et change en aunisien a

354 869 2146 216 e noument de suis content ne tirer quede

337 1007 2208 235 courcent p ut pris que mon argemestes

285 1101 2298 232 et que iu m'en purx servir si non apere

307 1212 2290 290 faime mienx d'avoir de lemploye d. J'estain

323 1335 2211 224 au lieu si connoit mieux que mon si vous

306 1470 2288 230 scavez de bonne et auttre eployde a 5 poutannt

340 1558 2205 220 qmieux q en ces forres de billiers emplongy ces

323 1663 2186 239 400:-  5 pour cent prtem en suis

346 1795 2243 236 content vous me rendrez sevice aultreman

284 1952 2163 201 achgpez les ire vous prie de grace a faire

270 2015 2237 275 pour moy comme seri pour vous mes me

307 2142 2217 212 si vous me le dacons dilies posiavement

279 2229 2278 265 fauray paience et iets feray mon argent

309 2336 2286 251 aperte ce que ie neserois pas volonne

324 2503 2157 208 nondant fot rfiteray saploins lo

338 2614 2185 247 quelque chose ƒ38 attendant done de voy

316 2771 1331 227 nuvelles 10 me d1691

1557 2817 929 213 Ad to 17:

248 2914 1044 203 Amend J de Laedolair

246 2966 2346 264 desen tot convert van den brief een latte heden

297 3147 2281 168 gevallen bij mij addres die voor ue bieten hebbe

234 3258 2237 182 voldaen aen Cornelis de wael van st £120:-

285 3340 2217 203 a ƒ34:9 vlaems wisselgelde £208:10:- waer

304 3442 2237 238 voorens mij gelieve te crediteeren en blijve

1722 3583 522 155 2

2645 77 758 181 Mons ƒ Camot

3642 61 1058 176 Ady 18 xbre 7717

2712 116 2268 313 pr lhonneur de la vre 6 du court may receureaite

2724 295 2271 176 sur les Jean Cours Cirson marchandre Bruxells

2707 409 2243 180 a d gour de veue de ƒ300:- de change la quelle

2700 522 2206 239 Jayt envoyee pourr en avoir lacceptanon

2702 651 2276 160 et elle est acceptee ensuitte scloit ladvis que

2705 757 2172 211 ben ay reccu je seay lassortiment quil vous

2712 841 2166 249 fault jay pris mes mesires aladvenant

2730 936 2240 202 et sly gaardee e toet il m'ets mps shbe

2684 1030 2228 233 vous en envoycer des eschantillions

2698 1148 2224 253 Jn ay besoing touts les jours. bes marchan

2643 1273 2276 238 =di les conbent de moindre calitez que

2673 1382 2239 207 Efance passee non obstant  que sou

2700 1504 2272 257 guardee vous auseeront pas faittemnt biedn

2712 1609 2297 219 cur vous n'en trouver z pas elles en calie

2698 1731 2160 231 dans toutt la ville de fuvers dont pou vel

2721 1851 2281 202 bien estre asseure de mes me que parsonne

2725 1974 2231 207 ne vous les livrera a mellipur marche

2701 2076 2136 220 I attendray lhonneur de vous voir eutre

2715 2146 2153 210 temps vocy heschaillion de drat s

2703 2267 2303 193 d'homne que layt appresses pour os graces

2708 2375 2163 226 quil est pas faitteret bien opt bien retsi

2707 2498 2276 183 de tres bonne laisne et stllure e'est un

2701 2592 2223 190 drap a charmer le voyant en piesce

2715 2716 2294 204 attendant lhonnair de vous vour en

2687 2813 1552 213 responce de cette ie me dit

2695 2935 2268 154 ½ atutnaye Lan joseph lesccultre Ady 22 sbre 1717

2712 3025 2241 221 Jan pris lahbarses vous serire fort ample le

2718 3176 2206 144 is diu courant en mesme temps vous envoyeer

2710 3262 2275 161 mon assigne payable a vre ordre sur le s Joan

2690 3368 2070 190 francois steven ar  de ƒ300:- de change et a

2701 3468 2256 161 charge les heresiers du les di livin wastecamis

2751 3557 2251 166 en satissaetion de compte ƒ236:5 de change

2745 3656 2159 114 s essoirelque cette maletre vous sera bien
