5051 3837
617 85 2007 117 si vous voulez a temps que vos paisses soiien

620 198 2027 153 payees. je vois bien que le temps lapproche

637 280 1948 161 pour profiter de toleassdin cor aut etour

649 388 1852 176 du 207 8 lassem bleaid u parsement les

672 468 2041 247 affaires ehangeront de tace delon mon opo

651 616 1946 208 scar la nation Augliise dans ma pertsie

674 716 1985 200 mainsiendra touslours son credit et dout te

695 845 1989 188 me fiers ie vous le recommande. jout encor

699 967 705 144 ex me

1535 989 438 161 fom  160

650 1065 1443 186 aen den volt der setten maen

630 1238 1948 184 Jay receu lhonneur de la vre dire 25 coulest

606 1333 2092 193 et fait sestexivir au teneur ie ne puis jesponre

597 1446 1889 230 davantage que mon rere P mesijn vous

669 1555 1911 212 marque, cy faitt a quoy ie me refere d

657 1727 1894 148 ennerement et suis avec empressemeert

671 1795 2015 196 ie vous recommande dagir pour nmoy comme

1790 1914 505 191 getel kent

629 1930 551 220 pour luy

1660 1999 1030 195 Daniel Geerardo Meliyn

539 2155 2159 241 London John scheptpens en Edwards Ady 29 br

638 2318 1821 232 gebchreven aen den voet van den brief

623 2446 1889 175 van mijn broeder daniel geerardo Melyn

651 2620 2012 197 Ick hebbe ue aengepaeme  past ontfangen

641 2723 2057 175 en vervol gens vertrouwe ue d'occasie sullen hebbe

641 2837 2016 174 en oork sullen affectueren tot het incooper

645 2931 2070 153 vande geordonneerde st£3oo ooft indisce conm

665 3056 2018 151 oeteer het en compt p eenise pourcento niet

670 3124 2046 210 aen doet maer als voor ey gen ck recomen

649 3219 2043 200 deere ie het selve van herte remitteeren can

684 3333 640 199 ick niet doen

4314 112 574 128 2 dbre 1720

2786 79 1202 174 ondon Pauvel et Cocqueel

2786 185 2058 162 ie me retere a ma derniere 21 du passe. depuis le

3912 311 110 95 28

2756 299 2057 206 pevive l'honneur de la vre  gbra je souhaitte

2773 426 2206 171 posjivement que vous achspries pont  505: aenvres

2792 511 2113 164 de la bannque est employeer mon argent enre

2792 632 2129 161 vos mains ettirer le respe quil vous viendra 2

2775 730 2112 191 en suitte car selon touttes apparences et advis

2787 847 2107 222 que jay vous le pourrief faire aux envirous

2790 913 2139 247 du prix que ie vous ayt ordremee estant r

2782 1024 2170 235 les lettres du 25 ditto notte a 140 et parestre

2804 1217 1878 181 presentement tombee au prix livristie

2787 1261 2201 216 cependant ie ne presende pas vous contraindis

2830 1378 2131 194 si pres que ie vous ay marque p ma furditte

2806 1492 1990 204 dh 21 sbre tachez seulement re de purs

2817 1627 2172 178 profiter de loccasion et quelle ne suchappe pas

2791 1713 2121 185 et d'achepter quant il fere le plus bas. vous

2819 1828 2118 209 pourrez insaliblement tirer unne bagaselle

2806 1930 2067 184 commeil vous viendra bon de cette parsie

2836 2019 2104 249 que ie vous ordonne car ie m'est tan possible

2779 2139 2185 172 t vous remettre quoy que ie voudroit faire as

2808 2236 2074 207 demploge danps les fonds rarement l

2815 2320 2163 275 presente des lettres a veux sur Londres et dan

2801 2463 2089 204 cette consuncture du temps on ne seayt a qui

2814 2584 2153 190 sa fier car les gens aisees le tiennent ran

2770 2634 2240 223 Lquilles et sans rien faire oultre a quoy servine

2812 2800 2182 164 sil vous remettrer e4 deux usences puis que l

2800 2889 2132 220 ne discompte plus tellement pis'ay a pien

2826 2975 2113 232 daultre a faire que vous me voudriet hendre

2819 3083 2086 228 le service que ie vous demande et dontile

2830 3206 2130 192 seray en attendant le succes can vous en de avez

2782 3298 2123 206 promis p vre responce sur mondit ordre et

2796 3400 2022 220 ie ni magine que cett argen dsira bien

2764 3503 2101 210 placcs et quoy que ie suis d que ne

2825 3642 2108 151 voyerez plus de vre re mouter les acsor
