5152 3892
675 145 2002 165 imeime en achepter jusques amille livrer

682 235 1982 158 auxenvsro de mohant pour ces il yat un

684 352 2083 166 esseur le dernier ines de  £500 unuiie

702 429 2050 185 de banque  £6:5 n est que jusques au s Jean

676 540 2012 175 dernier a moins que n'avrez inne fois m

691 672 1977 172 cont ne m'avez point donne advis p vre

2018 763 752 179 Adij 68 Janu 1722

691 769 1082 165 & ouverne. ie Am

656 859 1923 182 Bruxelles Martin laeynes a Lensergne du 209

862 966 1756 188 franco  Pres le sponne porte a

694 1115 1972 89 en vous at addresse au commencemette

674 1169 2054 156 du mois doctobr passe certaine parsonne

719 1269 1981 198 de la part de nre eglise cathadrale pour

695 1395 1952 176 s'informer du prin et qualitee des ardoisey

722 1545 1880 159 que vous avrez qui hous a donne pour

700 1607 1857 196 responce que p'en aviez plus mais

728 1712 1918 177 quastiez resoln duller eer hiver port en

687 1812 2008 181 faire deiur ce quil m'oblige a vous eseire

704 1931 1985 191 la presente a fin que voudriez m'informer

753 2049 1810 168 e responce d de cette si vous er avez

729 2168 1955 158 en en aurez en peu de la mes me qualtre

722 2260 1928 156 pord, grosser ste et a gues prsargent

643 2362 2006 148 s coment que les voudrie nous est er

685 2472 1901 177 mille Jby en ville e cost a dire sur

694 2559 1672 180 Batteau touts pasa & compt  en

682 2683 1071 165 at noant ie suis

651 2750 2041 191 ghenot Jdede saedelaer  Ady 22 Jannas: 1722

623 2860 2134 201 bij de aengenaeme van gisteren becoeme remste

761 2967 1979 186 op dh franc. de Roy m Amsterd  :21maser

737 3102 1953 170 i50 en half 4 seriarm vallende £1000: a 118

702 3182 2063 141 vanco £494:13:4 die heden niet en hebbe in etroecken

707 3286 2039 189 alhoewel mij is geoffereert  advanie soo ghet

699 3378 2025 188 het naete op cort gedaen is. ick dencke met  tor

703 3492 1995 170 p nnesten daer van dal maenen pint de sanque

665 3625 1939 117 aecost op 28 geopent wort en men san er

692 3719 1857 124 cours can weeten niettegenstaende daer

2786 115 2062 248 sijn present veele brieven dh Joan van Delfe

2795 245 2113 223 lieft de £200 betaelt ingesloeten sende ue

2782 384 2136 204 en briefis op samet fardon en sons james en

2796 495 2185 172 ranuis de pachere a costy van l £100:10:2

2782 619 2124 171 waer voor gelieft acceptatie te voorderenen y

2816 706 2083 196 met gelegentheyt tde te senden oft same in

2803 817 1777 205 antwoort met protest  blijve

2828 913 2097 213 Drugeues martiuy Jacquet Ady 22 fanvier 1732

2844 1021 2155 206 en responce a lhonneur de la vre dhich ie suis

2846 1139 2159 238 lu pris que presendez dix sent storins courant des

2840 1237 2161 211 ardoises que vous avez offert a quatorte le mille

2837 1343 2084 231 mes passee. une dudfier qui nous en a lve

2832 1461 2111 234 lfnnee passeda ƒ117 et 5 n'en presend: que

2854 1576 2016 192 17 desla mesme cautie quill dit davoi

2847 1692 1987 203 en enemin et desse achepree pour son

2855 1792 2118 220 compte que je vous ayt escript n'est que

2870 1898 2095 231 dous faire connoissence puis que lon mat

2858 2036 2126 180 infermes que vous faittes commerce dans ie

2855 2123 2164 227 pays la , que voous les pouvez livrer mellieux

2847 2219 2162 233 marche que me so sel vous accommodere

2846 2323 2158 253 p consiqnenme si vous voulu estre raisez

2844 2450 2096 233 nable ie ne sera pas pour unne fors. nous

2855 2563 2056 189 en avons besoing toutts les is et ie vous

2852 2657 2091 192 feray compter vre argent contant tousjours

2856 2774 2094 210 Danj Bruxelles Jeh prendray mesme hors

2873 2900 2058 196 de saison c'est u dith quant vous en serviz

2900 3009 2070 148 charge et toussours argent contant cette

2891 3107 2120 204 fors sen veu ics ciny pante rille si vous

2912 3232 1951 152 les voulez donner a ƒ15 ar gent conrant

2893 3298 2095 184 livres cy a la ville mais point dam

2913 3413 2029 191 qualries on moindres que celles de lotmce

2892 3507 1978 181 passee pour vre gosterre. sen ay enr

2928 3579 2096 162 leglise et mes medans ma maison pour

2865 3673 2178 137 monstre il me fault les ie grandes et faisantes

3065 3762 1885 94 ot a nvsi r   me  e a
