5097 3847
428 97 2126 143 mijn selven inablidu in verobeigeerende en bergh

443 159 543 210 bievende

421 183 2192 211 dat de 25 prens bj hunne moeder aen de credisendern

464 347 2038 147 van de clourtreste van hun goet vinden gemaeckt

428 462 1955 168 haers Codieille voor ƒ Jan 1720 sal betaelt

439 615 355 135 weten

452 635 2091 214 dat het resteerende van het vollen captael in vier

445 776 2048 190 payementen sal gereguleert wordin ende hetant

456 824 2130 211 alle twee jueren een quaertoft payement

476 953 2045 172 te rekenen van den dagh van het ere

461 1066 2059 179 soo dat alles op de acht volgende jaeren voor

415 1158 1905 234 de expiratie sal moeten voldaen wesen

431 1276 2167 184 dat doo wel d'extraordinaire als dordinaire de coten

463 1371 2103 195 van den gewesen trocctse waer in sij gecondent

376 1481 2209 197 =keert sijn egalyck doer hun sullen gerembour

375 1590 1391 200 =leert en voldaen worden

437 1691 2012 164 het onbetaelde cappitael beloopt saleo suist

424 1780 2108 227 in wisselgelde ƒ63000:- het reglement van betaeling

392 1909 2074 212 £than 1720 voor de 25 prete ... ƒ 15000:-

2073 2045 370 129 „ 12000:-

407 2036 1476 162 hertemisse 17 24 het eerste payement

386 2150 2212 111 iersemisse 173 het weede payement„ 12000:-

355 2236 2223 147 sersemist 1725 het derde payement „ 12000:-

370 2362 2071 172 hertemsse 1727 het vierde en laeste payement„ 12000

351 2433 2094 258 maeckt te saemen salvo fidto de sommes ƒ63000:-

367 2616 2225 228 ick pourseere de saeke soo veel als ick can om voors

393 2797 2060 119 hooghteydt allet gepasseert te hebben en om datter

385 2858 2141 213 geen veranderinghe tusschen beyde magh coemen

395 2954 2119 173 op dat ick ue d copye antentique van de gepasseerde

430 3072 2003 152 transactte oot accorie voor een nieuwe jaer

382 3146 2012 216 soude connen senden en met dat gevonden en

412 3247 1962 203 on verwaght cappitaelt ien veel gelijckx connen

412 3348 2110 192 wenschen ue e provisionelijck nevens mijn huysvrouve

411 3444 2052 178 ons compliment vant saligh aenstaende hooghteydt

413 3564 1863 162 van shertemisse doende soo blijve van herten

2723 61 2039 258 Gent J:B. esaedelaer 23  x br 1719

2728 138 2191 265 iesen tot couvert van den ingilenden wissels

2746 275 2170 238 ten lasten dh Guilliam en de febare van t

2735 375 2094 260 £85 a  7 waer van d'acceptatie gelieft te

2738 487 2156 327 besorgen en bj faute van dien met protest te

2750 627 2141 320 rugge te senden ick wensche ue een salighe

2739 760 1838 305 hoogheyt van kersemisse en blijve

2703 864 1993 280 Rotterdam aeques Meyers Ady 28 xbrr 7719

2760 1029 2127 228 het is mij nief te sien bij ue aengenaeme 12 courain

2759 1173 2077 191 ue eds gestoegen heeft int gene voor ue introst en

2746 1279 1941 212 Retet. verright hebbe met d'erven de wed. de

2747 1390 2130 203 schepper en het is een plaisir te wercken a ls men syde

2759 1506 2049 141 vrinden can contenteeren: oock ostimeere mij

2758 1602 2191 131 geluckigh dat ick de moeuratie van derven de wede

2750 1692 2089 191 de sagher van Amsterdam gerefuseert hebbe hhun

2765 1799 2214 151 danck tegainge is dat  het ceert beeter en favorabelder

2768 1926 2131 167 verwaght hadden. hin geluck is dat ue r nevens

2770 2006 2123 164 hun geintresseert is geweest anders souden si buyten

2780 2099 2123 162 de 25 pien in de codecille vermett op den tijdt van tes

2776 2223 2189 183 jaer en te betaelen misschien langer als den tegen woort

2753 2321 2100 192 lighen accorde gewaght hebben eer sij iets voorders

2782 2412 2151 183 Londen hebben gelreghen alles in eene onschereyt dat

2775 2526 2162 174 mi deekers is sor als ne li sien can uyt deingeseden conie

2790 2619 2123 157 antensigue van den acorde. ick sal voor ue conform u

2777 2740 2044 157 procuratie en in ne naem den accorde sechencnedie

2797 2854 2067 123 messis copen daer toe ordre laeden aen dh de vors

2775 2937 2163 146 belieft het un en belieft het hun niet hetganswersk

2782 3020 2154 148 blijft sonder efect ten sij de prenerpaelste crediteuren

2788 3121 2095 159 reckenen. Ick en weete niet wat die layden in hooft

2779 3226 2082 170 hebben een proces te vervolghen cost on eyngelijcke

2764 3348 2121 114 om nsangen loopmerteny devoiren e es dat wort

2785 3439 2148 116 mijn door vrinde besorght daer sij niet eenen voet voor

2789 3508 2186 136 verhet hebben nochte niet eenen stuijver aen gespendeert

2768 3633 2184 99 hebben en vercryghen op hun at dettien een caitaet dat

2809 3691 2085 101 at geschreven itt verloren wess en thoonen in daer
