5190 3864
340 56 2240 224 Mons JBapt le Bliex Ad5 12 8 bre 17195

357 188 2196 183 goires vous avoir escpt en des termes srrentos

344 381 2166 195 le messager Jonairt me compta en suitte

348 459 2229 231 a ma quittence a lus donne ƒ140:- de chage

238 531 52 99 led

321 599 2188 254 le 9 de gbre dernier si vous conut de

285 723 2274 224 la sorte quant est que je seras payes vous

306 815 2276 285 Lendves demizquant me drvc et qpue dies en

245 951 2276 240 un enm vous n'avez ien pre & ous ainst

258 1074 2062 308 dire bultre vous scavels ple devz

330 1225 2130 188 accepteera daultres comme il m'est tres

336 1324 2225 232 bren commue et vous me laissez en blans

320 1443 2211 247 ie vous puis dire monsieur as ie suis un

329 1535 2196 298 homme a rendre service a font re monde

309 1689 2215 250 et qui jay beau coup de considerarion soes

321 1842 2217 240 de patter cependante  ar n

315 1989 2140 205 de voir qou vous abon donne et qon

307 2088 2207 240 paye a daultres content s vous voulez

339 2183 2203 241 continner avec moy douet parsuades que

314 2325 2168 229 ne vous en plainner lamais a cettesie

240 2445 2194 224 e vous fust offre de mon lesvice ou

303 2576 2129 202 asseurnist que ie vous serviray res bien et

291 2672 2238 259 a tres juit prix priant rees proqiement

295 2792 2145 272 d'avoir de la consideration pour celliug

301 2950 603 240 quil la dix

2695 63 2213 222 nons f Galoutn  1  0 ƒ715

2692 161 2299 220 Jay receu lhonneur de la vre 7 du couraet avec

2703 354 2235 157 uins banuselle dotfin de ƒ 20000 a bon losne

2719 479 2252 183 sur  J n d Bruxelles  jours Veydes

2713 589 2251 226 la quille u'ayr envoyes pour en avoiur lace

2736 765 2174 172 on lest vray que le compidr ce nuve

2712 850 2192 222 pas comme dh passes et que le temps dsance

2720 976 2240 217 pauvre dechendant, l est aussij horder daulds

2729 1089 2197 208 verviers et duupes vous devea ay erster d

2698 1221 2222 216 lestres eserme nre bontee et nue oregel

2714 1353 2255 202 credit que nousdonnon nous fu

2737 1470 2237 213 vore tource que nois en aurong a lafin

2735 1653 2114 152 suis un   en at vire

2711 1734 2152 211 monde a avoir da la considers

2711 1850 2044 212 sant mn statter mais iE enn trasres

2731 1913 2200 263 comme il sault tout ceque ie suie voue

2757 2092 2099 206 dire est de vous pries avoys vos loird

2729 2201 2275 221 mettre a la raisson et ne me vouloir ma

2747 2317 2079 186 de compenser at en tout ce quit soffre

2755 2432 2196 247 poies vrs servvee derjez que vouss serez

2756 2584 2237 193 sesvr dunne pounder aliico extraordinaire

2718 2711 2209 137 et a tres lust vrr de celluy qui l le dit

2730 2795 2176 248 prnct de Brendre lincuse at port

2731 2947 2161 206 comme ime manquent de carself de v

2736 3066 2212 172 couleures de daille selouvre et  li

2761 3188 2175 200 Jen feray tsendre etie vous es etre rerdep

2766 3297 2089 239 une piesce reito quelles seroir r et les
