5175 3837
256 59 982 157 Brusselle Jacelode Boryer

1763 74 512 149 6 aeguolj 1717

310 189 2262 178 ue aengenaeme 4 deser en is mij maer heden middagh geword

183 280 2304 175 de goederandie ie ue huysvroeuve uyt seluyt & helft leggen

317 359 2253 176 noch apaert ick sal de 3 laecken meden op packen want ue

295 470 2161 154 en can de neyt beter oft beter coop voor sjn qualitet

332 576 2186 125 coopen ende ue magh wel gerast wesen dat die ue ten

314 665 2223 140 uytersten sullen aggreeren soo dea het eerste beurtschip

316 752 2190 204 sal afvaeren sal ue dat packen confoim hebbe te

187 854 2391 184 verwachte ende daer ue can dienst doen weest verseekert

309 979 2253 115 ue niemant cevulder offe beter coop sal bedienen dan

186 1054 1780 179 u die naer condeacle groetenisse blijve

1780 1135 508 162 6 augue dij 177

260 1175 813 217 Bruselle d: Haegens

313 1258 2218 166 tot antoat op ue aengenaeme van gisteren ick sal ue 3 stecke

309 1352 2258 190 geperste laeckens senden op ue stael soo haert het eerste beutsche

319 1425 2253 149 sal vertrecken want de vaert is afgelaeten iets voorden van ue

333 1514 2216 163 dienst wesende gelieft mij maer ingelijckx te commandeeren

325 1600 2244 188 ingesloeten de facture vande 3 laeckens ue 1e junij vercocht

312 1671 2257 207 en toegesonden bedraegende in wes: ƒ 291: 15¼ ht is mij leet

331 1797 2243 189 Ick ue soo wegnigh hebbe connen vercoopen ende het is wel

326 1872 2236 199 tegens ue beloften daer ue mij geasseureert hadde dat ue b

317 1960 2257 239 het toecoemende mij soude geprefereert hebben verders ende

346 2059 2112 176 ue clauyie dat ick soo troeke gelieft daer eens op te t

336 2138 2161 229 refbecteeren ende te consedereeren dat ue alle andere

342 2246 2236 181 vrinden af betaelt heeft ende dat ue niemant soo laick

369 2315 2200 234 hebb uyt gestelt als ue mij gedaen heeft ende dat ien ever

337 2417 2240 185 wel niet meer magh aen intrest toegeven als men aen

374 2513 2173 183 de goederen can wennen Ick vertroeeme dat ue mij het

342 2630 2208 198 selfde selvergelde &ue affarerende dat ue niemant

347 2698 2208 188 eevelder nochte teter coop en sal bedienen doen die

336 2873 308 145 blijve

297 2878 2260 189 men seght noch 1t daegen sal aenloopen eerder een beurt

291 3007 1500 218 schap sal afvaeren tot ue governo

1643 3040 882 196 Ady 7 August 1717

269 3110 1193 220 Brussel loannet haeghens

298 3175 2228 181 naer dat ue gisteren hadde geschreven vernaeme jck

269 3296 2286 187 het sseur seis heden soude laeden, hebbe die occasie

274 3386 2284 189 waergenoemen en ne de drj laekens al gesonden

297 3487 2052 150 me het sefde in een paxke gemercke 3 te die

290 3516 2257 209 verhoepe ue wel en rtot ue genoegen ue sullen geworden

314 3654 2154 123 pr naesten volght de facsure en blijve in haeste

2620 77 2241 172 Brussel d Broyeer Ady 7 Auguir 1717

2654 141 2310 221 naer dat ue gisteren hadde geschreven dernaeme ick

2626 266 2347 172 het beursschips heden soude laeden hebbe de accsre

2643 393 2242 187 waergenoemen en ue het goetals p mijnen

2666 493 2216 219 gemett heden met het seltde afgesonden in een

2632 640 2349 180 pack SF B dat verhoefge ue wel en tot ue genoegen

2659 759 2253 116 ue sal geworden p naesten volght de facture

2664 844 1237 173 en blijve n haestel

4591 848 86 162 5

2627 942 1998 230 Renaut Charles Rourgous Ady 11 as

2665 1090 2259 190 ie vous prie de grace a me vouloir sans faire

2653 1208 2316 164 et me faire tenir £9:17:3 de change a ilvre

2626 1309 2224 215 ment ie seray obige vous paiter dune

2679 1447 2151 171 aultre maniere car vous n'agissez pas

2663 1537 2239 197 a mon erguard consme vous devez faire

2662 1641 1342 202 en attendant te medit

2630 1762 2093 235 Gheudt Jacob BatAdy i11 ditto

2678 1863 2193 192 en antwoort op ne 9 deser miss van den

2643 1999 2301 185 berghe niest anders betaelen en wilt gelieft

2642 2121 2313 150 e selfde te ontfangen mits in dorse mjnder

2653 2212 2086 218 qmittantie te stellen doer ue e g en hand

2687 2296 2290 215 accort ƒ52:13 courant gelde gelieft aen den

2622 2437 2352 168 selvens eens te doen segghen ick verwonder

2636 2532 2345 221 ben van hem geen antwoort te becoemen

2609 2650 2081 198 noopende het gene hee versocht hebbe

2645 2737 2367 242 als ue ede van den procureur omme ie

2618 2855 2350 198 sal informaine hebben noopende het versocht

2631 2961 2243 202 sal die met plaisir te gemoet sien ue mede

2655 3109 2306 142 die ingellyae voor onsen recommandeere

2652 3200 1293 181 blijve van herten
