5152 3892
668 137 1880 147 receive and give receipts for all pressin

687 199 2008 201 and divide  here affter 10 aron due and payables

676 310 2038 145 to me at the said coipany for my a fore menioned

661 451 2047 144 stock and to do all ofthes aets and things for actug

687 554 2041 147 the prempes ramidfing and confr alo thas

655 639 1972 184 Tha shall do therey by vorin of thit presunt

674 759 1992 137 aet in witness where if I have here ninto set

669 862 2035 154 my hand and seat at Antwerpp the 17 jay

702 975 1879 199 of Januarss one thousand seven hundred and

700 1079 1187 183 favo andt wintte now stile

629 1127 1841 244 Sealed ans de lverd adro Belijn

671 1312 810 140 in the pretince

697 1404 559 149 Timan 133

602 1495 605 181 . Cogels

628 1578 722 194 Gatpar schatten

614 1684 1865 240 Rgo in rascripus notarius requis miner en

609 1803 1972 213 Adtrims mi avitans Antvertue in ducar

1591 1959 620 146 geetes

642 1964 699 149 Brabantie Ete

1642 2053 566 133 99  23

602 2077 1928 187 sonder voordere le galisane sen secree

622 2222 2049 128 London hauvel et Cacquees Ady 17 Januuer 1722

621 2317 2111 158 les pere que ma derrniere du 7 du condant vous sera

642 2432 2098 164 par venue je my refere et l'attend lhonneur de vre

651 2488 2073 157 responce. le principat suiect de la presente

634 2557 2086 217 pour vous envoyser cy incluse ma procure pour

635 2704 2071 185 faire etresistrer et faire passer sur mon monn

658 2768 1956 163 et en mon pouvooir les partie la partie de

648 2853 2091 194 £500: factions dans la compt du sud,avez

640 2975 2087 190 acheptee pour mon compte d'anttent que il remarge

643 3070 2019 230 pr les gasettes que les livres de cette comp. ne sont

598 3171 1989 181 pas lermies et qui l'on transfere les partes

661 3261 2001 172 ie  ous prie le faire et estant troatfere m'en

665 3373 2031 173 vouloirs donneer advis ma procure est entoutte

634 3480 2015 192 forme requise y comptis on autnosisation afiz

654 3559 1962 197 que prsies recevor les divident. ie vous salue

632 3702 545 121 ett suis

2765 100 2121 242 London thr Scawen en Com Ady 17 Janvier 1722

2814 148 2175 295 semerefere a ma dernieredu3 abre Perir laquelle

2819 312 2094 221 vous sera parventue en son temps sans tous le die

2787 415 2068 242 sis le pous surpis du monde de n'avoir en de vos

2813 437 2121 290 nouvelles daultant rapprouvrez  m'assentie r

2801 614 2184 203 la vre dernier s lutre dachepper pour mons cte

2797 708 2185 202 £500: achons dans la comp de la mer du sud

2814 811 2070 219 puis que ie vous ay d'onne libertie a le faiee au

2821 909 2063 241 prix que le lu gal convinable ne necsant pres

2788 996 2193 249 aenviron t nonante pour cent et que les actions

2842 1122 2106 188 opesse depuisa  92 et 9½ pmes meil ijen

2829 1194 2161 195 icy quils bles ont obtenne r leurs Amis il londrs

2828 1293 2099 241 celce prix p espreuve det c'est ce suit me

2837 1400 2176 205 chosgrinne un peu d'austant que voi la loccasion

4688 1506 56 62 1

4733 1486 304 123 2dy gerje

2835 1516 2200 218 bassee puissque les lettres de chez vous du y jarvier

2824 1622 2210 189 que nous relevons cesourdhuy les marquent a cesst

2808 1749 2226 168 je ne scay quelles raisons vous avez de ne lavoir

2831 1825 2095 171 Elecureer s'il y a des faisons prils vous out

2838 1934 2141 155 changer des re lunou vous seavez que ie me sil

2829 2020 2076 194 sur vous mais sil ny en a pas iay ma foit lien

2828 2094 2217 181 a me maindre car nous sommes moserables pour

2827 2188 2220 189 le present dans ce pays iey ou il ny a plus de legoce

2829 2293 2087 179 toutte nre attention doibt estre presentement a

2837 2440 2199 131 donner de lemploye a nre petitfcanpita pour profiter

2851 2503 2124 182 d'un intrest at la conserver pr. sons quancs vous

2828 2584 2141 145 pouvez jugor quil nous ass de la palinne tois gad

2827 2710 2158 128 la mglnine occasion nous eschante lespere au

2858 2783 2113 142 mons que ne vous vous desier le moda cause

2854 2879 2190 165 que i ne vous remette pas et que ie vous pisse lisers

2846 2964 2201 182 ie croy que me devez fonnos re p la longe correz poos

2838 3100 2117 126 dence que nous vous p Enseea et que vosez

2867 3189 2132 104 bief que ie ne m'essz aye en ancirune at faire

2873 3244 2154 180 rasce & dien quelle me puis brollier presme

2795 3384 2231 103 que vous avez des esfcets mappartenainy es mains

2823 3439 2209 163 la raison ett que p de ne resustie pas que le sacke

2814 3528 2201 154 deprofiser d'un intrest entre tempsicy pris que

2818 3619 2185 129 a sfaire est arnoy celle pri xespale ress pour vous

2817 3712 2145 104 sorier dereche en cas que ce spacions vinneut a

3426 3767 1404 81 a sne schil in seu te

2896 3788 343 70 1 aidser r

3325 3788 72 72 x
