5190 3864
272 51 1008 214 Bruxelles hDez aue

330 59 2273 281 a la faines man 2 Adyy 27 xbre 1715

329 271 948 150 marche au grain

319 293 2207 249 lamedy dernier je vous aut addres les p la

324 448 2197 233 Parque marchp e un ballot marque tic.

340 584 2200 262 pr oidre et pour compte du S  f Parnot &

306 713 2103 233 mons contenant   des draptes d'u

320 846 2121 260 bages pour suivre son ordre er le lierer

309 912 2186 283 au qhartier de la veufve peay de l haye

315 1050 2201 222 pour mons sans doubie il vous en ayre

312 1176 2126 236 pasle et vous donne les ia pruetsons

336 1317 2074 162 mecessaires tellement quil vous plira

319 1432 1517 210 auiereels ordres et surs

1463 1520 960 184 Ady 28 xbre 1717

231 1563 968 199 Monset. Jallonin

312 1639 2186 235 il y a plus d'un mois que jay receu la vre i9

291 1772 2280 264 dit shastie et que  attendue remise ensuitte

305 1912 2160 179 a vos promistes javone que le semtises

287 2007 2218 261 pauvre mais vous me dever aussj advoneer

301 2132 2286 193 sia dauetres vous devez jaccepter de lettre, et

271 2234 2256 278 pajdera certain semes on terme consideree

241 2347 2341 260 ged la pus grande partie que me devey et

293 2480 2208 212 depuis S Aun 17151 nous commes 113 ensi

302 2551 2212 260 vous commi de la srre quil faudre dx

325 2715 2110 226 temps avant qu ie serag payee je suis

316 2808 2263 207 accommodable plus que passonne puis ete

302 2918 2256 215 mais se vois p lexsers nce que c'est unne

296 3033 2287 228 folie d'esire troop accommodable ontrerde

271 3124 2290 220 plus en intrest tpe son puis gagier sur la

328 3262 2218 241 marchandise son se donbole quil ira un

281 3374 2219 229 tour amieux et il vade prrcapir je suis

297 3482 2272 222 prest vous servir en tout ce quil s'offre pour

329 3570 2263 182 vre service mais ie vous prie d'avoir les gaurd

407 3672 1744 106 our moy et me remettre  ie

2675 64 2307 166 ouspe mal a propos en attendant ie me di

3859 168 1046 173 Adij 28 xbre 1717

2660 171 946 197 Ath Andre Lizon

2697 301 2184 203 ma derniere a vos graces fut le 6 de tousa

2709 428 2267 160 vout pres de deux mois passes ie vous prie de

2716 539 2256 258 grace avoir un peu te considerations pour mos

2715 660 2213 181 et me vouloir doulager de quelque vensse

2702 784 2260 230 le bon compte de est le suiest de la pessenme

2710 906 2227 216 cas on ne seay point eu le tourner ou quelles

2680 1038 2293 186 mesures prendre ie mesie sur vre bontce vous

2714 1159 2307 186 asseurant & en touttes occasions ie vous seray vous

2707 1262 2171 264 que parsonne au monde ne vous servira

2710 1391 2250 176 mieux in mellieur marché que celluy quilse

2699 1509 1536 177 dit avec offre de cet services

2680 1558 2274 320 Bruxelles Jacomo osseau Ady 25 ditto 173

2721 1728 2148 259 Jay receu lhonneur de du cheres vosrres

2725 1880 2243 223 25 et 27 sbre 7 bermere remise a charge

2703 1966 2230 225 les gcome de e ret hier  jours de datte

2720 2098 2268 257 d ƒ600: de change laquelle fai pregentes

2709 2207 2166 271 me donnant pour rest lonce quelle e stoit

2726 2328 2236 202 donne tellement que len procureray le

2731 2489 925 176 reuis et me dts

2673 2478 2220 296 ghendt J Bapt de saeder Ady 30 ditto

2688 2622 2330 215 in antwoort op ue van gisteren segghe dat ick iet

2704 2760 2117 169 en sal trecken maer ue remises afwaghten

2697 2832 2221 209 ingesloeten den brief ien laste heden door mij

2716 2967 2262 203 voor ue rekent voldaen van st £100:- aƒ 34:10

2713 3125 2290 136 vlaems wisselgelde £174:3:4 in faveur et Bandres

2691 3204 2245 145 waer voor mij gelieft te crediteeren. versoeke

2696 3300 2279 154 instantelijck ue de goetheydt gelieft te hebben van

2699 3405 2150 167 met die saisoen mijne restierende laekens

2686 3512 2068 172 onder ue afte setten prix courant ne sal my

2696 3614 1918 180 particuliter verobeigeeren. die blijve
