5211 3856
435 53 2195 211 marchandises. ie vous le suplie de grace car

482 189 2126 210 vous ne leauriez croire le mai que nour

473 301 2245 232 avons pour toucher quelque chose ou nour

481 438 2175 203 trouvous bon  a quelque chose pour

459 560 2111 174 vre service commandez moy et ie vous

450 664 2268 221 servirayy touuiours tres honnessement qui suis

578 814 1951 239 a soo t homas Scaven in London Cetkerde

521 980 2007 160 annuities op de Banque tot London gecogt

344 1128 2260 180 n leeft in plaetsern van Banque annuities ende

543 1228 2082 189 nu schrijft de gesondene procuratie om die

549 1332 1971 172 in mijnen naem ende mijnder dispoettre te

536 1417 2070 232 transporteeren de dato 18 t po laest hem

531 1542 2072 183 afgesonden hem tot dien eynde niet en can

536 1650 2045 197 dienen soo is hier copje van eene andere

542 1808 2097 149 van wort tot woort soo uls hem die heden

519 1881 2002 200 tot dien eynde afsende et du elt mey 178

473 2073 2226 193 Knon all men by these presents that 4 Peter Melyn

505 2171 2081 220 of Antwerps in the Brovince of Brabant

510 2283 2141 216 merchant do make constitite and appoint

525 2385 2182 208 homas Scawen of London Knight and alderman

503 2507 2194 182 mj iraeland Lawful attorney for me in my name

501 2609 2206 193 and on my behalt to contract for Purchatcand

501 2727 2121 180 Bruf and t take and accept assignementser

505 2830 2126 204 transtery at any time or ismes of any pessonor

501 2934 2213 243 perions of 4wo dhousand pounds share or ditteren

485 3050 2231 218 inthe capital or joint oock crected byan act

497 3148 2212 184 of parliament made in the chird jear of the

461 3238 2140 263 Beign of king George over great Bostain

479 3393 2174 223 &mongst other thiugs for hedeeming the durier

529 3455 2088 195 e veaues and ammusses therem mentioned and

535 3579 2132 207 forestablisling a generas yearly fund for the

2781 69 2255 186 faiirne payement of anuises at severat Bares to be

2808 165 2206 224 payabll aud ransserrable at the Banck of England

2800 278 2155 223 and redecimable by portiament wod to do all

2778 401 2279 155 lafull aets requisite for effecting of the premise

2793 507 2141 227 Beutifying aud confirming bell thatt my laid

2792 626 2233 204 atterncy shall do therein bl virine here of

2815 765 2233 214 in wotness where of I have here unto set my

2809 877 2133 242 hans ano seat in Antwerts aforesaid the

2830 1007 2226 192 clevert dar of imay one thousad levenhundred

4297 1114 742 224 DM Jiughed

2831 1170 1200 167 and ghteen now sull

2818 1288 1128 199 sealdd and delivred in

2827 1424 921 160 tne prahe

2838 1527 766 174 worgereckent

2826 1611 1038 200 Jacobrd e Bonnck

2839 1774 2233 185 London Thomas Scawen En Cauy ady 11 mey 1713

2839 1850 2206 255 je mereferere a maderniere coou passe en

2840 1987 2157 173 en suitte il vous plaire me renvoyeer ma

2809 2102 2188 236 procuration p mentionnée. asteur iay bien

2824 2209 1746 170 reccu lhonneur de la vre

4229 2247 713 191 u e qiece

2834 2385 2162 162 compte de la vente de  £1000:- dat te la

2868 2452 2179 201 comp desjudes m'entalls a 202 ¼ dont ie vous

2817 2565 2084 208 ay debirez y de duit la provision et frasx

2813 2617 2195 230 £3109:9:3  aussy ereduce oous

2791 2782 2177 219 lachoyn de  £2000 capirat dan

2848 2843 2198 320 e la provision et sat t £2077:16:

2788 3029 2210 208 lesquels vous sere passer en mon nom

2847 3140 2127 163 ett en mon ponvoir sans manque sil vous

2811 3232 2151 248 lai cette fijn done cy incluse

2848 3337 2197 172 se conde procuration pts que la prenere

2847 3488 2069 120 ne vous pouvoit lesvid comme mce dite

2851 3554 2077 177 selos le plan que ns en avez lenvogee

2874 3621 2210 144 de mot en otie croy quelle nes t autte
