5097 3855
513 67 1942 191 op ontfanck deser ue metures te nemen ende

536 163 1964 194 en gevalle e tot een hondert vijfen negennigh

555 287 1972 181 of lest minder sor  onnen rout schieten

520 388 2090 190 de onderstaende partijen op leveringe tot

532 490 2097 200 London poattiwelijck te vercoopen gevende de

544 591 2058 246 tijdt  vrgdagns avont om het selfden

545 730 2069 186 et ietcaten de ingesloetene brieven voor

506 807 2069 224 london soo lanck op te houden en voor die

536 938 2111 208 tijdt niets connende vercoopen dan e sorghe

536 1034 2143 202 dat mijne brieven voor London wel wonden

487 1174 2155 237 derrewaerts besoelt ett moogen afgeen

508 1279 2011 197 ue gelieve te letten dat de onderssaende

548 1403 2070 223 acnes ider mt £500:- bestaen ende dat

575 1513 1856 199 bij vercoop het divident verschenenn

583 1601 2077 218 hereemisse voor m blijft en uytgesprecken

613 1723 1788 224 wort oock dat de brieven dedagh niet

545 1845 2087 189 cestelt ett worden voor ent de vlaemsche

598 1925 2019 216 ae costy gearriveert sijn oft ick ue donderdagh

571 2049 2066 235 voorders ien hadde te melden dogh guaemen

567 2134 2089 239 de vrabantsche iever voor gualt wederniet

590 2289 1841 159 te arriveeren dat so dan echter voorts

571 2361 1993 200 moogen geraeken de partje vs drj duy sent

620 2515 1788 214 vijf hondert pondene sterlinge segge

563 2618 2091 226 st£ 8500:- oft leven aestis ider van

583 2722 1997 202 £500:- k ue groetense blijve

474 2850 2096 239 Sabin Lours Collebout  Ady 18 meert 1720

597 2945 1982 203 ue aengenaeme 26 xber laest en 5 pap. hebbe

559 3083 1994 175 te beantwoorden achter volgens de eerste hebbe

585 3223 2015 148 repartitie gedaen uyt de remise voor reen van in

586 3280 1952 212 en cosp. soo als ue sien can uyt de ingesloetene

594 3374 1915 211 notitie en quittanties sijnde ue en compe voor de

555 3517 1934 172 selve gecrediteert en gedebiteert. het slassigh

477 3590 1939 189 echter vrinden can men dat niet refrsieren

2762 80 2147 200 qp. ue weeden coemt ue te approbeeren mijne

2751 165 2128 244 gesondene rekeninge als oock de voorgaende

2758 279 2081 236 over mijne administratie dier twee thuyskens

2774 446 2137 151 dat mij aengenaem is. voorders watter van

2765 539 2096 206 negotie present gedaen wort ende et none

2749 646 2234 201 van den sraet onser familie die hij gevraght

2774 766 2130 221 heeft te lanck om te copieeren als un het geete

2798 892 1345 198 verantwoorden en heft

2753 978 2166 240 London Chasser Bolangeer & Ady 2 meert 1720

2772 1094 2118 244 vernemende dat de acties de  comgt en

2784 1216 2130 217 England faveur nemen hebbe by provisie 2s

2782 1332 2183 208 past. over hollandt geschreven ende versocht

2770 1470 2160 189 de  £500:- onder ue wesende te vercoopen

2766 1573 2140 197 ingevalle 195 oft iers minder conde becoemen

2768 1689 2216 204 ick vertrouwe ditto missive voor desen mijnen

2769 1801 1979 181 sal synder handt gecoemen ick bljve bj de selve

2788 1861 2113 214 resolurie en sende ue ingesloegen tot dieneynde de

2795 2008 2120 209 procurard van marie Constantie Broeckmans

2790 2138 2053 160 soo anget a tue die soude connen desireeren

2812 2228 2052 163 op wiens name de sevve staen een bleft hier

2797 2338 2165 182 verseckeren die op oft boven 200 dal coemen

2791 2441 2089 185 ue ter maessche wekende can beeter dt van

2822 2540 2046 199 oordeelen ende nu proeurane hebbende

2786 2655 2108 160 altijt in staet wesen otcoopen. ick

2801 2745 2108 177 recommandeere ue dereinstelijck te ven

2803 2863 2138 136 als voor eijgen vint ue der was te

2825 2946 2115 210 dreayeeren ue dan dat doen oock ingevalle

2840 3069 2055 163 ue gevielf t a vercoopen. het  eene inegonie

2795 3168 2153 165 van halard en sonder regel ende daerom en

2841 3246 2160 230 van men niets wel limiteeren. ick soude gerne

2816 3362 2036 203 van de occasie profiteeren en als ue dan

2848 3456 1992 165 dencken het beste faveur maehen dogh

2834 3548 2135 173 niets geere de leve behouden als die ande

2863 3664 1674 131 merckelijck daelen daerom stelle tot
