5192 3962
389 81 2165 191 te senden. brieven op volck van de bosse banquiers

432 208 2130 205 te is wel oock op Pater  lowden die sich van

420 300 2106 162 een cassier bedient. ingeslooten de twee brieven

412 416 2154 212 tden laste bij mij addres door miy voor ue reken

386 522 1865 232 voldaen als t £100 a33 vlaems

415 628 2057 177 £177:6:4 en stf ƒ100:10 aƒ33:7 vlaems

425 719 2149 247 £17816:1 waer voor mij gebieve te crediteeren

436 921 517 157 die blijve

368 916 2075 278 Ghend 1Bi desaedelaer Ady 29 xber 1725

429 1071 2089 217 Ipantwoors beyder ue aengenaeme 24 cou

398 1218 2077 191 ende van gisteren diens tot advies dat vant

390 1325 2111 190 briefse op mi chiel barnevel £100:- voldaen

429 1442 2020 208 ben ende dat van ƒ908:8 op jean Prepte

423 1549 2086 226 vrijlinck gepresenteert hebbe die mij geseght

424 1679 2079 185 heeft het lelsen morgen ter borse geaccepteert

423 1800 1906 196 mede te brenghen het is seekert dat hier

428 1945 2003 159 ter bose geen usantie is wisselcroevente

406 2033 2071 216 betaelen dan in schellingen oft pattacous

417 2159 1745 172 en in geene andere tot in tohoeyt

426 2306 1908 159 aespactiseert. de quesssen onlanghs

423 2397 2003 181 voorgevallen en daeghelijckx voorvallende

429 2496 1876 214 t en dien requarde noopende de son

402 2615 1915 227 pistoolen en goude spetien sijn noch

384 2730 2048 195 ongederdeert aengaende de sou prstoolen

372 2848 2118 221 sijn bij het eerste placaet van de madesijdt

382 2988 2052 190 ganckbaer gepibliceert a ƒ10:16½ naer

377 3083 2026 212 datym in ghendt oft andere plaetschen

374 3191 2135 194 aƒ 173 soo als de goincas alhier leste

403 3313 2042 237 sijnde seght men een maecet te wesen

2459 3396 72 217 x

413 3409 1873 231 binnen antwepen de sefve voor een

422 3534 1868 219 maens ganck baer te moeten wesen

423 3687 1922 170 tot den selfden cours van N:3½ het

2737 89 2204 173 gene alsoo buysen de borse cours heeft genomen

2738 178 2183 189 ende gepractiseert is geworden soo det veele

2715 352 2168 181 van sustenue sijn datmense selfs wilt doen

2708 434 1849 230 tot ƒ10:16½ wissel gelde als eu il

2700 542 2058 237 verobligeert son iynen antwerpen te

2714 688 2141 218 ontfangen: alsoo luyt mijne informeette

2697 804 2154 210 nu particuliere hun van ditto spene over

2703 915 2141 238 last vindende hebben daer mede han ue

2701 1045 2197 191 wisselbrieven p force valer acquitteeren

2668 1191 2244 221 het gene niet alleen oorsaeke heeft gegeven

2696 1300 2112 203 van protesteeren maer soo een alare

2713 1418 2199 183 dat men te buyten de wisselrieven niet eeer

2745 1509 2145 201 wille ontfangn ick moete ue segghen doen

2715 1629 2199 225 ick al een particken onder  laete brieven

2746 1746 2189 233 omfansen ende onder mij hebte op vordere

2731 1875 2203 191 difficulteyen te ontgaen ende dat yer

2741 2001 2182 186 een van can becceficeeren niet meer als van

2731 2161 2209 165 mijn enen onttangen uy t sefde desicl

2705 2212 2210 240 vee seekers dat het en noossockelijckheydt

2710 2342 2202 201 is de salfde p ƒ1:10 ½ a 17 gerediccort oft wel

2694 2490 2093 182 gebilioneer worden oft ander sins en sal

2718 2606 2216 195 men geen anders sperien sien buyten hemerghet

2739 2676 2203 221 van veele die dee onder loopen van mindere

2722 2784 2163 223 alloydist seekers de selfde slechter wesen als

2722 2924 2168 193 de quincas en wet sel aeten inder weegen

2674 3027 2053 176 soo dat ue laete considereeren wat een

2687 3188 2184 135 algemeyne schaede ditsto sonfussdelen acom

2722 3271 2195 137 du ack staen te causeeren ick hebbe mijne

2686 3386 2173 163 reptane soo lie en oock de uedatsoo en

2686 3480 2251 143 die oorsaeke teene van mijne rieven noe

2694 3606 2059 92 van de ue e soude laeten protettieren

2695 3667 1380 192 nochte heren. le beyte
