5215 3942
402 64 2005 215 London Thomes Scaven n Comp Ady 10 mey 172

437 124 2204 235 Jay biens ecen lhonneur de deudcheres vosres vrevil

458 304 255 94 11 24

427 285 2163 182 et ½ du courant. je vous ay debitee  £1500: pour

443 373 2090 177 la parte de mes actions des jides vendue je voue

451 468 2028 196 envoye cy incluse ma procure pour recevoir les

415 561 2116 203 £500: Annuities de banque une le parlement

427 671 2123 212 rembourse adce unne demis Annce d intrespesches

439 762 2115 215 depie mats £12:10: ie vois vre advis pour

426 866 2041 235 remplaier ces 1 £2000:- et se conndere et

404 990 2099 152 sactions de la banqece les plus solides presentement

413 1066 2141 171 de touts les tonds mais elles ne rendent au piiz

391 1168 2235 209 de 127 qui 4 ½ pourceut en intrest oulvre quelles

409 1285 2112 158 sont tombees passée peu de temps jus ques 117ee

420 1415 1906 176 quil differe n din pourcent en capita

432 1502 1937 180 tellepent que ie ne siay a quoy qpe resondre

441 1578 2063 171 cependantt comme  re marque quelles baissens

432 1685 2052 217 pen estre eu plu de temps quelles baisserons

430 1798 2200 158 d'avantage et ten sel cas aun entrons de cent et veure

430 1889 2055 163 ie vous prie d'en achepter pourne montant des

449 1931 2163 233 capital que v a aurat eprre vos mains poius mons

447 2077 2074 165 compte et a l vouloir  les et faire pour moy

436 2163 1973 167 comme vous tervez pour e& vous mosme ce que ie

430 2267 2118 207 trouve necessaire t vous adviser afin que serrasen

442 2374 2198 153 estat a pouvoir protiter doccasion s en arrive

431 2462 2205 199 aultre must re seray obelgce den disposer et faire

433 2588 2185 149 resveeur largent et attendre juques ac & quil ve

430 2692 2192 192 y avra doccasions plus savoiables cas l'intrest si

437 2772 2173 170 mediaere ne vaut ps la pieune . s'ay bien

444 2888 2107 212 que ie ne vous limt jamais si pres dans telle

436 2969 2142 228 sortes d'employees a un on deun pourcent plusoy

438 3095 2112 164 morns et Ge sap prouve tous sours ce  n juge

432 3140 2190 238 estre convenable en cas que pourrez acheper

450 3301 2187 188 vous aurez la bontee d'acttemer la parth en mon

439 3385 2209 192 pon et le faire passer en mesme temps sur mon non

445 3495 2189 195 et pour m dis position sur les livres de la compt

428 3580 2205 159 de la banque attendant ie suil passera ie vous a

462 3702 1748 151 bayse les mains et me dit d sieur o

2835 59 2113 176 opge van procuratte heden 10 mey 1724 aen scawen

2800 158 2200 200 gesonden tot hhet onlargen van s4 £500 bacck Anin

2755 273 2260 181 tijteen die bij parlament arie acte worden geren bousseert

2764 365 2123 212 en afgelost brijdende de verto ad verbien als volght

2743 501 2149 160 Kn00 all met by these presents that I cetor mesijn

2752 586 2210 195 of Antwerpp in brabant merchant, do make constiit

2760 694 2273 169 and apsioint S. thomas Scawen of London senight my trite

2754 777 2222 178 and Dawtull attorney for me by my name and on 1228

2759 891 2247 198 behalt to reccive, ot and from the first and hice Cathier

2749 1003 2201 185 oft the governour of company of the bank of England

2754 1107 2210 174 for the time being pus suant to the povers consaines

2731 1230 2293 128 in an act of the parliament f great briffais passedin

2749 1350 2285 127 the mnth yeare of the reign of thing eorge for redceming

2760 1440 2248 148 certaine Annuities payable by the cashier of the bank l

2743 1506 2277 178 England at the rated five pounds precns prefuicien

2759 1629 2251 164 five hundred pousids bing all the prikeipal monney

2788 1754 2151 185 which I nout. have in the capital or sot ssock of

2774 1835 2265 178 the chaid apnuities c. or other of theonI crected by tiuos aett

2759 1951 2276 208 of parliament passed, u lhe first faire of the saidhinge

2785 2082 2245 177 Leirne there in ment ones anc. also all the tmniry aster

2794 2229 2237 165 the like rate attending my faares or interest in the lame

2787 2312 2252 198 Capital or Coynt Stocks of the sand annities cos either f

2783 2391 2259 228 them iand due aud payable to me dat or a iod or at arcry

2795 2510 2261 203 other time or tinles betore cady oa t dus ccoit

2762 2642 2280 205 tences or other discharges for he said pri nepal chonney

2756 2749 2207 187 and aunuities  my name to make aui give and to do

2777 2844 2222 202 all lawfull alss requisite for effeciey d'hal pramises

2779 2948 2160 185 Rat gins and contirauney all that y said attordicy

2752 3056 2311 160 shall do there td by vislue here of in wittne, when of

2775 3176 2271 172 I have here unto sett my have ot seal metrtwert

2783 3276 2218 170 the so I day ot mair one thosend seven houdred and Joud

2788 3355 982 168 and t winhe med stile

4094 3360 802 185 Ladra elijse 163

2792 3446 1629 187 signed, sealco and deliveres ni'lle presence

2817 3538 810 148 waeren geteckent

4693 3564 70 125 d

2819 3624 626 134 Bapte Bogets

2775 3681 951 129 Hen ieus Bappek iors

3879 3737 81 87 2d

2811 3741 1190 144 1¼ ven ton der soo N14 acgi
