5215 3975
289 62 2144 185 Dermonde Francois Ceraerts Ady 12 xber 1725

371 188 2187 195 Ick hebbe beyde nemissives dato 13 past en 10 deser wel

389 295 2070 146 ontfangen. hodt geve dat de n ten lasse de

365 409 2190 148 leden van vlaenderen moogen betaelt worden want

389 491 2156 200 Ick hebbe mijn geldt present ten hooghssen noodigh

383 601 2077 189 ende dat het ont cort magh geschreden waer toe

388 697 2018 215 gelieft onophooudelijck de handt aen schouden

386 821 2145 184 alhoewel ue schrijft de saeke soo verre gearan=

348 923 2174 209 = ceert is dat het soo seekers en goet als geldt in

398 1038 2148 198 casse is soo en can ick daer niet van disporneeren

402 1147 1929 175 voor ick sien en toncheere de penningen

368 1254 2080 132 daer ten uytersten naer verlange biddende

377 1353 2165 183 my te schrijven tegens wat tijdt ditto penningen

373 1447 2172 206 sullen getelt worden: aengaende den de charge

378 1576 2014 160 brief ten laste de staeten van Brabant van

399 1669 1994 211 int gelijckx  die is aengenoemen te

377 1797 2071 152 betaelen, soo als ue bekent is uyt het sulsdie

360 1893 2135 164 vant jaer 1723 dat geloove het naert coemende

377 2002 2071 181 gaer eerst sal gecolleiteert worden daer en

353 2112 2065 147 can mons:. de BBre officiael mets van seggneer

366 2210 2034 178 de betaelinge moet bij dheer vandon Broeck

388 2336 2051 159 gesolliciteert worden tot brussel die alvoerens

376 2436 2097 175 bewijs oft assignatie opt comptoir van esat oier

310 2531 1981 146 en moet depescheeren soo dat ue sot

343 2631 2033 163 Brussel coontende ensgelyckx dheer van den

353 2755 2109 154 Broeck gelieft te spreken op dat andere niet

396 2862 2080 180 voor dns en gestaeken oft gedepescheert en

365 2968 2046 184 worden: daer coemt haest een jaer intrest te

357 3072 2144 192 verschijnen als mede van die van de leden van

371 3190 2144 150 vlaenderen en van de beleeninge op ue reeten

356 3290 2190 169 Ick bidde soo veel goetheys te hebben van tegend

380 3417 2057 168 die tijdt mij die contant te eelen want

372 3568 1994 144 Ick seer schaers by caste ben. de quittanties

400 3631 2068 171 voor de crorden des Benterroo ue landt hebbe

391 3741 2009 130 dese rijse niet connen sendey alsoo dh de

2647 101 2255 152 man uytsradt was. gelieft ue brief dragher  eaest

2675 150 2253 241 te senden alst ue belieft en sal hem de selve sonder

2675 322 2132 182 faute mede geven: ick groete ue van herten

2685 447 2189 151 ende het lanck gewenste succes dan te gemoet

2647 522 862 153 siende blijve

2653 595 2063 243 Brussel Paulo de Bwoyeer Ady 12 xber 1723

2668 753 2213 206 ick ben wel gesupreneert geweest als wanneer ue mijn

2673 864 2234 152 trato in mey laest van £21:11:6 in favear van nsyn

2681 978 2224 122 broeder D4 melijn tot sest vn en in voldoeninge van

2661 1082 2298 176 gekeninge heeft laeten keeren en de betaelinge geweggere

2684 1166 2174 191 niet weetende uyt wat rederoft oorsaeke de doodt

2687 1295 2227 115 van mijn huysvrouwe heeft mij soo veel droefhendt

2671 1368 2108 173 sedert veoorsaeckt dat ick ue dien aengaende

2663 1493 2234 168 niet hebbe geschreven echte niet redelijcker sijnde

2651 1606 2219 127 als dat wy te saemen eft en rekene maeken voor

2637 1674 2189 149 leven en stervenent dat ick van soo lackende

2641 1767 2091 185 affaireut een eynde socke coeme ue p desen

2651 1866 2156 150 andermael aensoeken van aen mj te willen

2623 1969 2173 157 voldoen de voorschreve comme van £21:18:6

2642 2068 2155 122 die ue mij p stot schuldgh is het is over de ses

2645 2165 2190 185 jaeren geleden en meest over facuel goet van

2665 2270 2145 168 bayes bay carseyen die ick ue hebbe gelevert

2649 2355 2250 182 ende ue bekent is voor een coopmanschap de ir

2684 2467 2202 163 het sout in den pot niet actte winnen

2645 2579 2213 172 Rodt danck dat ick mijn selven daer uyt getrocken

2688 2646 2036 206 hebbe a priz courant want ick soude bj die

2678 2794 2272 156 negoire sooaren als soo geworden hebben niet te

2652 2883 2122 185 winnen, groote borghen, en al tijdts chicharmes

2673 2919 2260 212 soude een mensch sijne couragie doen verliesen ende

2667 3075 2270 207 het leven vercorten ick bidde ue dan epester nnnen

2651 3194 2258 127 dat ue gelieve consideratie te gevrugken want ue

2675 3290 1969 136 weet wel dat ick ue de goederen seer il

2676 3379 2226 149 over gelaeten hebbe en alles gedaet wat een eerlijck

2666 3510 2144 119 at doen can daerom en gelieft niet questie te

2667 3575 2202 123 moveeren maer uy te tvermisteer en disto somme

2676 3644 2227 160 van £21:11:6 te trecken de vrintschap tonderhoode

2668 3762 2140 130 protesteerende in alle occasier te sullen wesen haet

2691 3822 1770 55 m et ss
