5240 3994
352 21 2183 226 vercoght van de partye gesonden op den 24 meert

345 166 2064 218 8 m Apst a 16 swert a 1316 A 28 Julis

408 241 2051 241 A ai5 tre noch d 2  lat6 10 ƒ 22:

371 405 2170 148 22:1 di dessene regken aƒ ½pr daer restert

365 550 2106 144 noch een en van ontrent de s b. verders van

243 689 2261 159 het laeste mahe 23 dsapde dammes a ƒ3 e-

373 780 2108 204 @ 14 dsar hounie a ƒ3 daer ue van ier

332 895 2116 172 laeste paxken voor vrar de dunime in de

368 1041 1902 146 rekendinge mij nu gesonden allen breught

365 1105 2132 225 a 34 a 3 ic½ ende niet een elle drapchomne

333 1233 2080 222 a ƒ314 vercoght. ick bidde ue alles wel naer

361 1358 2139 196 te sien ende nu eene luste en correete rekannge

357 1454 1924 192 soo van dedre lackens 22 meert 1715 ue

332 1560 2133 184 afgesonden als van de tavee en half laekens of

354 1661 2174 221 eApril 1717 want ick soeke te sluysen te nguteren

360 1791 2120 180 ende daer van een eynde te maeken voor leven

353 1906 2018 181 en sterven want het sprecckwoort wort

367 2007 1936 149 meenigh mael waer bevonden dat lange

363 2117 2042 150 rekeningen broullieeren en corte rekeningen

297 2219 1613 167 lange vrintschals onderhooden

344 2316 1977 206 michieldens en hillis hebben het briefie

336 2437 1819 201 geaccepteert op namborgh en heeft dny

300 2523 2077 201 niemant willen accommodeeren nietten

276 2645 2137 179 genstaende de meesse macheleers het hebbe

328 2770 2030 184 ongegeven: ick sal dan in antwoort deser

348 2871 2080 198 een Bustel rekeninge generaelijck van mijne

349 2962 2105 201 verkoghte goederen afwaghten biddende op

337 3074 2056 176 alle brinsschar niet tf willen man keeren

333 3215 2080 145 want ick hebbe present den besten tijdt ende

321 3287 2157 193 schiene mijne soude saeken te slugten ende de

334 3392 2171 171 effenen want bij het arriveerenoft vertreen

334 3516 1934 157 der ooshndische scheepen valt vil hal wat

353 3610 2103 194 occuarie een cours der wissels aen dien voer

263 3701 1878 189 deser tot ue governo en blijvee

2673 91 2075 184 Brussel Danls de Brogeer Ady 13 mey 1723

2714 194 2201 172 soo ais ue op 5 febuarii laest hebbe gesehleven

2689 323 2235 183 hebbe gelegeniheydt gesocht om het salde van

2714 437 2173 189 rekeninge te trecken dat gevonden hebbe en

2723 535 2218 196 op 11 deser gedaets in mijn assignade en voldoein

2727 663 2196 208 aen dordre Dh: Dansel k Melijn mijn broeder

2724 780 2093 193 ter somme van £24ƒ:11:6 wisselgelde die

2707 907 1766 190 versoeke te verheeren en blyve

2688 1001 2219 206 Dender monde francois BBaert Ady 15 may 1723

2723 1112 2117 212 het schrijven aen malhanderents door den

2737 1238 1873 210 tijdt soo meenigh voldigh dat ick daer byj

2771 1332 2162 224 verdritigh worde, daerom segghe in antwoort

2729 1464 2114 191 op ue aengenaeme oft ue missive dato k

2722 1546 1923 204 deser dat ick serieutelijck presendeere

2737 1688 2187 202 gerembourseert te worijfen van den de charge

2655 1799 2277 191 brief ten laste de leden van vlaende ren vren

2680 1921 2247 177 t n ue op den selven geavanceert  6

2692 2026 2131 175 1721- dat twee saer haest onse gemaeckte

2704 2146 2044 185 conditie coemt te surnasseeren heten

2697 2245 2114 199 beslaet in geen redgn dat ick mj bayden

2713 2352 2218 160 staet vrad van myne lygen teeningen

2710 2461 2199 186 te conmen dissioneeren daer de

2702 2593 2179 188 beloeft en aengenoemen hebben un  1724

2717 2676 2176 207 te gacquisteeren ue is den persoon met wie

2717 2797 2123 214 ick gecontracteert hebbe ende vervolgens

2696 2912 2151 204 moet ue my rembousseeren. blijven de leden

2701 3032 2153 191 in mora gelieft ngoselen te soeken want

2691 3132 2203 215 ick pret endeere absoliutelijck myn canpiael

2649 3269 2189 187 mine negotie en pernusseert mij niet sulchx

2647 3371 2228 178 langer uyt tetige het en sijn geene remen

2671 3487 2174 151 nochte dspesie van eenige stspulaire maer

2684 3605 2229 167 een paeckt avancaement als op een wisseltif

2647 3691 2149 142 op tgot nochte vel, st nochte van

2673 3805 2210 91 ie appstaet en hebbe ick niet als ttampiene esteeten
