5193 3942
439 107 2058 140 t sicht 2 deser geaccepteert £100: mac nota

458 178 2085 186 der brieven die ue my in dese maent opgeeft. ingesloe

484 269 1877 168 ten den brief tien aaste heden door mij voldaen

457 374 1966 204 4 £ 100 a ƒ335:3 vlaems £176:5 waer voor

489 482 1418 167 mij gelive te crediteeren die ben

435 580 1955 256 Ghend B de saedelaerAdy 7 xber 1724

457 725 1866 178 monen laesten was dato 5 deser waer bij ue

458 863 2085 180 hebbe gesonden den brief men lasste door mij voor

449 944 2011 222 ue Raken voldaen st £100 aƒ 238:3 vlaemen

450 1093 2025 220 £176:5: ingesloeten noch eenen heden betaelt

444 1210 1881 209 st £200:10 aƒ£ 33:3 £177:2:7 waer voor

442 1312 1697 194 mij gelieve te crediteeren die blijve

423 1439 2115 267 Ghendt d de Saedelaer  Ady 9 xber 1724

479 1556 1949 232 op 16 deser hebbe in gesonden brief tien laste

438 1697 1946 193 door mij voldaen st £100: a ƒ35:3 vlaermen

445 1806 1998 181 £177:2:n en naert sluyten van den selven

457 1941 2036 181 ontfangen ne pussive dato 6 courant met rice

461 2041 1796 172 remises als op pater londen  sicht

461 2151 2007 215 geaccepteert 3 deser van £100- en le00

461 2253 2023 199 op 8 dato op uchielsens en Gilis die ue

431 2363 2098 193 ingesloeten met profest terigh sende alsoo

421 2476 2152 219 ditto messieurs he den hunne crediteuren hebben

450 2617 1894 205 geconvoceert. ick verhoepe dat ue bij den

433 2724 2129 171 trecke p sijn remboursement sult becoemen

432 2862 1996 159 dat van herten wensche te vernemen

445 2958 1396 197 en soo blijve

417 3024 2154 250 Ghendt JBBde Saedelaer1Ady 15 xber 1714

470 3162 2010 210 beijde ne missives 9 en 11 deser hebbe ontfangen

437 3309 2067 192 p laesten remise op de weduefl van heurck op

455 3397 2062 135 sichte £100:-: daer van voldaen ben. ick bidde ue

464 3500 2148 148 en taxeert my niet prompter advies nochte prompter

457 3655 2005 124 proiest en hebbe ue niet connen geven nochte

478 3739 1972 143 senden. dat heeft hem vrijdaghs savonrs 8 de sor

2809 65 2167 146 met het coemen der hollantsche brieven meldende

2826 142 1981 156 dat Pedro van Diependael tot Amsterdam

2813 283 1808 146 liet probesteeren, eerst geopendaert en

2830 361 2103 170 saterdaght k nomens ter borse alhier aengaende

2826 495 2051 168 mictielsens en hillis soo dat ick soo promipt

2851 584 1912 221 geweest ben dat ue niet voordersen cont

2847 714 1898 175 vraeghest van mijne particuliere kemisse

2869 813 2025 192 van over langen tijdt en mochte ich ue geen

2846 912 2149 201 paert geven. ick hoepe echter dat ue prompt

2862 1035 1624 158 sal weten gerembourseert blijve

2782 1130 2059 243 Ghend JB De Taedelaer Ady 19 xber 1711

2846 1230 2121 199 mijnen laesten 1 dato 15 court desen tot het

2825 1394 2124 196 op senden van den brief tnen laste heden door mij

2847 1498 2072 155 voor ue reken. voldaen van st ƒ100: aƒƒ33:2

2844 1602 2056 179 vlaems £175:16:8 waer voor mij gelieve te

2843 1730 1092 142 crediteeren die blijve

2815 1849 979 190 Ghendt JBDe Saedelaer

3993 1857 905 198 Ady 23 xber 1724

2783 1957 2180 168 op 19 cour. hebbe voldaen en ue gesonden brief tien

2844 2080 2195 193 =aste st £500- a 735:2 ƒ 175:16: 8 sedert ontfangen

2829 2162 2043 215 ue missive van selven dato met een briffe £100:-

2851 2299 2066 159 op Jean van Delft waer van voldaen ben ende ue

2832 2383 2134 186 eecrediteert foor geerne bij ue selve misse siende

2845 2496 2144 185 ue vant geprotesteert brigie gesebourseert weest

2847 2599 2108 197 dogh de periode die ue stelt en coemt met mjne

2867 2725 2182 173 thed logie niet over een: als ue met smant negoneerde

2845 2813 2111 195 en ick voorsagn dat ue myn vient en correspondent

2848 2907 2079 216 sijnde merckelijck schaede aen sulcken persoon

2822 3019 2148 182 sout coemen te leyden dan te adverteeren

2847 3124 2081 185 staen ick ue toe maer van alle remises die ue

2851 3235 2159 141 my sendt van de acceptanten ue te informeer ue

2862 3319 1979 185 dat looekene ick mijn devair te wesen of

2827 3436 2162 160 immers in conscientie te moogen doen want het

2838 3544 2102 198 is ne affaireg int afgeven te sien aen wie ue such

2843 3652 1492 196 fieert ende syne ponninger telt
