5215 3936
393 50 2005 190 Ick ue d. alt onden principael versocke en schrfve

379 160 2142 213 dat wij en ick besonden mijne gewanceerde penningen

399 284 1971 180 niet langer en can derven nochte uyt staen

383 383 2052 196 soo dat Ick verlanghe den de charge brief met

400 500 2012 245 Goder gratie p. persten magh voldaen worden

362 610 1860 203 ende betaelt wordende boois ne d. ons de

403 712 2001 177 vervallene intresten even wel schuldigh soo als p

388 798 2139 186 myne voorige ue genoteert hebbe van desn dechirge

419 919 1952 188 brief op vlaenderen een saer ƒ 2500- van dien

413 1022 2010 183 ot Brabant een jaer ƒ2000:- saemen ƒ4500-

409 1137 2008 162 die ick ue d versoeke te willen remitteeren

403 1284 1976 171 want et protesteere dat seer be otanten

374 1390 2076 159 verlaegh ben hebbende mijn gheel leven geen

390 1461 2084 185 meerder occasie van employe gehadt als desen

387 1562 2094 230 jaere ende daerom re commandeere het selfde

340 1687 2116 193 van herten. 1n verlangen en afwachtinge van ue

392 1794 2129 202 te vernemen dat miy te saemen van de se droevgen

373 1912 2094 185 en tachense aftairen p eersten een goet succes

390 2010 1863 196 ende eynd sollen becoomen. blijve

378 2116 2046 230 Ghendt J Bapte De Savelaer Ady 30 xber 1725

387 2256 2110 180 op 23 deser is aen ue mijnen laesten met den brief

381 2371 2077 151 brien laste t £100 - a  35:7 vlaems £177:18:4

395 2471 2054 198 door my voldaen ende versoeck ue ed. my gelsere te

386 2586 2144 164 remitteeren het provenie mijnver vercoghte goederen

347 2694 2040 162 sedert sonder aensgeper misslves ende het nieuwe

387 2796 1933 202 jaer voor de deur doet mij avanceeren om naer

395 2895 2142 192 gewoontes mijne rekeningen te sluyten en aen mijne

396 2997 2163 164 vrinden inne rekeningen courant te senden vervol

356 3120 2191 139 gens ingesloeten sjn dd sijne rekeninge rekeninge

371 3254 2172 123 courant waer bij sien sult en soo verhoepe daccord

385 3317 2197 163 bevinden my p saldo schuldigh te weten £108:15:- vlaens

388 3439 2197 177 soo als dato heden iue d. op nieuwe Reken sjne breken

401 3522 2187 205 debiteere versoekende het selfde van mij op nieuwe

385 3650 2216 156 rekent te crediteeren en het wel bevinden te adviseeren

403 3753 2177 94 het is te vreesen veele bij den continu eele tempeeten

2719 42 2138 177 ter yee schaede sullen hebben geleden en bij adreynde

2742 174 2203 179 des jaers slechte rekeninge tillen vinden daer hodt

2734 248 2238 196 in Ed en mij voor gelieve te behoeden, oock bij het niswe

2726 387 2214 137 aenstaende en volgende die ue in prospersieyt vaer

2745 527 2169 122 herten tot contentement e salighert toewen

2750 617 872 186 schende blijve

2753 699 2080 228 d gelieve tegrecheyt te hebben voor de nice

2783 824 2016 208 ingeleyde wissels op dh Gersellono de lebure

2809 917 2094 230 als stf £176:16 en £ 26:12 de ulspen te

2791 1052 2072 200 voorderen oft by faute met protest my weder

2773 1163 564 168 de lenden

2736 1279 2066 207 Amsterdam Frans Rousseau Any 20 xber 1722

2790 1406 2081 183 hebbe geer ne getien bij ue denits e de court ue

2785 1527 2190 202 geraetsaem hadde geoordeert en vervolgens ons geenis

2774 1610 2151 209 intrest in de twie schepen paenote grij ende de

2775 1748 2217 163 Boer hadde laeten verseekeren te meer de stornen

2749 1843 2194 209 sedert mijnen laesten noch swaerder sijn geweest

2767 1928 2056 212 als de voorgaende en ick van ue de geen verder

2761 2038 2137 164 advies nochte van hun arrivement iest hebbe

2765 2158 2236 182 vernoemen, ick hebbe by de laeste gasette van

2741 2239 2263 209 Amsterdam en haerlem gerefteeleert bij de noisties

2781 2350 2174 157 der ramien aen veele scheven over gecoemen

2788 2463 2142 190 datter ontrent datmonth een schip met wijnen

2777 2599 2124 151 was vergaen uyt vrankrjck cvemende ende bij

2758 2660 2087 206 5lants eynde oft lasard insgelyckx een hotlains

2780 2821 2232 152 schip sonder te weeten wil oft van waer het qraet

2782 2889 2125 162 dat mij doet besaeht wesen oft het wel een ide

2762 2968 2237 200 onse twee bevengemetre waere want waeren

2785 3095 2187 197 de selfde seylee volgent ue . auvies soo soude

2761 3203 2249 180 het bij naer een wonder wesen dat die schepen dat

2782 3298 2240 190 vervaerelijck weder souden camdemen sje godt

2744 3435 2262 169 keere alles ten besten en verleene icn wint det

2748 3504 2101 198 van mijne sueere redaclten dien aentaende

2760 3627 2204 132 magh om commert worden ende gelieve de

2787 3690 1544 182 bavee schepen salvose brengher

4737 3763 50 89 d
