5215 3975
405 61 1952 203 Amsterdam Franc Rousseau Ady 13 xbre 1723

469 155 2012 196 de drij ue de mistives 9 2 25 past en 9 deser sijn mij

385 298 2124 175 wel geworden waer by niets presseerende vindende

318 381 2052 193 hebbe goet gedaght met occosie te beantwoorden

457 484 1815 199 te meer ue dee genochtaem te kennen hadde

439 600 2006 178 gegeven dat ick en mijn sehoon moeder voor dit

446 688 2121 203 mploge ons niet hoogher en sochen te engageeren

444 784 2015 206 sekreffecteere bijde gesondene calculatie dat ops

438 893 2019 181 die willen vrij wat hoogh in prijs sullen costen

453 995 1981 183 alhoewel niet en dencske de incosten indt soo

428 1082 2048 195 hoogh sullen monteeren oock en weete den prijs

463 1200 1851 184 courant niet wat die soorten present a com

452 1298 2003 180 vercoght worden dat met occasie versoeke ing

440 1419 1998 129 sentt te noteeren tot mijnder speculatie oock

462 1503 1982 174 sien ick te gemoet dat het jaer verse geavanceert

444 1620 1937 167 sal sijn alvoerens wij die partije in hollandt te

440 1709 1935 176 verwaghten hebben mits tegens het eynde van

460 1806 1996 189 ehigmen maer 33 baelen tot Bil badwaeren en

427 1892 2067 220 het in september soude weten alvoorens de andere

452 2051 1958 164 stonden te volaken. men moet pattentie

422 2105 2039 182 hebben. en ue d cau niet meer doen als ordre

314 2212 2177 209 geven hoepende die iunisneel sal achter volght

429 2327 1921 170 worden ende de vrinden geen gelegentheydt

433 2423 2006 143 int afscheepen en sullen manheeren ende

422 2566 2015 157 de parge p. diversche schepen voor den visce

433 2620 2071 211 verdeylent: aengaende het doen van de asseuran

398 2739 2061 190 ue d. gelieve te considereeren hoeverder het

427 2881 2015 170 saisoen advanceert oe meerder den risico der

430 2949 1956 192 dae angmenteert want de maenden sber

436 3073 2040 210 aver eu xbor l manquement vou roct

432 3162 2123 181 vrisende weder aen tempeerten ordrnair suiet

416 3284 2078 202 wesen en neenighmaek conbedaghte rampen

443 3370 2057 159 causeeren: het is waer be goet weder en

385 3482 2115 156 dienenden wint ist een haysie vaer weynighe

429 3603 1817 184 daeghen daerom laeten wij dit voor

442 3694 1853 146 dasses ransie soo wel als de directie van

2704 75 2224 159 incoop en vercoop gants en gheel aen ue p goetvinde

2770 218 1945 156 biddende voor das soo als voor ue deen srnt

2791 289 2063 177 rehen magh geschieden die niet en twijfele oft

2747 403 2182 167 heeft aen ue ld. daer toe ordre gegeven dogh in gevalle

2780 520 2157 209 e Ed en sijn vrindt selfs den risico sonden loopen

2756 632 2139 176 soo soude moeten andere mesures nemen alsoo

2787 726 2059 225 scv en mijn schoon moeder sulckx niet geraeden

2790 919 2150 144 en vinden voor ons naert ick verneme oock geene

2779 947 2111 217 wat ditto ue vrindtd h. Joseph housals gesetet

2718 1059 2176 218 =deert en ue d geantwoort dat hebben op ue an

2774 1185 1991 216 out gegevene cordie van generaet de wollen di

2758 1284 2127 224 Amsterdaem af te schepen ende aldaer door ue di

2746 1416 2150 210 te laeten verloopen voor de 37 baelen reeet tot

2755 1501 1959 222 biltas gearriveert n faeiel gebeurendat d

2730 1615 2203 228 afgelaeden eent schip vollaeden sal wesen en vertrocken

2717 1733 2094 229 alvoerens ue het connossement sal hebben en bij

2714 1839 2206 217 goeden wint est claere maeken schip overcoemen

2701 1946 2142 226 soo dat in sulcke affairent ue beeter sijne mesures

2717 2058 2181 222 can nemen bij het becoemen van advies als ick ue

2731 2193 2171 205 can het mijne communiceeren daerom gelieve

2737 2310 2192 161 te doen als voor eijgen en met schelyckeide cai

2751 2434 2112 154 te nemen want lalt de schepen in ecughe

2780 2491 2093 191 blijven legghen ende tardeeren en met winter

2779 2633 1965 143 faisoen moeten overcamen hebbe liever de

2760 2705 2149 150 volle asseurantie te betaelen als om cen prensio

2788 2819 1961 142 van 2 prete dusdaenighe risico te loonne die

2740 2902 2123 148 sulckx negotie behoorde te connen ngtsoen oft

2709 3009 2065 154 anders waere het de moeyte niet weert die be

2747 3103 2062 147 ondernemen verweghtende advies van het

2738 3220 1495 148 passeerende blijve met respect

3893 3228 903 251 adj 18 dbe 1721:

2696 3300 947 185 Ghendt J de Saedelaer

2674 3429 2219 121 met ue missive deser becoeme remise ops b Jan

2644 3519 2140 162 Aelfano op 9 ditto den laesteer dagh van 325:18

2674 3595 2263 137 wisselgelde waer vaer voldaen ben en ue de gecredit

2687 3748 2160 135 seert op syne Reken en 53:13:- wisselgelde
