5236 3968
198 82 2223 217 Amsterdam Franc Rousseau 3 Januarir 1728

240 194 2202 229 diversehe van ue missves sjn door mijne broeders

332 330 1945 186 aen ue het sijnen tyde beantwoort alsoo de

299 453 2110 192 selve ons driert respreseerden. alle speculancs

291 539 2131 230 en onse poogingen sijn vrachseloos uyt gevallen

301 641 2132 203 echtert soo beeter als schaede te doen ick hebbe

314 760 2119 214 oock onder vonden selts be het weynich incoop

292 894 2154 207 van thee dat men sich op geen maekelaersen

303 1008 2128 168 behoort te vertrouwen want hij en heeft tot

281 1087 1925 205 sulcken prijs van niemant oeut ordre a

281 1177 2099 212 commissie gehadt dat aen het parsteijken

308 1299 2108 225 schaede sal wesen en can niet oordeelen

293 1410 2132 197 advanie van considerasre en sien ick niet te

309 1522 2089 265 gemoet Godt gelieve eens savorabele doccasie

303 1659 2128 199 te verleenen op dat wij te saemen iets van

302 1733 2148 269 consideratie moogen ondernemen met vrnght

299 1906 2138 253 bij ne aengenaeme d4 past. hebbe becoemen

301 2001 1906 219 mjne rekene courant die d'aceord hebbe

297 2101 1992 286 gevonden contoren gesloeten en ue di op

298 2249 1884 211 nieuwe gecrediteert met £19:8:5-

1778 2402 317 126 dj 10

283 2419 483 177 blijvee

245 2477 1942 245 Mendt Jo de SaedelaerAdy 16 ditto

314 2562 2147 213 ue missive dato 14 courant hebbe wel ontfangen

306 2713 2150 192 met twee remises als op et sex ander van Pemme

289 2784 2125 234 4d sicht pr Casse £182:9:6 en op Pater lowden

294 2902 2074 240 10d sicht £100:- waer van acceptatie hebbe

329 3024 2135 177 gevoordert van de doy brieven door ue geaccept

328 3124 2005 245 geert bj mij addres maeke nota sijnde mij

330 3225 2105 245 aengenaem ue sijne Reken courant wel hadde

321 3338 2011 218 bevonden en met mij daccord gesloeten ick

338 3429 2131 233 wenste wel soo geluckigh te sijn dat sck mijne

331 3541 2138 221 reken van goederen en uijn bekend courant

347 3670 2122 160 onder ue oock sonde lusten ick recommandeer

323 3762 2017 122 het ue seer eynstelijck hieronder de wissels

2574 127 2243 167 soo laest gedaen is alhoewel daer seer weynich

2559 213 1475 201 staet op te macken is. blijve

2547 315 2240 191 tournaye  besaultre Ady 16 Janvier 1723

2584 462 2298 209 le vour ayt escript le 5 du courant. s'espere quelle

2603 580 2212 202 vous sera bien parvenue et nayant responce

2591 731 2246 189 que vre grace jaurie trouve d'accord  somme

2591 831 2237 213 que jay bon de ƒ 393:13 de change de duis les ports

2576 941 2211 232 des lettres ƒ9: de change a la veufve s. donne

2554 1090 2306 186 avec ƒ50: courant moder a ion pour les stevenar

2578 1215 2169 211 en suitte a la speaitication que je vous es ay

2572 1336 2149 218 envoyce p consequince celle ey pour cedvis

2577 1450 2240 238 que je tire cejourdhuy en ma feule lettre de

2560 1584 2224 208 change dans jours de datte payable a lordre

2525 1705 2289 241 le s. Pierre lee la ditte soomme de ƒ393:13

2546 1843 2223 221 de change vous priant  faire honneur

2553 1963 2118 241 ce sera pour colde de tout compte. ie suis

2538 2123 1197 162 et Lerny tousjours

2544 2196 2182 253 Gheudt J6B de Saedelaer Ady 20 Januarie 1723

2571 2356 2289 203 ue remitteert mij met syne missive van 18 deser wisselbrif

2600 2475 2209 159 d sicht op Godefridus marsille ƒ1200:- ick hebbe op

2586 2586 1842 191 gisteren d'acceptatie becoemen. brijve

2536 2708 824 149 vrachene Jan de laet

3695 2694 1043 176 Ady 21 Januarri 1723

2584 2822 2264 143 Ick en twijfele niet oft mijnen brief van 4 jlis heeft ue hetsijnen

2545 2890 2262 171 tijde wel ontfangen ick hebbeue daer by te hemen gegeven dat de

2551 2997 2272 168 gestipuleerde drij jheren gepasseert sijn vervolgens dan ick ue

2534 3071 2261 168 derente opsegghe tor bij pree pret redeerende naerder

2550 3203 2240 113 besehoft uff bante nipote que dat ue p desen confrimeere

2536 3284 2304 128 opdat ue van geene insinuarie sich soude connen excuseeren

2541 3371 2290 126 sckenhadde niet getwijfeldt oft ue soude naer ven oots hebben

2570 3449 2238 165 overgecoemen en mj satissfactie gegeven hebben en mits

2565 3561 2041 146 ue tegen voordigh geen excusie en cont hebben soo

2562 3623 2192 162 versoeke ue minnelijck soo desen anderenael mij de selfe

2558 3734 2240 123 iet ter winneer te coemen geveen alvoerens ick gedevongen

2557 3798 2248 107 worde eeft den rechten te ageeren dit ver waghtende blijve
