5215 3936
447 49 2126 192 van 13gb: waer voor my met £65:6:8 gelseve de

459 153 1982 182 crediteeren ue d seght wel de negone noeyt

436 269 2150 162 slimier can wesen oft bedoght worden

432 376 2092 190 Ick hebbe daer van de preuve soo wel als ue

450 469 2132 168 en wenschte wel mij soo diegk in diversenegen

455 585 2161 182 niet geintresseert hadde vat wercken en weyenge

446 699 2076 176 vsuchten sien ick te gemoet. godt gelieve alles

469 810 1961 170 ten besten te heeren stul weetenen niet s

448 897 2104 258 risqueeren schijnt bij dese ceuwe het gerute

459 1014 2088 176 en favorabelste te wesen doch sie e negotie

445 1125 2170 264 gegnaeckt is schijnt het dan moogelijck sich

441 1248 2029 197 tetaprakeeren: ick groetene en blijve

794 1405 197 92 2216

404 1392 2094 221 Amster Franc Rousseau Ady 21 febru 1722

503 1522 1947 221 In antwoort ner is aengenaeme 17 deser

451 1619 2050 217 dende de twee wisselbrieven ten laste de wed ue

446 1749 2141 226 Jan stephen van bruijssen ingesloeten geaccepteert

462 1844 2068 178 aengaende myne commissie voor den vercoop

433 1951 2028 203 dor Engelsche Cosnd. comp tenes mejne

438 2041 2113 224 my genoechsaem geexpliceert hebbe en ue ede

457 2152 1942 198 daer van genoechtaem mijne intentie

461 2272 1947 170 kenbaer is soo dat men moet aensien

484 2386 1956 184 ende de foriine afwaghten als mede der

468 2488 1982 150 wollen het is het gene ue ees can melder

444 2589 1829 207 dat van herten ben in alle occasien

410 2682 2128 239 Ghendt J De Saevelaer Ady Pomeert 1724

451 2805 2113 187 met ue aengenaeme d5 past hebbe ontfangen

454 2913 2049 173 ue remise ƒ500:- op miechietsens en hillis waer

472 3013 2169 155 van voldaen ben en ue d op syne rekent gecrediten

483 3140 1984 150 hebbe £83:6: 8 ingesloeden brief sijnde den

480 3237 2041 180 seconde door ue geaccepteert det mij voldaen

492 3314 2149 176 ende gequittantieert op dato heden van i ƒ 130

500 3440 2142 179 ae ƒ31:8 vlaems £867:10:- waer voor 5 dde

500 3568 2173 173 mij op ditto sijne bieken gelieve te crediteeren

474 3688 2180 118 den prima en is my niet avergelevert gelefte

539 3766 2023 115 ue den selven sal die in voorderen alhoewel

2785 95 2202 100 op dat seconda door ue geaccepteert de betaelinge

2807 160 2163 121 niet en hebbe moogen weiggeren tot ue goverus

2818 252 2179 162 verders ontfange ter oorse ue missive van gisieren

2803 361 2006 149 met croespie van drij brieven toen lasseljuesy

2811 422 2179 149 addres dese maens vallende waer van nosa maeke

2820 534 2009 117 ue  d versoeckt mij van £20 £400 te willen

2791 651 2138 151 advanceeren ick eebbe over maenden no dete

2803 733 2219 181 kennengegeven sulckx in mijn maght nochte van

2798 854 2205 137 mijne convenientie niet de wesen ick moete alles

2800 958 2120 129 inspannenen forceeren wat in meyn emaghhtus

2803 1040 2012 186 oft mijn selven te maittineeren ick hebbe

2817 1127 2185 194 doeghelijckx mijne ballanca voor my ende vinde

2809 1254 2218 151 lij soo schaert van contanten dat meenigh mael

2805 1360 2021 180 geen £400:- daeghelijckx den mijnder eygen

2820 1475 2208 172 disposine caliuleere niettegent geinge

2771 1556 2264 195 leert den soo bij onse bestind at ander

2805 1657 2179 205 particuliere compag imen myn contgent a

2764 1767 2132 194 demande te couraseren Ick hebbe jes leven

2827 1880 2201 188 geen geldt ofp de posite gehadt ende daer traghte

2775 1988 2235 208 Ick my van te vermeyden maehijue doorggents

2802 2111 2227 133 op mone employen staet waer van mij de leden

2805 2205 1984 182 vlaenderen g eene cleyne preiudicie hebben

2791 2278 2145 183 toegebracht daer soo en mijn eygen als onder

2814 2414 2093 190 andere haere rekensngen mereleelijck bj ben

2804 2515 2188 214 geintresseert ditto affairen is soo wel a cosy

2805 2628 1998 169 als alhier bekent soo dat ue de dooy moete

2812 2719 1989 202 excuseeren ende de goodighe speningen

2793 2860 2232 129 tous nieren: het is my leelt ue e sich soo deseert

2757 2933 2258 133 heeft ick hoepe een avenscht het van geen gevolgh

2779 3043 2093 127 magh wesen ende het is my leet ue dde

2803 3119 2197 136 remedie voort queen van schienen soo wel als

2808 3222 2180 182 ick niet gekent fa heeft ue en soude noch die toors

2803 3306 2232 141 noch chiragient noodigh gehadt heben u sulcke

2813 3449 2199 152 gevallen en implogeere ick die niet et moet

2796 3497 2196 150 maer instantelijck het gegpeisse been ift scheen

2798 3601 2050 159 met cigveren franschen waer uyt wesschen

2790 3729 2165 155 ende op de wonde een stuck iudiaens racupier
