5197 3942
564 56 2102 189 ende dat ue my geen andere en sult toete

556 153 2127 189 daer hebbe iet in dienreganrde mijn betrowee

578 275 2075 203 op ue goetheydt oock dat ue in die occasien

585 386 2070 182 alles wel registreert dogh het is sechers dat ue

561 489 2114 174 in de certificatie geen mentie en maeckt wel dat

557 600 1929 184 die parceettiens lants hem toecoemen n

566 706 2029 187 eijgendomme maer datte niet becomment oft

599 817 1851 171 beslaeghen en sijn daer en maeckt ul geen

577 913 2089 197 mentie van gelijck ue dat connen sien daerom

557 1025 2062 156 versoeke de goetheyt te hebben vann mij die te

562 1136 2114 158 senden als oock een extrachen van den accorde

556 1237 2087 173 bij hun met hunne moeder gemaeckt. hier nevens

539 1348 2101 183 de minute op welken voet ue gelieve den renten

555 1460 2152 176 brief op te stellen en behoodelijck te laeten patteeren

547 1575 1964 163 ende te enregistreeren en met de vooret

560 1667 2079 206 versochte doennenten onder ue antwoorte

561 1767 2092 186 couverte soot ue gelieve mij door ditto Banouin

545 1872 2089 198 de westelinck toe te senden de hipsteque is chiyn

538 1984 2093 154 dencke het roede parceelen lants sijn en suffisant

556 2128 1987 183 my op ul geetheyt betrouwende blijve in alle

563 2237 461 177 opessien

1768 2302 805 185 Ady 5 meert 1725

532 2328 946 208 Ghenst JBove Saedelaer

561 2421 2018 155 en antwoorde op beyde ue missives 28 paste

555 2544 2023 185 gisteren dieue dat voorleden donderdagh den brief

575 2648 2054 185 op Leonardo de voghel en soon vanco ƒ 1000:- als

538 2727 2135 203 ner advance hebbe ingetrocken en ue met £166:17:6

549 2856 2078 162 gecrediteert en heden de banco ƒ600: op william

523 2947 2087 193 dehaephuysen part. maeke nota der opgegevene

543 3055 2082 164 brieven ien lasse bj mij addres. het gaet met de

555 3174 2106 154 wisselop hollandt shapper en slapiper. in courant

531 3286 1867 124 4½ avr verlies voor de brieven blijve

1887 3352 730 162 Ady 7 meert 1725

508 3344 861 181 Ghendt de Saedelaer

525 3438 2072 153 op 5 deser wasi aen u d mijnen laetten desen alleen tot

515 3597 2108 79 convert van den in geleyden wisselbrief tien laste heden

538 3652 1937 117 door my voor ue Reken. voldaen st £200 - a ƒ333:2

537 3694 2100 187 £31:13:4 waer voor mij gelieve te crediteeren die blijvee

2802 57 2095 195 Dandermonde Francois Ceraerts Ady 9 meert 1725

2863 190 2032 174 Ick hebbe met groot gevoelen en chagrin ontfangen

2825 344 2121 150 ende gelesen ue laeste missive 21 pass. uyt Brussel

2833 427 2118 180 gedateert ben genootsaeckt geweest die voor daeghen

2844 537 1948 163 on beant woort te laeten seggen om te connen

2839 639 1967 190 ontgaen extravaganties en mijn recht maetigh

2861 746 2154 196 gevoelen niet cryt te drucken hoe cont ue my metden

2877 840 2154 198 ick en cander niet tegen met dus daenighe expressiens

2862 963 2056 159 ick niet betaelen nochte en verstaen niet

2842 1065 2188 199 gch andelt te worden het is ons denghdelijck van ue

2828 1185 2086 197 coemende soecht middelen om ons te betaelen

2861 1286 2066 206 gelijck ue voor andere heeft moeten doen ofte ick

2831 1406 2032 181 moete andere weeghen instaen mij il bekent

2877 1507 2110 158 dat ue over maenden assignaies heeft geeregen

2869 1610 2045 185 over de hondert endersigh mille engij laet ons

2845 1738 2015 159 met den decharge brief sitten en retureert de

2855 1818 1875 181 gevalle intresten te voldoen ick wille eynde

2848 1932 2149 157 verseekeringe ende voldoeninge hebben couste quil

2851 2033 1423 179 couste tot ue governo blijve

3579 2133 832 146 niet voortsgegaen

2796 2185 2189 209 Dendermonde francois Leraerts Ady 10 meert 1725

2840 2337 2064 180 in antwoort van ue missive 21 past. gedaghteekent

2823 2443 2183 150 uyt Brussel moete ue met gevoeden segghen dat ick met

2851 2575 2147 168 en begrijpe wat ue voor heeft om soo de ageeren ende

2850 2654 2075 169 te segghen ick en cander niet tegen hoe coemt dat ue

2851 2740 2022 193 heett voldaen dhr Schilders am Suis ende besorght

4294 2874 64 71 &

2863 2850 2125 178 aen Dheeren du 3ois ende de henvelt in op hun

2852 2960 2187 163 die lanck naer de onse sijn dat dh Pochur namelincske

2891 3061 2107 199 geldt heeft becoemen ende daer onsen de charge brief

2868 3180 2173 188 van  voor den hunnen is sijnde dato 29 mey 1720

2885 3278 2192 169 niet een en ftrijver ja selfs met de gevallene croiden

2878 3393 2095 143 tot 31 Julyi laest volgens de Rekene ue overgelevert

2853 3501 2149 182 in mora blijft ops te voldoen. mijn heer, ick geve mij

2880 3603 1994 181 deere ue te segghen dat het dereden surpasseert

2873 3679 2140 152 ende dat wij ons positive niet langer met woorden

2878 3752 2165 140 en belofrens die nu jaeren geduert nebben sullen laeten
