5215 3942
409 76 2170 161 siplacken oft oorlegghen: mets gaet en staet end

427 155 2188 187 doet sijne affairens sonder ingemaedende dat

463 240 2108 243 geneeft sonder in commodement oft perssel

437 365 1896 205 van die soorten ben ick al tijdts voorsien

435 487 2079 210 dit is is bij ue de last ende en magh ue in

409 573 2144 249 dirgval niet meer gebruyken: voort

462 669 2058 229 tochaemende het sy men oft mens vrindens

457 791 1922 255 dienst sal ick ue lis wel een geschrift

469 896 2103 218 nevent het voornoemm de passpier toesenden

440 1008 2090 209 de hont slaegers vellen doen het selfse ofteet

430 1130 2130 179 doch her udiaens packkpier geet seakerderen

429 1244 2020 242 geneest haester tot ue governo daer en is

450 1368 2100 182 onp hollandt in wissel sedert geruy men tijdt

437 1450 2118 229 geen veranderinge banco j advance voor

428 1558 2153 237 den riet courant p allp schade blijve

433 1688 2032 237 Ghenyt B De Saedelaer Ady 8 meert 1724

475 1840 1942 192 Au6 l auiss ve dato 4 deser remitteert ue

416 1940 2194 194 mij voor sjne rekent twee briefies op Amste

489 2038 2045 218 die maendagh hebbe ingetrocken in waer voor

472 2157 1858 157 niet als hett ue advance hebbe connen

483 2262 1940 202 bedinghen hebbende van s morgens tot op de

471 2355 2027 216 verse by het laeste opgehouden en als diey tot

477 2478 2083 190 afgeset wordende mij naer daim algaende

477 2546 1980 264 geboeden dat niet en conde verwaghten

462 2680 2036 187 als wast mijn eggen intrest geweest voor soo veel

467 2785 2047 223 partijen part sijn gedaen en oock niets boven

444 2886 2165 205 thejt soo dat ue voor die op Jasul einershagen

474 2994 2071 211 ƒ886: 4 vlaems met £147:13:6 ende dat op

455 3120 2043 163 de weduefacce stament ƒ300:- met £50:1:3

465 3223 2118 167 hebbe gecrediteert oj daende conforin de anno=

478 3348 2091 195 teeren ingesloeten den brief prek laste heden

488 3444 2050 197 door mij ingetrocken en voldaen voor in

496 3577 2022 161 reken van 1n £200:- 233:8 vlaems

510 3633 1767 212 £173:6:8 wae voor mj gelievet

566 3735 1975 140 wediteeren coemende toot ca   ue

2758 67 1983 115 dato 6 deser en can ue  verer en

2779 169 2153 131 antwoort meeden als met mijnen laesten

2806 249 2197 164 gedaen hebbe want gelooft mij alseerlijck mee

2783 340 2084 196 dat ick opmoogelijck niet doen en can door

2788 453 2231 179 mijne stercke engegement  daer contianeel

2799 557 2156 176 voor moete penningen founieren soo dat

2787 669 2014 198 ue d my sineerelijck moet remitteeren

2796 763 2125 174 en Lonnuren Ick ben voor hollands 6y

2774 870 2259 168 diversche eutre prises en uytreedingher geeneert

2795 989 2175 196 in partijen wollen van spagiien ontboeden

2772 1109 2097 202 h compr met hollant salie vrinde in onse

2796 1212 2055 209 uymeedinghen particulier als oock  de

2776 1348 2220 186 compt en andere soo dat ue in deveersteyde

2787 1481 2130 137 moet den nemen dat ue affirincere en

2790 1572 1477 185 schrijven blijve den haeste

2787 1681 2167 191 Amsterd. Franc Rousseau Ady 9 meert 17214

2843 1771 2141 166 met ue aengenaeme 6 deser becoemede Rekene van

2793 1908 2152 148 incoop en oncossen ter aflaedinge tot Bilbarde ƒ53

2829 1993 2183 147 baelen gegovia wollen die nevens donder gesondeue

2813 2093 2225 133 appaert houde om ten eynde eerst sekeige in forma

2791 2182 2244 165 daer van te formeeren echter is dese geene rekeninge

2780 2286 2158 136 soo als met gewoonis van spagnien daer van te

2812 2409 2216 131 senden waer op menciria 4o prets oncosten re keen

2795 2464 2046 188 soo als luyt mijnedinformane ende de dese coemt

2813 2569 2217 163 tussehen de 44 a 4 ¾ prise en voorsouveel de sepriige

2799 2687 2253 140 can gesoeckt en gesaldeert worden dende gelincfreseert

2800 2780 2191 169 ende vercoght soo en can ich bij ue pb gesondene

2797 2882 2242 134 notitie uet vinden te accordeeren dat disso 33 baelon

2803 2974 2194 175 segovia wollen ons souden 1s preso renteeren dogh

2787 3074 2225 147 alsoo dese entreprde tot eene preuve s onsercoemen

2803 3177 2127 127 soo wille het eynde sien en afwaghten aloeren

2812 3265 2058 152 te repliceeren ende de rekeningen te brecken

2809 3368 2128 143 te meer alsoo het eene saeke t b& det geene

2798 3482 2169 98 verant woordinge schuldig ebbeude achter

2802 3549 2097 133 niette min geene de minste inde daer over reg

2819 3606 2222 208 questie te moveeren tot ue  naersight gaende

2799 3742 2129 125 in alles speeulauve want wille verhoemen
