5215 3957
386 67 2187 123 tot 4 prese courant maer voor drij jaeren op

419 186 2134 166 ue rehten op vlaenderen is ge contracteert ue is het

399 258 2097 200 vierde jaer derselten gevallen op 7 sber van

409 375 2026 164 ƒ842:- sehnedigh ende en betaelt naette de

408 456 2117 193 erdisen nocte en coomt het cappisael volgens

421 577 2122 192 ue belofte te rembourseeren soo dat ick verobligeer

392 684 2157 212 sal sijn ue opte seggien tegens ba prese en maerder

426 782 2116 219 hipoteque ofte bedet te pretendeerten: verderaden

430 897 2002 203 intrest van den de charge brief ten laste de

416 1012 2142 225 leden van vlaenderen is sedert 26 sber gevallen

399 1120 1967 212 van ƒ50000  a 5 prese ƒ2500:- als mede

412 1236 1933 209 en jaer intrest gevallen 5 deser van den

400 1334 2058 227 de chaige brief op de staeten van bratant

414 1456 2080 235 asgelijckx van 10000 a 4 prete courant

430 1576 2055 199 ƒloob soo dat w ons alsoni van croisen

379 1680 2107 232 Schuldigh 1s courant gelde ƒ5 48: wisselgelde

440 1817 2002 232 £369:2:10 die ick provisi onelijck versocke

411 1942 2046 245 posmet my gelieve te remitteeren sijnde een

415 2053 1990 256 gevallen schriedt die wij alleen ten en laste

424 2150 2091 202 connen pretendeeren ende voor de capitailen

417 2288 2100 144 ons te willen rembourseeren want dat ghet

412 2396 1980 198 te veer. ick laete het ue considereeren oft ick

385 2493 2152 183 sal mede verobligeert wesen acn var bjs

417 2603 2144 231 in te stellenmet pretetip van valschipoteque oft

408 2727 1864 216 naerderen seeker oft suf san bedet. ick

1662 2832 100 96 21

394 2823 2081 202 verwaghte van eijndelijck ue a in antwoort

427 2950 2090 183 deser niet en sal mansieeren aen ditto myn

387 3054 2082 227 redelijck versoeck te voldoen op het wesch staet

392 3166 901 235 maakener blijve

365 3267 2094 236 Ghepdt JB0 De Saedelaer Ady 17 xber 1723

405 3402 2090 201 ue remitteert mij met sijne nmative dato 15 court

405 3525 2151 166 voor syne Rekene van 7 deser 8p dato p Pierte

405 3665 2021 141 Pze £150:- wisselgelde die geaccepteert heeft

425 3727 1875 152 sullende voortinvoorderen de noodighe

2749 48 2114 177 sorghe draeghen biddende het versochte met

2773 161 2167 174 mijne voorgaende my van mijne reken coemende

2785 235 2131 161 voort saldeeren te wil in remitteeren ue sal

2762 379 1367 175 ij verobligeeren die blijve

2740 449 2057 223 Brudsel Braes comnis Ady 17 xber 1715

2754 565 1179 164 van deh ontfanges Ceraert

2773 659 2165 173 Ick hebbe beyde en missives uet den naem van dheer

2782 773 2132 191 francois Geraers mij gescrreven de dato 14 u 16

2792 886 2112 131 courant wet ontfangen aengaende den eersten

2778 987 2201 197 id ordre gestelt tot Brussel de betaelinge van den

2742 1097 2019 172 dachange brief van 15  ten laste d2 heeren

2776 1223 2227 135 staeten van Brabant te solusteeren en in betaelte

2750 1308 2215 176 =ge te aenveerden soo haest en oock de alsighanis

2778 1397 2117 151 die den heere haetfier van den Brock daer voor

2762 1511 2160 200 sal gelieven te depeescheeren het sij op Brussel

2758 1618 2141 222 off Antwerpen conforin de orde die ue my ieyt

2757 1777 2278 183 aen naeste van Ditto heer ferverts heeft gelieven

2752 1862 2168 207 te ordonneeren: p. ue tweeden remitteert ue mij

2786 1986 2203 208 op dh. ontfanger Rouvoet van 16 dess dato

2736 2116 2245 220 ƒ842:- courant  ordre en voor retant

2769 2208 2186 251 Thur Eera principael voorseerevz waer

2760 2357 2208 194 van acceptatio hebbe gevoordernt en waer voor

2758 2467 2227 214 verders de noodighe trjkt sal draeghen sa

2779 2583 2024 173 dh: Geraer ja Cosy tout te retourneeren

2799 2711 2143 205 soo dat hem op dender mordj niet en schrip en

2837 2828 2161 205 verhoepende sijn de verdens als antwoor=

2852 2907 2166 241 den s tgent het fersoene  al remitteeren

2717 3035 1389 195 en atweghtende blijve

2719 3098 2184 261 Amsterdam fant Rousseau Adj 20 debe 1721

2746 3265 2273 186 ue d mij altijdts aen genckeme  eege commen hebbe mel

2728 3405 2239 166 ontfangen met de rep van de geee assrande

2748 3493 2255 143 ep die twee schepen daer bij vermelde op de wollen e

2745 3604 2190 158 bij voor onte gemejne rekene afgelaeden die volgens

2738 3656 2227 132 ue bacemen adviesen . seytreeden waeren soo dat

2741 3798 2120 62 mij verwor die noch niet ge arriveert waere
