5211 3994
223 87 2175 172 my niet en coemt te remitteeren voorsoo veel ick niet

190 154 2179 215 doen can als toekoemenden donderdagh afsenden

255 277 2166 180 en noch eens in provisie vervallen ick geve my

219 359 2141 190 deere ue te seliifteeren als directeur mede van

247 474 2145 206 onse aenstaende oostindische fomm. Godt geve een

261 604 1281 219 goet succes ben van herten=

196 707 2174 216 Amsterdam fran Rousseau Ady 11 meert 1713

251 808 2048 200 hebbe den inhour van ue Ed. missive dat o8 deser

255 922 2107 201 wel geconsidereert: de saeke wort aen ue directie

260 1036 2090 204 gelaeen daer wij ons gants aen vertrouwee

250 1146 2099 238 Godt gelieve onse entreprise te tegenen ende te

255 1247 2102 256 favoriseeren doch voor de preuve en soude my

275 1346 2148 193 niet geerne boven het gemelie van crreal so0d

275 1472 2145 210 intresieeren met mijn schoen moeder ten waere

271 1581 2110 187 myne broeders van resolutie veranderden dat ue

258 1684 2039 183 maendagh toekoemende posiniet sal laeten

261 1777 2057 206 weeten  provisioneelijck isst mjn schoon moeder

262 1927 2029 144 aengetsaem ue van haere geemployeerde

270 1975 2160 224 penningen cont disponceren ende 1s dese negone

241 2086 2172 214 voor haer doer gebruyken mits het daelen van

246 2221 1951 133 de wissel vinde geraessaem een soost te

295 2329 2055 160 ditayeeren heden banco 1½  14 courant

301 2427 2048 179 M. London a usof  354 tovce riefses die

297 2524 2117 224 onder my hadde sende ue ingesloeten op reken

309 2627 1980 193 als van 5 deser gevallen neden over shier

302 2803 2066 134 addres ingembergh en oseh £206:4:

271 2856 2088 235 banco £503:19:3 die op ontfanck gelieft te

283 2960 2037 263 laeten in voorderen en van 2 sebrye us

284 3109 2129 230 op Dhr Raphael Mendes de loste £220: a119

287 3220 1759 226 Banco £104:1:8 ben van herten

210 3337 2093 257 Gheust JBapt Desaedelaer ady 11 meert 1723

294 3458 2074 194 mijnen laesten is 6 deser de wissel op hollands

287 3565 2157 202 en Engelandt is aent daelen dat gaet gevondeen

307 3758 2043 142 hebbe ue in deserte adviseeren als beenes

2613 104 2255 139 op Amsterdam heden gedaen van 1½  a1 ¼ p

2634 188 2111 191 courant 3¼ a f London 2 usos 35:4 echter

2614 318 2219 188 can ue proportioneel den cours in ban co enige

2627 440 2184 196 brieven becoemen ick salte sonder courtagie

2615 546 1932 185 in mijn eygen aenveerden alsoo partije

2602 673 2239 161 derrewaerts voor mijne rekene present moete

2639 743 1392 207 remitteeren: ick blijvee

2607 837 2089 261 Ghendt J Bde Thedelaer Ady 17 meertt 1713

2588 975 2183 205 kaer dat o n cort hadde geschreven onfangen

2644 1118 2156 172 ue edimisseve selven dato met trwee rempies als ƒ900:-

2635 1225 2214 141 van 3 deser 2a dato et Jan van Delft en op de wedue

2596 1342 2224 204 Jan Parel van heurest  sient £100:- waer voor ne

2592 1437 2208 169 acceptatie al voorderen ende de noodighe sorghe

2647 1549 2205 188 draeghen ingesoeten een briefke om dehr william

2657 1659 2180 171 de febure van st £40:- waer voor acceptante

2639 1769 2094 209 gelieve te voorderen en mij met occaste te

2599 1858 2227 199 renvoyeeren.: heden london 2 usos39:4 blijve

2657 1986 2081 184 altoo voor ge procniasies gesonden vver de tie £1500:-

2637 2121 2166 187 Cappitael niet sultisant worden geoordeelt om

2647 2218 2063 204 door le Chevalier seaven onttangen te worden de

2651 2335 2027 186 intresten soo sende heem heden de naer volgende

2632 2466 2097 167 met readocaire van alle de voerige noopende

2604 2576 1813 160 mijn int restier de suysece couspaquie

2625 2694 2135 151 know all met by these present that  Peter melijn of

2609 2792 2246 156 the eny of Antwerp marchant Crecall all other procuratnon

2617 2874 2194 159 do mane constante and appoint Sr. Thomas Scawen

2585 2990 2161 162 of London TKnigt and aldornan my Lawfull attorney

2595 3087 2228 168 for me in my name and on my behalff to recive vand

2587 3190 2208 127 qive reciepts for all premisins and dib deuts afore doul

2591 3286 2172 146 thousand ans five hundred pounds stock of the south lea

2602 3384 2177 161 Cdmpary in El glage here after to grow due and payable

2607 3476 2168 140 to me at thee  compang and to do all other

2593 3575 2116 153 acss ano things for aesing the premistes. ratinsing and

2585 3673 2172 109 confirminub all that thee shall doe therein ba vithieoft

2591 3781 2230 143 tuis paesent act in wistness where of I have here vnio
