5215 3936
395 45 2175 160 ende mij doen becommert wesen door de contmnele

363 142 2178 157 Lwaereveeren onder anderen desen gepasseerden

381 245 2120 132 naeht uyt den westen soo furiens als ick van lange

379 347 2128 168 jaeren kennisse hebbe verhoepe en wensche den

391 435 2096 210 goeden hodt de selve gelivelte conserveeren cule

407 556 2114 135 salvosste brenghen. het is een droevigh laisoen om

399 665 2144 130 continueel in schepen invrest te hebben die het canaen

412 747 2103 168 moeten passeeren ende dat soude weel om brngie

411 846 1984 175 voor die negotie geven echter ditto scheenen

413 932 2161 195 niet gearriveert weetende soude niets ongeraeden

427 1048 2136 195 vinden het vollen intrest betaelen verseekeren

407 1154 2128 186 wat aengaet het ⅓ derpi la van berse door n

401 1281 2042 177 Joseph Gousalo voor sijn naert n& gehouden

381 1367 1986 187 moet men afwachten wat diste heer bijne de

393 1505 2014 160 becoemen advies sal hebben geresolveert ende

398 1586 2030 177 geeffeetieert wat hetis oft niet sj en can in

380 1669 2049 162 dit geval niest buyten te gemeyne reken doen

402 1798 2056 192 nochte profiteeren aengaende de caleu latie van

393 1898 2057 182 de vercoghte le govie wollen du ncht het mij het

393 1998 1949 199 wel al soo sen alderminst magh weten

413 2102 2059 165 conside rats consider andis dogh het verwonder

375 2219 2060 198 mij ue opnie noopende de geartweerde baelen

386 2330 1970 190 pr bansteyn det bares te vernemen door dien

406 2432 2048 202 ue d dato 9 deser geliefde te melden die wolen

388 2543 2126 146 wel gecocht waeren en ue wes toevielen en van

418 2640 2109 216 gedachten waert de selve met een goetudv

416 2747 1857 211 beeter als de segoode geloofde te vercoopen

384 2872 2141 143 echter met mijne gedachten en can daer over nochte

331 2986 2194 152 dicnaengaend  e conp bueeren daerom

392 3080 1893 179 moet ny aevens ue ad. aen den uyt val

391 3183 2122 149 acgadiseeeren en verwaghten wat de gainsche

368 3309 2133 181 onderneminge ontten voor deese oft schaede sal

399 3409 2158 176 bijbrenghen ende daer opue de sacke andermael

415 3526 2094 170 devellende en van hesten het saligh aenstaenden

381 3673 2189 149 kooghteyt van hersemisse toepenschende blijve

2735 47 1926 171 Ghendt J de Saedelaer Ady 23 xber 1723

2785 154 1987 143 ontfangen ued missive dato 20 cour. met een

2777 255 2142 119 bliethe op michielsens en hillis morgen 24 p. casse

2760 340 2189 148 te betaelen van £50:-: die my hjn wtnt hebben

2758 438 2235 186 gegeven sijnde de moeyte niet weest te doen accepteren

2767 539 2221 148 ingesloeten den brief men laste heden in getrocken en

2764 642 2167 157 door mij voldaert voor ue Reken st £100 a ƒƒ35:7

2792 739 2119 175 £177:13:4 waer voor mij gelieve te creditteren

2811 877 2130 161 ende sijnde den laesten van desen jaere vallende

2791 1012 2219 116 soo sal ue rekene courant senden alt ue sas bebieven

2780 1080 2222 122 en a fwachten ue ede het prevenue mjnder goederen

2771 1177 2208 155 sal gelieven te remitteeren alsoo ue bekentissch adt

2771 1288 2222 174 daer voor op sjne beeken gedebiteert hebbe blijve

2795 1377 913 205 Ghendt JB: Grenier

3792 1380 1161 172 Ady 23 xber 71

2749 1494 2241 153 de twccme d. missiver p abis aen my in pladssite

2804 1615 2056 141 van aen mijnen jonghsten Broeder dh aniel

2799 1723 1981 180 geerardo geconsigneert hebbe aen hem telkens

2826 1829 2106 156 overgelevert die met swaere affairer behet ue

2845 1952 2045 177 de niet en heeft connen antwoor dies dat bj oft

2811 2044 2186 164 naer de teestdaeghen sal geschieden welche ue lt

2801 2179 2001 128 saligh wensche en goet vinde het emeede te

2793 2285 2197 173 adviseeren met offers mijns dienst bij voor vallende

2781 2374 1052 183 ocassen liade s

2770 2475 2067 198 Dendermonde Francois Cetaersy Ady 24 xber 1723

2789 2605 2225 177 hebbe uel d. hissive iy deseruyt dende monde dmsen

3203 2722 50 86 de

2743 2706 2208 200 gen ue Is. sanderdaeghs wederom op Brussel stoort

2791 2818 2133 152 te vertrecken van waer oept ue goet retoer deen

2767 2947 2200 176 mijnen hoepe ue sal behandight worden door dien

2779 3035 2191 134 volgens te Brusselsche gaberte de leeren leden van

2763 3145 2072 118 sijn lxcellentie afscheyt genoemen hebbende

2751 3239 2236 187 naer huys waeren gehaert oelijck dan blijten buyfel

2758 3339 2169 180 ue 1d tck sal hebben gedaen: coemende dan tot

2741 3424 2227 165 den inkonde  ca ue ed boverso mislive segghe dat

2760 3530 2177 196 ick geloove ue gestoecksaede devoiren  doeude

2775 3637 2227 171 en van langeu tijdt gedaen heeft maer ick en versaeme

2785 3758 1948 105 geen offeer soo dat het meer dan redelijck ik
