5215 3936
424 39 1965 145 voor de coopers gerisgneert om in cas de aenen

443 98 2010 231 qpaemen te daelen de selve sonder merchelijck

403 209 1939 212 verlies te connen a bandonneeren en soo de

422 349 2006 157 vercooper& die nu een seeker capitael connen

401 409 2094 220 malken te lludeeren mensiet wel dat het tet

406 528 2188 204 noch toe genernst en doet te recommandiere

425 636 2143 209 ue dan maer te inviiseeren ue d. kent mijne

406 731 2028 237 intentie et naer golegentheydt van sacken

414 832 2063 211 te doen voor mij en mijn broeder als voor eygen

416 948 2006 228 Ick sal het altijdts aspprobeeren t voerens

414 1056 1996 244 gemeldt ick groete ue van herten en blijve

2134 1163 126 126 3ƒ

386 1168 2063 292 Dendermonde frans leraerts Ady 8 febru 1728

438 1329 2072 161 ue missiue dato 26 past. hebbe tot groote verwon

357 1435 2116 221 =deringhe ontfangen ne en antwoort niet op het

431 1566 2148 139 gene ich ue braeghe te weeten ƒ 4500:- voor intresten

406 1627 2168 185 nn al soo lanck vervallen van een jaer op de twee

394 1746 2074 200 de charge brieven ue wel bekent de capstaelen

441 1831 2154 170 en worden niet gerembousseert nochte ue en geliest

440 1952 2104 163 de intressen niet te betaelen syn dit maieren

425 2041 2002 186 van handelent ick moet de segghen dat icke

436 2143 2034 216 presendeere ue  de intreste provisioneet

466 2241 2015 203 gelieve te betaelen oft dat ick moete middelen

456 2348 2020 206 in de handt nemen om mij daer van te doen

440 2468 2120 191 betaelen. ick schrijve ue seriens en soo als ick hee

445 2570 2099 171 inderdaedt meijne daerom en gelieft daer niet

429 2675 2125 188 aen te mancheeren: ue geliefde te melden van

449 2805 2134 154 over te coemen en ons mondelingh rapport te doen

450 2894 2097 159 hoe het staet met den decharge brief ten laste

442 2990 2075 225 de leden van vlaenderen en ick en verneme

435 3115 2155 199 ue is niet soo dat sulckx deer wonderlycke mautren

437 3202 2096 202 van ageeren sjn ick moete ue oock legghen dat

425 3316 1996 203 den here kreffier van den Broeck dt Brussel

469 3426 2091 208 beloeft aest voor den dacharge brief ten laste

465 3543 2063 159 de heeren staeten van Brabant dhelft te sullen

460 3649 1983 135 bewijsen opt comptoit van ntwerspers segens

486 3733 2005 152 mey toekoemende maer de ressteerende hebft

2791 88 2140 92 een jaer langer sal moeten loopen tot ue goversno

2762 162 2095 178 mijnswaegher de man seht mij ue de meldern

2765 267 2205 156 dat dh de monter saligher ie niet hem schildighh

2784 381 2188 165 is aen iutres  rot 29 xber 23 wisselge ƒ 122:2

2784 498 2095 170 en datter voorders een jaer crrise van dengagieere

2778 608 2066 222 van Dhr. Ceckhout vervallen is p 12 Januarsy

2750 740 2253 181 172½ ick verhoepe dan ue e de reden sal plaessche

2777 838 2222 196 geven en aen de civiliteydt die wij ue dd bethoolen

2795 976 1981 137 ten minsten correspondeeren synde ue di

2768 1084 2216 171 genoechtaem bekent dat het meer daer redelijck s

2789 1202 2151 138 dat wij van dintresten provisioneel betaeltt

2770 1275 1921 220 worden het welck afntachtende blijve

2788 1418 2150 226 Jacobus van dich Wachter Ady 10 febru 1724

2797 1523 840 170 in heete ote pdeder

2790 1588 2204 223 ick en weete niet wat ck wille dencken naer de mael

2791 1737 2151 195 ue mij selfs en in persoon heeft coemen toeseyghen

2770 1889 2196 128 ende beloeven jn naer eertenisse een jaer packte

2775 1985 2121 155 te sullen brenghen het sal licht misse gepasseert

2781 2061 2221 154 en noch en hebbe van ue niest vernoemen daerom

2761 2176 2173 167 coeme ue p desen noch eens adverteeren van niet

2779 2300 2091 132 te willen langer uytstellen want ue manreren

2764 2348 2241 163 van doen en sijn niet reedelijck ue dan verwaghtende

2763 2482 559 170 blijve

2762 2496 1022 221 Jun verganwen Rrettier

2728 2491 2012 344 in de oer doet Ady Ditto

2778 2715 2188 211 ebous van syck heeft voor hersemisse by mij geweest

2749 2877 2218 113 en voor vast beloet naer het hooghte mij een jaer

2760 2935 2190 201 pachte te sullen brencken het is nu lichtmiste

2753 3073 2260 176 gepasseert en echie en hebbe hem noch niet vernoe

2727 3175 2278 138 enen gedene ick ue moete versoeken hem noch eens

2763 3256 2190 193 gelieft te vermaenen en aen hem den ingesloeten

2762 3353 1957 192 mijnen brief gelieft te behaeedighen ue sal my

2753 3449 1040 185 verobligeeren die bet
