5202 3944
434 49 2064 213 Brussel huijserawe Jfses Ady 13 mey 1724

461 173 2115 251 Ick hebbe ontangen nisijve de dato 8 deser door

2322 292 223 79 12 ate

427 300 2210 190 mons. Paulus t' sas rodmans soone mij in ue naeme

441 401 2042 242 geschreven my adviseerende dat ue op deser

405 543 2089 162 soude doen betaelen soo voor mijne delt mn

463 613 2083 183 broeders Jean michiels reken an whr petren

499 714 1913 191 nourveau voor ider een hondert en vijstigh

446 840 2058 215 lauldens wisselgelde ende alsoo dheer oe

431 976 2120 167 sedert heeft geschreven ende daer van geen

438 1074 2060 171 mentie en maeckt soo en weete niet wet

442 1170 2085 178 sulckx beduyt daerom bidde aen ue beloste

439 1263 2090 185 niet langer te willen omtreken want ick en

418 1411 1971 125 can sj rekene niet passeeren voor al een

400 1504 2065 163 ditto heer van desn ontfanck ons kennisse

441 1586 2110 246 gelieft t geven, vours resteerende sal k ops

466 1739 2085 158 al goede beloften betrouwen ende verwaghte

453 1812 2088 200 dat ue aen de selve nsgeliyckx sal voor coemen

414 1945 924 163 sijnde van herten

390 1975 2142 272 Brussel Denede Jache de Rever ady 13 mer 1722

441 2171 2062 186 Ick hebbe mj bedaert in uyt gestelt ue laeste brief

419 2252 2126 204 te beant voor den uyt reden dat de recht veerdight

436 2369 2102 217 gevoelen, die ick uyt ne gemarches mal apropes

427 2473 2104 169 ressenteere my by de penne niet en clonden

420 2582 2202 197 doen mis grijzen is wat meent ue, dat het root

465 2691 2163 219 mbude is het import dat ick ue vercoght hebben

459 2793 2157 156 wat int rest en hebt ick niet geleden dat c

456 2956 2159 145 Ick pe biyprekent bethoonen sa soo veer dat omises

357 3011 2197 198 segens 3 prete grooter is als mais op coopaane

369 3123 2208 207 dschanpen en winnen noue dinghen en

434 3257 2145 168 helft ue noeyt gemanneert dat staet ue en al

465 3356 2159 200 de weerelde wrij maer oock vervolgens proget

482 3453 1879 199 betaelen ue  e mons rkene

461 3553 1930 211 blijft mij sshuldigh £21:11:6 wisselgelde

481 3675 2096 199 die pret endeereick ende daer van e n sal

2736 55 2159 159 ick noeyt de mordeeren daerom versocke sals

2750 142 2219 189 factie ende en geloove niet ue reden in conscet

2748 258 2147 175 heeft mij die met tot minne te weygeren waer

2736 356 1651 231 op staet macke en verwaghte &

2928 356 1894 259 on sap p lapvert get tranc Rousseau versonden

3970 502 895 191 Ady 15 may 1724

2729 524 1117 180 London th scawen Cp Tospe

2776 595 2171 197 sans doubre le moune du 10 du courant vous doibe

2784 719 2241 161 estre renduu pour le present cause du vent favorable

2793 834 1950 214 que nous avons depuis trois a quarre jours

2794 940 2159 197 vous aurez receu p la ditte ma procure pour

2759 1031 2203 201 recevoir les  £500:- annusties de la banque

2768 1155 2214 169 et ven mon intention aussy que bapprouve

2787 1284 2010 188 les acnous de la banque que pr avasse a

2795 1381 2206 207 remplacer mon argent t pour la seuresce du sond

2804 1479 2190 177 en les raisons quelles m'empeschent a y resondre

2798 1589 2166 174 car ma fois  dont on puis souissers

2778 1690 2223 214 le tour d'a present soiit trap medioeres conside

2764 1826 2009 167 want les traix e le venemetts quls pus leuz

2801 1921 2138 153 arrivere dans ces sortes dentrepti les cepende nt

2780 2039 2261 183 plus quisy fasse reffection plus que ie m'embaraz

2799 2131 2123 202 saus rsoulinon aussy op ne pour rien faire

2802 2237 2233 172 voir mon argent rfincieux soit entre mes mains

2794 2380 2228 118 ou entre les mains de vre grace ne me convienne

2800 2464 2162 175 pas les tirer a perte au change est dure. les

2777 2561 2263 156 avoir icy ou ie les souhaitte mieux de vos carners

2793 2682 2126 173 mes me pour davantage si les occasions

2790 2789 2266 203 presenfoiens favosibles comme du passe considerant

2756 2890 2115 201 que  a ynenagee mes inte ress despuis lait

2759 3010 2165 203 dotnonces que  n'ay jamais fait la moindre

2765 3169 2235 163 perte mais au contraire &ue s 9 ay trouvee ma

2751 3231 2257 197 1 convensence, est advantage ie prenne la resoly nos

2780 3360 2176 127 et salibertee p celle ey vous authoiser et donner

2779 3442 2196 181 splien poonvoir a templaier mes dts £ 2000:- en

2801 3535 2204 205 acstions de la bauf ue et au prix que prouverez son

2802 3665 2215 145 pexced int pas les 127 a 428 esperant que le terez

2802 3753 2103 126 on que ne ce ferez pas en cas sie le trouvez l
