5197 3942
1575 63 816 154 Ady 11 xbre 17114

441 57 844 183 London Danick hays

504 137 2130 241 puis que ie vois pr lhonneur de la vre  du passée

500 283 2040 247 que   peu recevoir les dividents tant de la

476 401 2124 178 1 prendere partie que de la dermere de mes actions

491 514 1925 160 de la banque sans nouvelle procure il vous

467 668 2069 146 plaira continneer. jay sur mon nom et pour

465 731 2141 207 mon compte sur les livres de la banque credit

495 850 1929 159 capital  £2500:- dont l'intrest de ndis

490 952 2056 199 &schen  michiet dernier regle a 3 pour cent poste

502 1091 1956 153 £75:- quil vous plaira recevooir et me faire

484 1184 1575 179 bon en compte de vous salue et suis

428 1230 2042 255 Ghandt JBap. De saedelaer Ady 21 xber 1714

2542 1337 47 97 6

537 1389 1958 174 En antooort beyder ue missives als 14 en 18 deser

498 1502 2024 186 diens dat ue drijmissives als pr. eersten op Baltalr

492 1599 1986 165 Banonin courant £1000: - wisselgelde £142:17:2 ops

476 1702 1985 164 nochellin £66:13:4 en, p laesten op sacomo

494 1780 2138 219 de lever £99:- ingevoordert hebbe en ue dd

477 1955 2069 161 Reken gecrediteert het gene voor mij insgelijckx

500 2042 1928 169 gelieve te doen voor den ingeleyden brief ien

460 2142 2053 141 laste heden door mij voor ue rekent. voldaen

491 2246 1998 179 se £150:15:- aƒ 235:3 vlaemt £865:13:5 voor de

460 2371 2016 200 swie nogh opgegevede macke nota en blyve

2157 2471 115 117 d

420 2489 1029 189 hens JB de Laedelaer

1762 2490 680 180 Ady 23 xditto

480 2597 1891 161 in antwoort uet missive van gisseren die ne

474 2704 1991 195 dat heden in banco gedaen is a  pr to schaede

478 2831 1991 179 hadde ick cort sicht willen trecken conde het

500 2917 2021 175 tot she heden doen in courant sle dogh od

513 3030 1972 184 de 4¼ geen geldt en met willigh soo als

457 3144 2146 178 heden ten berle in banco was tot ue governo blijve

445 3252 2182 187 Gheel Cornelis Willems Antwerpen 27 xber 1723

505 3375 1952 158 alsoo geen antwoort van hem hebbe op mijn

508 3489 2120 182 brief van 19 sber laest het selfde gerepetcene

493 3602 1048 195 ende gerecommandeert

1817 3635 107 108 ƒ7

2775 42 1983 156 London Scawemen Stockdale Ady 28 xber 1724

2772 134 2205 192 ne sestant offert occasion a vous escrite je nay fait responce

4371 226 232 80 22 maj

2759 238 2182 188 plustost a f lhonneur de trois cheres vostres ½  16 ditto

2774 316 2207 158 et ½0 du courant cependant jay trouve d'accord mon coepte

2779 427 2248 185 courant que v'as m'at envoyée p celle du ½ juin solde confosm

2781 552 2190 109 et vous debite sur compte nouveais  £83: et £54 pour

2779 671 2136 104 le dividen de £1800 aetons du sud eschen st Jean desnier

2792 763 2235 119 et asseur de £45 des Amities du sud de £1800: a 2½ pou

2767 860 2136 135 la demre Annee eschen  michiel dernier au resgaard

2789 980 2142 116 de la procure pour recevour les dividents des actions de

2767 1043 2242 124 labanque ie vous ay marque p. mes precedentes que jen

2804 1150 2069 180 avois oultre  £1000:- en capitat dont un aultre

2789 1247 2204 152 Amis avoit procure pour recevoir les dividents et que

2795 1358 2022 165 ie luy en escrverofs afin que cela iroit de bonne

2803 1466 2003 158 grace ce que jay fait ten offect et p sa responce il

2796 1559 2145 161 paroissoit mal satisfait disant quil avoit procure

2794 1713 2177 106 suffisante pour recevoir les dividets inesme si s'en

2809 1761 2100 156 aurois de grosses sommes en capital et comme

2807 1908 2014 115 Javois ohblie le teneur de la ditte procure ie lay

2806 1955 2201 163 examine et trouve quil y a cette periode an resganro

2806 2085 2168 161 des dividemy de ce que jay presentement et pourroiz

2781 2191 2179 170 avoir dores navant mes me de la mesme date que

2793 2301 2106 115 vre derniere il mescrive de nouveau d'avoir reccu

2803 2363 2198 126 et me faire bon en compte mon dividend des mes acstons

2792 2500 2181 131 de banque pour la de mie Annee escheu si michiel

2815 2563 2159 165 £701:-: je nose pas revoces ma procure puis quil

2797 2694 2227 114 est le corlespondant d'nn de mes ueles eurs amis dicy

2820 2805 2195 118 cependant dela ne m'accomode pas car ie l'aurois plas

2815 2885 2085 124 voo contier le tout entre vos mains afin den pouvous

2772 2945 2266 168 disposer plus facrnement jespere que ne le prendrez

2828 3058 2177 113 pas m'at car ce n'est pas ma faulte si e l'aurois

2805 3127 2216 213 seeu au paravant laurois fait mettre la partie que v

2813 3211 2067 193 at acheptee pour moy sur m aultre nom les

2800 3325 2125 183 vas jequx arrivée et vendues a ostende nous ont bien

2817 3446 1983 124 rendue grace au sernneur ceque ce sera p la

2815 3556 2204 124 comp aguie il fault encor attendre let temps. ie vou

4066 3688 95 107 2

2802 3641 1169 195 salue op ceur et me dit
