5215 3975
442 95 2109 115 ende voor mij op dat ue die loude accepteeren

437 178 1981 156 op soodaenighen tijdt en ue commoditeiet

407 260 2072 159 dat ick beschaemt ben het hier te nasseeren

448 354 2020 195 niettemin nn al over de drij weeken geleden

441 489 2096 193 ue blijft in mosa ons die geaccepseert toe

443 586 2105 217 te senven het gene mij qualt bachterdnhen

439 698 1944 262 geeft en alle goede trouwe te buyten

407 814 2030 263 ghet reden ick ue p desen coeme voor

430 903 2031 217 de de aeste rijse badverteeren ten sij in

443 1048 2050 194 antwoort deser ditto briefkens geacceptert

466 1148 1931 185 becoeme ick nevens mijn broever ue

455 1266 2029 205 posiesvelijck in recht sullen affaqueeren

418 1352 1902 200 sende door bodis hulspe verwaghten

424 1455 2045 180 op deen manser oft dandere prinre

442 1531 1950 250 satisfactie te erlangen waert naer ue

422 1673 2017 217 ick can gouverneeren en soo blijven

322 1773 2141 210 London Momas Scawen En Conp Ady 7 Juliu 1713

397 1928 2002 177 jay receu en son temps la vre s may dernier

1821 2003 250 119 1o i2

394 2032 1905 209 advis gavrez donne uune lettre de

372 2139 2147 180 recommandation dato 23 ditto a mons. parhapaes

391 2240 2047 186 moint ney la quelle m'est rendre p ledit sicur

398 2386 2106 139 et a qui jayt offert mes services mais comme

426 2464 2087 196 jestoss dant le temps que jay perdue ma compe

377 2568 2148 184 =que je n'estois pas en estat lis rendre service

416 2727 1925 134 comme jaurois bien souhaisnce eans moins

413 2804 1990 179 il a des addresses sufisantes et comme il ma

414 2906 2011 179 iet pessieurs de iet et peyner sont bien

409 3005 1994 168 voulu se charger de ces affaires tellement

392 3117 2070 169 quil est si bien quil puis jamais estre de

375 3214 2124 215 demis ie ne iay seu pi ie et le croy quit

416 3334 2106 207 est alles do coste de Gand op Bruxelles poeu

397 3462 2102 220 trouver les maliams avec le quet il a

409 3588 2070 162 a faire a son retoiur ou quant loccasion

429 3707 1913 181 le presentera ie ne manqueray pas

2734 80 2070 197 luy rendre service de mesme a toutt psiz

2764 194 2179 168 vous plairee m addresser ou guies le presenteroir

2817 304 2064 185 des vre part. de plus m'est parvessue bre

2789 425 2145 200 vre  du passee avec remise a charge de

2807 579 2089 142 Sr. PBanier de la mesme dara jours de date de

2804 658 2064 195 £226 a ƒ131:5 dout jay obsenue le

2774 762 2171 225 payement et vous creditie en compte comme

2760 896 2081 210 aussy de £65 pars & ava acheptce

2774 1002 2104 230 en la comt du sid, pour complater la

2735 1153 1992 198 somme de  £3600:- dont sij suit

2828 1292 2026 176 presentement intrissée comme les livres

2713 1376 2163 222 sont fermees pour regler le divident et ex

2717 1480 2152 226 suntte en faire le partage en actious et

2730 1647 2081 124 len aspuities ie voir: prie me marquer et

2722 1731 2184 204 envoycer modelle de procuration quelle vous

2703 1838 2082 216 sera necessaire comme aussy le prix

2715 1972 2185 198 divident que laditte comp. sera de mesce

2709 2065 2218 167 que la compt des jules pour vous eu debreer

2690 2220 2132 144 de consornnitie husse pour le divident de

2697 2297 2237 206 mes Amnuiies de banque eschev le S an

2713 2439 2147 162 dernier. ie vois qu'il ny a pas mogen a

2703 2569 2213 158 employeer de argent en rentes vra geres mais

2713 2650 2182 186 que vous s'avez de choses semblables mesme

2684 2803 2242 155 advant agieuses vous m'obligerez a press vouloos

2678 2923 2263 137 donner past en temps pour ponvoir prendre

2692 2979 2229 146 mes mesures. mes trefres ont receu lhoonneur

2697 3099 2050 196 de vos lettres et pon pere can michiet

2671 3203 2242 145 at acheptie celoor dhuy de courres lettres pour

2708 3312 1991 186 vous les envogeer et remettre et laire

2683 3403 2190 184 responce desmain pr lavoye dhollande

2689 3524 1963 145 ie vous same et suis de tout mon

2702 3681 332 137 Excer

3543 3725 106 106 2
