5215 3964
380 87 1916 184 Ghendr JB de Taedelaer Adiy 5 xber 1723

439 145 2120 259 op 4 deser hebbe ue gesonden brief t £100:10:-

441 308 2113 184 a 1337:14 vlaems £172:11 door mij voor nel rekens

443 424 2049 200 voldaen waer op becoemen hebbe ue missl

453 582 2015 149 selven deremet tue trato  dato als vooren

414 648 2063 184 aen mijn ordre op Pieter van Perstens leven

2112 750 101 79 21s

443 790 2037 149 et willenm van brienen ne tisteri van

431 856 2098 136 bancs £200:- die ingesro hebbe en niet

434 964 2132 155 meer connen becoemen als  prets alhoewel

444 1078 2138 176 cort sicht oft gevallen cnmpiet  heeft gepaecke

408 1179 2053 192 soo dat ue vlaems gecrediteert &b £251:5:-

429 1313 2071 202 en advies brief aen de sclve hebbe promtt

425 1412 1990 236 p nost voortsganck gegeven: het droackt

417 1529 2146 197 bij evenwot hoogh alsoo het van Amstend

439 1645 1908 189 nier meer als ¼ genoteert wirde en

431 1768 1850 185 courant is her hier geloopen tot 49b

411 1876 2141 214 London 2n so 385:- aengaende hetgeschreven

425 2013 2131 206 hebbe alleent op de doghe gemanqueert

402 2136 2011 197 hebbende altiydts een particuliere ballance

423 2241 1885 205 nevens mij. ich bidde ue cant geschieden

438 2362 1904 192 voors sulijken van de aken mij mijne

428 2477 1921 182 £104:5:10 gelteve te remitteeren alsoo

429 2585 2050 213 ue daer mlde op sijne  eden alst ue bedie

411 2702 1961 211 de belaste hebbe ingeslooden alnoch den

425 2834 2067 213 briet set 100: aƒ 35:4 heden doer mij voor

397 2938 2114 211 ue leaen voldaen vlaems £176:13:4 waer

421 3064 2111 204 voor mij gelieve te crediteeren die ben van

432 3189 626 173 ert

353 3218 1984 236 Monte ruseroist  Condiek abie 1e

420 3386 2005 161 en responce a lhonneur le la vre 4'atre ie vous

404 3516 1983 171 dirays que ie suis est one de voir ieles. j

430 3647 2031 126 dhieippe desmarce vre neveu est presentement

463 3720 2002 169 carme chaussee dieu luy vieulle donner la saimse

2792 65 2112 195 perseverence jusquet a la £i2 de sa vie cependant

2793 221 2147 157 soit religienx ou seculier un chacqun doibt paycer

2794 293 2048 183 loydoibres selon la loix de dieu cet je ne ldy soffit

2790 423 2137 205 point de dire quil ne me doibt plus n'en celon sa

2805 542 2128 211 caleule on caprice vous m'avez conie de s longes

2762 671 2177 190 Annies et il vous puis assenrer que ie ne presende

2741 770 2185 205 un giget au monde que ie setrois ne m'estre pas

2753 902 2122 214 due que ie luy de mesme que vous ay change

2747 1075 2137 152 pour provisions et fraix de sollicitanons de la

2754 1174 2120 171 partie des assignations sur la haye que vous noiz

2733 1282 2156 208 moine pr ensemble et les qu elles sont tayees en

2740 1398 2201 151 divers payemerts et avec beaucoup de mennez n'est

2749 1519 2148 197 qu'unesoistiee mes desvoirs eport des lettres

2750 1653 2132 200 onteste a vre service mais ce que mes Amis

2740 1767 2157 220 quils ont fait e devoir m'ont oorte en compte

2753 1939 2171 160 regaurde vous aultres et non pas moy. ie vous e

2760 2021 2158 183 ay mesme pour parties de la valeur si bien a

2755 2141 2161 187 a a laulire forrus mes lettres sur la hollande

2778 2256 2173 188 compte a ladvenant de 6 pourcent pour le change

2748 2367 2084 190 comme ie vous ay fait bon en compte oultre le

2753 2472 2181 177 Jean lilimpe desmarck nat ett en marchandises

2757 2571 2186 189 quun envioont de deun milleslosins et il le trouve sur

2745 2682 2187 130 mel livres que ie luy ay gliste quatre livres de gros die

2740 2795 2201 162 schellins de change et a vre grace aultant que nous

2755 2901 2114 184 a vons en unne longe correspondence et nagoce t p.

2755 3044 2218 165 raport a vos plainnes £13:7: 7ou passe livres de gros sept

2750 3102 2151 195 eschillins et sent deniers de change et cela pour soide

2742 3254 2156 182 du vien coatte passé en date 33 xbre 1716 comme vous

2753 3341 2176 191 avez assestee le vien compte estant icy 15 me decom=

2709 3460 2220 160 =mansant pour des marchandises que ie vous livrois

2709 3552 2262 155 LAnnee 1715 mesme den faire e commencer un compe

2718 3667 1949 177 nouvean ce que jayt osserve il 'est de ce compme

2748 3773 2037 109 nouveay et des marchandises vous livree depus
