5197 3942
429 55 2116 227 Ghendt J Bapt DesaedlaerAdy 30 xber 1729

487 150 2055 189 ontfangen ue missive van dato 26 deser met remise

491 301 2049 175 31 deser p casse te betaelen op michielsensen Gillis

489 421 1982 180 £200: die geaccepteert it, ingesloetendewel

480 502 2136 169 brieven tien lasse door mij voor ue reken. voldaen

509 622 1988 157 als ste £100:- aƒƒ35:2 vlaems £175:16:8 en

485 728 2008 184 stef £150:- a  3523 £ 264:7:6 waer voor mij

493 843 1843 200 gelieve te crediteeren en het resteerende te

471 871 2124 284 remitteeren: bancoheden pari courant 4½ blijve

1676 1055 699 187 Ady 31 ditto

437 1055 972 222 Ghend J6B de Saedelaer

466 1182 2005 166 gedraeghe mij aen mijnen van gisteren ingesloeten

462 1288 1930 193 den welcken ue d afgesonden hebbe de swel

472 1386 2020 223 brieven men lasse door mij voldaen als £100

481 1521 2043 211 aƒ 135:2 ƒ 175:16:8 en s4 ƒ 150 a 35:3 £68:7:4

450 1656 2055 171 die niet twijfele oft sal ue heden behandight

483 1759 1985 191 wesen nu becoeme ue missives te saemdn

467 1894 2030 159 van 2gen gisteren met een remise banco ƒ460:-

453 2012 1972 155 op 14 gber vallende op Estienne Jabuteau in

444 2148 2045 149 Amsterdam die tot ue mexste advantagie sal

449 2233 1989 162 intrecken ne wenschende het saligh hooghtegt

437 2361 686 144 soo blijve

411 2441 2076 202 Dendermonde francois Ceraerts Ady 4 gber 1724

460 2563 2026 215 Ick en weete niet wat pejsen in siende, de maniere

452 2650 2033 179 op de welcke ue met onseremt te handelen. ue heeft

450 2779 2079 209 getracteert met cheeren heden ontfanckt peniutiegen

477 2888 2087 172 ende distribueert die aen andere naer ue gevalle

448 2966 2128 184 en beliefte tegens de conditie ue vraght int bakones

452 3084 2004 125 van gevallen intresten die ue ons nu soo lanck

430 3183 2076 151 schuldieh is met beloste van de selve naer tesken en

427 3282 2158 180 ons te betaelen, nochte ue en schrijft nochte ue en

449 3388 2029 167 remitteert nochte en sendt geldt ue heett ons

447 3480 1980 167 geasseureert van soo veel maenden dat ue die

449 3565 2041 193 effesten conde vernegitieeren ende dat ue ons

473 3697 1952 181 posinif ous cappstael soude rembourleeren

2758 47 2243 152 en van alles en coemt geen effect schegeve my deere

2781 139 2008 176 ue serrenselijck te segghen dan ick presendeere

2770 232 2095 191 satisfaiis ende beraelinge van dittresien die ue

2794 359 2169 180 ons schiedigh s oft dat ick andere middelen by der

2791 464 1313 199 handt sal nemen blijve

2774 575 2111 233 Ghendt 1BB de saedelaer Ady 14 gber 1724

2806 693 2043 243 ontfangen ue aengenaeme dato 5 deser met

2787 829 2104 191 t wee remises als op 1P vojsinck £100:-:-e

2811 966 2221 201 op Joanna de miranda £ £1:16:6 die ingevoordert

2775 1077 2236 147 en ue gecrediteert hebbe als mede voort voorgemelde

2828 1207 2059 198 briefie op Amsterdam op Eatieme taburean

2818 1310 1937 168 banco £460:- a  ue advance £76:15:3-

2834 1406 2135 217 gelieft mij ensgely te crediteeren voor den

2831 1519 1943 201 ingeleyden brief nien laste heden door mj

2839 1618 2035 222 voldaen van tf £100- a ƒƒ35:2:n £ 175:16:8

2778 1780 527 187 blijve

4144 1812 815 221 Adij 22 gber 1724

2891 1817 1033 239 Ghendt J De saedelaer

2883 1952 2008 242 ue missie 19 deser is my wel behandight met de

2882 2136 2025 173 ingesloeten remise op Joseph thompson de dato

2832 2206 2219 194 29 dato ƒ 1200- waer van voldaen bes en e edticken

2860 2355 1640 195 voor gecrediteert hebbe bljve

2851 2461 2174 215 om ous Jonaert messager Ady p xber 17206

2857 2596 2180 183 je vous prie de payeez une de nye nnee de peusion

2848 2732 2105 184 de ma fille aux ur sulines ƒ83 argent courant

2839 2846 2135 194 et a ma fille ƒ40:- af in quelle payée ce quelle

2815 2955 2097 230 a depente pendant s kaladit a demonder

2817 3097 1996 209 quittence de lune et l'aultre et ie vous le

2823 3216 2142 182 ieen bourseray a vre premier voyage ie z

4215 3312 658 213 5 xber 16

2807 3318 796 215 hhendt Paedelier

2823 3462 1963 169 in antwoort van ue missive 30 past. hebbe de

2813 3593 1974 124 twee remises daer by becoemen en acceptaere

2840 3628 2176 229 gevoordert als op Joanna de mirande 27 pass Ad

2832 3720 2166 147 dato 7 deser te betaelen £150 en op Pater Pwden
