5215 3975
420 52 1966 206 AAm Andt Creton Ady 17 gbre 1723

525 174 2054 229 yef au nom de dieu comideraion et accomptittes

474 293 2095 190 vos bonnes prometses que m'adz touts jours fait

447 416 2095 165 promettant me savisfaire en honnest & homme

426 515 2146 174 vant il bien la pienne me parrbulet poiurt £8:10:

477 634 1985 230 que vous seavez en vre me me davoir ie ne

466 732 2030 200 souhaitte que sortir deffaires l Annel vasux

445 847 2119 241 la fin Jay prie le messager van de Cost vous

460 957 2038 203 en faire Londvenir tant de sorr. ie ne deay sil

421 1099 2007 186 la fait tellement que ie me trouve oblique

489 1191 2091 176 vous le recommander encor une vois p. cellecy

476 1365 2053 166 osperait a la fin que vous en derez touthe un

462 1430 2114 195 our et que me donnerez a su saisfaction

458 1543 1690 194 ce que ie suis attendant et me dit

370 1658 2018 188 Brussel Guilliam BasAdy 17 gber 1723

478 1761 1870 160 Ick hebbe den brief van Juk uels deminde van

442 1908 1994 164 14 deser wel onfangen oock oor boede henrij de

444 2003 2101 175 weyer het geldt dat sij my voor ue ieken gesonden

469 2116 2084 168 heeft conform mijne quittantie aen ditto boede

441 2211 2132 153 daer van i2 dato 16 deser mede gegeven te weeten

439 2348 2074 108 een houderten vijfrigh guldens opreken. dienende

448 2415 2059 177 dese ende de bovengemette maer voor een ende

459 2536 2086 163 de selfde quittantie iick sien sij mij betooft van

464 2631 2102 196 tijdt tot tijdt voor ue kn te sullen betaelen

449 2733 2076 163 ick sal dat ul wachhten ue dit wel sy, magh altoos

451 2847 2082 131 voor mijne endemijn broeders rekeninge niet aen

431 2949 2017 160 Dhecrk Jacomo Rousseau maer wel aen dhier

450 3035 2140 199 stephen Rousseau betaelen en geldt tellen intrecken

433 3143 2062 169 de sijne quittantie en my advies gevonde sal ick

452 3252 2078 158 het altijdts op ue desunt laeten valideeren ue het

436 3385 1996 187 seltes ten hooghtten recommandeerende die

454 3468 2084 170 considerans te willen gebruyken ende dat wij ue soo

440 3580 1938 151 lanck gecrediteert hebben en grooten int rest

447 3675 1915 114 leyden. het waere mij leet ue oft mans in de

462 3775 2053 108 weereldt tte willen chagpincer en oft procetterte

2766 100 2159 141 aen te doen maer op soo een voet dwrighte ney

2762 231 2149 159 mijne conscientie want ick en mach het iijne

2759 294 2099 172 niet laeten verlooren gaen oock voor mijne

2768 422 2197 187 kinderen want het sjn tijden dat men niet ossweet

2792 585 2076 128 waer sich heeren oft berghen ende daer meer

2776 649 2113 206 schaede als protijt bij alle negotie gedaen wort

2745 788 2110 169 dat hodt gelihve te beteeren: ue sal van den

2771 862 2025 207 boede oock de quittantie van mijn broeder

2778 974 2162 223 becoemen ue groetende oock sul ue beminde

2743 1118 1747 200 ende de familie blijvee van herten

2736 1233 2211 216 Ghendt J De saedelaer Antwerpen 20 gber 1723

2770 1370 2189 199 ue aengenaeme van 16 cour. hebbe wel ontfangen

2719 1480 2280 213 met dat weed ingeleyde remises aet £100:- 13 deser dsicht

2731 1622 2174 166 op marie, Anna, enssabella vernien mey daer van

2755 1725 2174 201 voldaen ben en £146:8:- 15 deser gevallen ten

2723 1826 2195 190 laste masthys verberckmoes in Antwertpen te

2745 1957 2119 198 betaelen addres den boede s. Adriaen der wiycl

2728 2055 1939 213 waer voerens het noodigh sal besorghen

2717 2167 2196 191 ingesloeten den brief swet laste gisteren door mj

2751 2278 1989 192 voor ue rekent voldaen en waer os geene

2724 2375 2177 216 quittantie hebbe connen becoemen by absentie

2722 2506 2220 193 van den houden soo dat heden die door sjn cassier

2727 2679 2254 142 hebbe doen stellen van n £100:- aƒ 35: 5 vlaems

2742 2762 2221 149 £177:1: 8 waer vooren mij gelieve tecrediteeren

2717 2862 835 139 die blijve

2725 2919 2101 253 Brusse Gonde saedelaer Adiy 71 gber 1715

2725 3090 2237 175 met ue aengenaeme van gisteren becoeme reause

2719 3205 2239 195 op Pater Blarden voor ƒ 39: t sicht die heden

2719 3317 2259 151 geaccepteert heeft de wissel ue buyten de postdaeghen

2707 3428 2223 165 de noteeren oordeele van weenigh niet te weten

2712 3539 2031 141 voorleden en banco½ pret heden ij gedaen

2719 3665 2076 141 alhoewel van Amsterdam

2711 3757 2200 142 afcoeut. de afgevers hebben die geforeeert
