5248 3994
312 42 2155 191 sullen manheeren werders becoeme de rekene

341 162 2118 199 mijnder vercoghte laekens daer ue morgen

342 263 2103 204 sal over antwoorden naer getien hebbende

319 414 488 222 bljve

291 501 2080 266 Ghendt Joannes Macque Ady 12 meur 1725

379 577 2084 264 bij ue laeste overgoemste en toen ie mij deese

345 737 2096 209 aen ged aen heeft hebbe soo vol chartin

361 841 1999 239 geweest dat ick nochte geen men ich heue

337 965 2158 184 Jan can meloete. heten is de eerste reyte niet

379 1064 2008 213 dat ue met mij handelt en sck verhoep danue

363 1175 2059 238 geen andere redenen en heeft als om ue van

276 1292 2156 188 my te bedancken wan ick udt mijne afairens

333 1425 2094 224 schrijdende niet en socke als tot verlies mijne

353 1524 2052 209 goederen te vercoopen en afte schjden

334 1641 2181 199 daer ue nostsaekelijck en marckeick bij moet

350 1758 2032 251 protiteeren verders als ue de goederen in

313 1880 2191 231 hij heeft en ondervindt eenige beschaeden

349 2025 2087 197 Gaeydt Ick hebbe met plaisir ue genoegen

351 2108 2070 250 gegeven en laeten de fackeeren wat can

282 2217 2028 225 ue dan smmers isguseeren van mj van

346 2327 2035 223 mijne goederen afseheliven ende de selve

301 2418 2071 274 tot ue advantagie van tygt tot tijdt te

374 2584 2062 175 debiteeren naer voor sulken qualsteyst

348 2662 2041 210 van laekens die ue voorleden jaer tot t 312

332 2772 2073 248 pie niet veel en agrin en verlies hebbe

338 2909 2020 221 vercoght en gelevert mij nu te bieden

347 3027 2080 239 iqpa ende voor de sprechte Engelsche

330 3151 2017 223 appere versve Livige lackens s s1 pl

346 3275 1979 214 swaerdigh 39 stujvers hoe wrltne ick

344 3396 2064 149 die ue can vercoopen oft accordeeren

353 3525 1894 158 al wast gestoelen goet soo sonden die

305 3605 2097 199 meen trecken. ick hebbe gedaght ue sich soude

322 3722 1947 189 beraeden ende daer op hebbe ick de

2747 82 2144 187 strcken die ue untgeleydt hadde appaert geleydt

2734 187 1964 203 ue maer alleenelijck tot mijn bchaede ue

2742 309 2215 173 rintschap ver sockende van my vaer segne

2720 430 2227 177 restanten af te hepen en ue asserveerende

2744 558 2156 168 dat ick alles sal doen wat u van een eerlijk

2739 645 2194 154 man can oft magh desireeren en hier op

2726 759 2185 215 een letten antwoort venvaghtende blijve

2710 873 1952 259 Ghendt JBBde Saedelaer Ady 13 meij 1723

4765 973 121 164 d

2666 1018 2216 238 naer het vertreck van den post op gisteren be

2684 1166 2245 199 den welcken ue geschreven hebbe en mij aen gebraeghe

2707 1251 2200 200 examineerende ue rekeninge mij gesonden van

2679 1392 2217 178 desn vercoop van de twee laeste laekens en een

2722 1521 2197 185 half in dato 3 April 1715 voor mijne rekeninge

2716 1655 2232 149 te vercoopen levinde de selve seer incorreet ende

2716 1739 2195 205 by naer ommoogelijck naer te sien die hebben

2712 1836 589 141 bestaen en

2707 1923 2084 189 een fijn dick swert N157 a3½ gelieviteert  ƒ 314:6

2713 2021 2016 198 een drap dhomme N143  35 geluuiteert a ƒ313:-

2696 2129 2041 209 een heff drapdedammer 164 31¼ gelinteesta ƒ 343:-

2692 2248 2133 185 waer van noch prijsen noch maeten uyt coemen

2677 2357 2213 170 ja ue proventie voor mij bestaet in £78:1:9 daer

2684 2512 2064 156 die my in rekeninge besoeckt staen £38:3:5

2709 2581 2196 194 verdert is mij noch rekeninge coemende van de

2696 2695 2193 214 partija 22 meert 1715 die ue noeyt gesonden heeft

2669 2814 2154 164 bestaende oock in drj laekens ue gesonden alo

2662 2932 2229 197 1 swert bjn diet  12 a 55½ gelinateert a 316 p

2661 3038 2249 198 swehe dras dh N141 a 52  geliniteert a  15 re

2666 3139 2199 203 ad bleetheyst N105 a 55 gelimiteert a  14 gp

2712 3231 2194 191 waer van ue alleenelijck mij eene memorcken

2684 3374 2229 191 over jaeren heeft laeten toenaemen dat ick mijn

2688 3488 2185 160 memorsael hevens de partye si memoiie van

2698 3583 2199 209 ue eygen handt aengehecht bevinde bestaende

2692 3709 1496 193 indese volgende woorde in
