<?xml version="1.0" encoding="UTF-8"?>
<alto xmlns:xsi="http://www.w3.org/2001/XMLSchema-instance"
      xmlns="http://www.loc.gov/standards/alto/ns-v4#"
      xmlns:page="http://schema.primaresearch.org/PAGE/gts/pagecontent/2013-07-15"
      xsi:schemaLocation="http://www.loc.gov/standards/alto/ns-v4# https://www.loc.gov/standards/alto/v4/alto.xsd">
   <Description>
      <MeasurementUnit>pixel</MeasurementUnit>
      <OCRProcessing ID="IdOcr">
         <ocrProcessingStep>
            <processingDateTime>2022-02-11T21:34:02.303+01:00</processingDateTime>
            <processingSoftware>
               <softwareCreator>READ COOP</softwareCreator>
               <softwareName>Transkribus</softwareName>
            </processingSoftware>
         </ocrProcessingStep>
      </OCRProcessing>
   </Description>
   <Layout>
      <Page ID="Page1" PHYSICAL_IMG_NR="1" HEIGHT="3942" WIDTH="5197">
         <TopMargin HEIGHT="0" WIDTH="5197" VPOS="0" HPOS="0"/>
         <LeftMargin HEIGHT="3942" WIDTH="0" VPOS="0" HPOS="0"/>
         <RightMargin HEIGHT="3942" WIDTH="0" VPOS="0" HPOS="5197"/>
         <BottomMargin HEIGHT="0" WIDTH="5197" VPOS="3942" HPOS="0"/>
         <PrintSpace HEIGHT="3942" WIDTH="5197" VPOS="0" HPOS="0">
            <TextBlock ID="region_1644608717212_5236"
                       HEIGHT="3749"
                       WIDTH="2253"
                       VPOS="51"
                       HPOS="384">
               <Shape>
                  <Polygon POINTS="384,51 2637,51 2637,3800 384,3800"/>
               </Shape>
               <TextLine ID="region_1644608717212_5236l1"
                         BASELINE="470,160 570,158 671,156 771,156 872,156 973,156 1073,156 1174,156 1274,158 1375,160 1476,162 1576,164 1677,166 1777,168 1878,170 1979,172 2079,174 2180,176 2280,178 2381,180 2482,182"
                         HEIGHT="155"
                         WIDTH="2041"
                         VPOS="87"
                         HPOS="456">
                  <String ID="string_region_1644608717212_5236l1"
                          HEIGHT="155"
                          WIDTH="2041"
                          VPOS="87"
                          HPOS="456"
                          CONTENT="Ghend J de saedelaer Ady 19 Janu 1725"/>
               </TextLine>
               <TextLine ID="region_1644608717212_5236l2"
                         BASELINE="494,288 597,286 701,284 805,282 908,280 1012,280 1116,282 1219,282 1323,284 1427,284 1531,286 1634,288 1738,290 1842,290 1945,292 2049,292 2153,292 2256,292 2360,291 2464,290 2568,286"
                         HEIGHT="158"
                         WIDTH="2102"
                         VPOS="164"
                         HPOS="480">
                  <String ID="string_region_1644608717212_5236l2"
                          HEIGHT="158"
                          WIDTH="2102"
                          VPOS="164"
                          HPOS="480"
                          CONTENT="in antwoort op ue misseve van gistertn seyghe "/>
               </TextLine>
               <TextLine ID="region_1644608717212_5236l3"
                         BASELINE="468,406 565,400 662,396 759,394 857,392 954,392 1051,390 1149,392 1246,392 1343,394 1441,394 1538,396 1635,396 1732,398 1830,398 1927,398 2024,396 2122,394 2219,392 2316,388 2414,382"
                         HEIGHT="182"
                         WIDTH="1972"
                         VPOS="273"
                         HPOS="455">
                  <String ID="string_region_1644608717212_5236l3"
                          HEIGHT="182"
                          WIDTH="1972"
                          VPOS="273"
                          HPOS="455"
                          CONTENT="dat hierter bosse hooyt gebrruykelijck een k"/>
               </TextLine>
               <TextLine ID="region_1644608717212_5236l4"
                         BASELINE="494,518 596,513 698,509 800,506 902,504 1004,502 1106,500 1208,500 1310,500 1412,500 1514,498 1616,498 1718,498 1820,498 1922,497 2024,496 2126,494 2228,492 2330,487 2432,483 2534,478"
                         HEIGHT="200"
                         WIDTH="2068"
                         VPOS="394"
                         HPOS="479">
                  <String ID="string_region_1644608717212_5236l4"
                          HEIGHT="200"
                          WIDTH="2068"
                          VPOS="394"
                          HPOS="479"
                          CONTENT="geweest nochte en is als capitaelen en s"/>
               </TextLine>
               <TextLine ID="region_1644608717212_5236l5"
                         BASELINE="442,642 545,633 648,627 752,621 855,616 959,612 1062,610 1165,608 1269,606 1372,604 1476,604 1579,602 1682,602 1786,602 1889,602 1993,600 2096,600 2199,599 2303,598 2406,596 2510,594"
                         HEIGHT="162"
                         WIDTH="2097"
                         VPOS="524"
                         HPOS="429">
                  <String ID="string_region_1644608717212_5236l5"
                          HEIGHT="162"
                          WIDTH="2097"
                          VPOS="524"
                          HPOS="429"
                          CONTENT="brieven in gilvere spenen te betaelen nu die hen"/>
               </TextLine>
               <TextLine ID="region_1644608717212_5236l6"
                         BASELINE="496,740 588,734 681,730 773,726 866,724 959,722 1051,720 1144,720 1236,718 1329,718 1422,718 1514,716 1607,716 1699,716 1792,714 1885,712 1977,711 2070,708 2162,704 2255,700 2348,696"
                         HEIGHT="198"
                         WIDTH="1881"
                         VPOS="610"
                         HPOS="481">
                  <String ID="string_region_1644608717212_5236l6"
                          HEIGHT="198"
                          WIDTH="1881"
                          VPOS="610"
                          HPOS="481"
                          CONTENT="op coopmanschappen handelende met goet"/>
               </TextLine>
               <TextLine ID="region_1644608717212_5236l7"
                         BASELINE="466,848 566,844 666,840 766,836 866,834 967,832 1067,830 1167,828 1267,826 1367,826 1468,824 1568,824 1668,822 1768,820 1868,818 1969,816 2069,814 2169,810 2269,805 2369,800 2470,794"
                         HEIGHT="153"
                         WIDTH="2034"
                         VPOS="721"
                         HPOS="452">
                  <String ID="string_region_1644608717212_5236l7"
                          HEIGHT="153"
                          WIDTH="2034"
                          VPOS="721"
                          HPOS="452"
                          CONTENT="overlast vinden pracken ene ames en wille "/>
               </TextLine>
               <TextLine ID="region_1644608717212_5236l8"
                         BASELINE="460,948 563,948 666,946 769,944 872,942 975,940 1078,938 1181,936 1284,934 1387,931 1491,928 1594,927 1697,926 1800,924 1903,922 2006,922 2109,922 2212,922 2315,923 2418,925 2522,928"
                         HEIGHT="198"
                         WIDTH="2092"
                         VPOS="820"
                         HPOS="445">
                  <String ID="string_region_1644608717212_5236l8"
                          HEIGHT="198"
                          WIDTH="2092"
                          VPOS="820"
                          HPOS="445"
                          CONTENT="het selfde opdringken. daer geschteden proeten "/>
               </TextLine>
               <TextLine ID="region_1644608717212_5236l9"
                         BASELINE="474,1062 575,1058 677,1055 779,1052 881,1048 983,1046 1084,1044 1186,1041 1288,1038 1390,1036 1492,1034 1593,1032 1695,1032 1797,1030 1899,1028 2001,1028 2102,1026 2204,1026 2306,1026 2408,1026 2510,1026"
                         HEIGHT="160"
                         WIDTH="2067"
                         VPOS="938"
                         HPOS="458">
                  <String ID="string_region_1644608717212_5236l9"
                          HEIGHT="160"
                          WIDTH="2067"
                          VPOS="938"
                          HPOS="458"
                          CONTENT="en contra protesten met het arresteeren de"/>
               </TextLine>
               <TextLine ID="region_1644608717212_5236l10"
                         BASELINE="476,1172 577,1168 679,1162 781,1158 883,1153 985,1150 1087,1146 1189,1144 1291,1142 1393,1140 1495,1140 1596,1138 1698,1138 1800,1138 1902,1140 2004,1140 2106,1142 2208,1143 2310,1146 2412,1148 2514,1150"
                         HEIGHT="183"
                         WIDTH="2064"
                         VPOS="1036"
                         HPOS="463">
                  <String ID="string_region_1644608717212_5236l10"
                          HEIGHT="183"
                          WIDTH="2064"
                          VPOS="1036"
                          HPOS="463"
                          CONTENT="wisselbrieven hoe die laeten sullen eyndighen "/>
               </TextLine>
               <TextLine ID="region_1644608717212_5236l11"
                         BASELINE="468,1274 572,1268 676,1264 781,1260 885,1258 990,1256 1094,1254 1198,1252 1303,1250 1407,1250 1512,1250 1616,1250 1720,1250 1825,1250 1929,1250 2034,1250 2138,1250 2242,1252 2347,1252 2451,1252 2556,1252"
                         HEIGHT="178"
                         WIDTH="2116"
                         VPOS="1159"
                         HPOS="455">
                  <String ID="string_region_1644608717212_5236l11"
                          HEIGHT="178"
                          WIDTH="2116"
                          VPOS="1159"
                          HPOS="455"
                          CONTENT="en weete ick niet mij in diergelijcke gevallen in"/>
               </TextLine>
               <TextLine ID="region_1644608717212_5236l12"
                         BASELINE="462,1374 563,1371 664,1368 765,1366 866,1363 967,1360 1068,1358 1169,1356 1270,1354 1371,1352 1472,1350 1573,1348 1674,1348 1775,1348 1876,1348 1977,1348 2078,1350 2179,1352 2280,1354 2381,1358 2482,1362"
                         HEIGHT="160"
                         WIDTH="2050"
                         VPOS="1251"
                         HPOS="447">
                  <String ID="string_region_1644608717212_5236l12"
                          HEIGHT="160"
                          WIDTH="2050"
                          VPOS="1251"
                          HPOS="447"
                          CONTENT="te wickelen om cest provisie en pret endetre "/>
               </TextLine>
               <TextLine ID="region_1644608717212_5236l13"
                         BASELINE="458,1480 557,1478 657,1474 757,1472 857,1468 957,1466 1056,1462 1156,1460 1256,1458 1356,1456 1456,1454 1555,1452 1655,1452 1755,1450 1855,1451 1955,1452 2054,1453 2154,1454 2254,1458 2354,1462 2454,1466"
                         HEIGHT="142"
                         WIDTH="2023"
                         VPOS="1412"
                         HPOS="444">
                  <String ID="string_region_1644608717212_5236l13"
                          HEIGHT="142"
                          WIDTH="2023"
                          VPOS="1412"
                          HPOS="444"
                          CONTENT="niet het gout oft son pistarten t ontfangen"/>
               </TextLine>
               <TextLine ID="region_1644608717212_5236l14"
                         BASELINE="472,1588 576,1584 680,1580 784,1576 888,1574 992,1570 1096,1568 1200,1566 1304,1564 1408,1562 1513,1560 1617,1560 1721,1560 1825,1559 1929,1560 2033,1560 2137,1561 2241,1562 2345,1564 2449,1566 2554,1570"
                         HEIGHT="214"
                         WIDTH="2111"
                         VPOS="1448"
                         HPOS="458">
                  <String ID="string_region_1644608717212_5236l14"
                          HEIGHT="214"
                          WIDTH="2111"
                          VPOS="1448"
                          HPOS="458"
                          CONTENT="en silver gelde uytgeven en naer dat n schaede"/>
               </TextLine>
               <TextLine ID="region_1644608717212_5236l15"
                         BASELINE="414,1702 521,1698 628,1694 735,1690 842,1686 949,1682 1056,1678 1163,1674 1270,1671 1377,1668 1484,1665 1591,1664 1698,1662 1805,1662 1912,1664 2019,1666 2126,1669 2233,1674 2340,1680 2447,1689 2554,1700"
                         HEIGHT="184"
                         WIDTH="2169"
                         VPOS="1552"
                         HPOS="399">
                  <String ID="string_region_1644608717212_5236l15"
                          HEIGHT="184"
                          WIDTH="2169"
                          VPOS="1552"
                          HPOS="399"
                          CONTENT="draeghen en mesteere de commissie niet"/>
               </TextLine>
               <TextLine ID="region_1644608717212_5236l16"
                         BASELINE="476,1816 576,1810 677,1803 778,1798 878,1794 979,1788 1080,1784 1180,1780 1281,1778 1382,1775 1483,1772 1583,1772 1684,1770 1785,1770 1885,1770 1986,1770 2087,1772 2187,1774 2288,1776 2389,1778 2490,1782"
                         HEIGHT="186"
                         WIDTH="2042"
                         VPOS="1664"
                         HPOS="462">
                  <String ID="string_region_1644608717212_5236l16"
                          HEIGHT="186"
                          WIDTH="2042"
                          VPOS="1664"
                          HPOS="462"
                          CONTENT="soo dat ue beeter sal doen op hollandt my te "/>
               </TextLine>
               <TextLine ID="region_1644608717212_5236l17"
                         BASELINE="468,1922 571,1914 674,1908 777,1902 880,1896 983,1890 1086,1886 1189,1883 1292,1880 1395,1878 1499,1876 1602,1876 1705,1876 1808,1876 1911,1878 2014,1880 2117,1882 2220,1886 2323,1891 2426,1896 2530,1902"
                         HEIGHT="158"
                         WIDTH="2089"
                         VPOS="1780"
                         HPOS="454">
                  <String ID="string_region_1644608717212_5236l17"
                          HEIGHT="158"
                          WIDTH="2089"
                          VPOS="1780"
                          HPOS="454"
                          CONTENT="remitteeren want dan can ick in alle gevallen"/>
               </TextLine>
               <TextLine ID="region_1644608717212_5236l18"
                         BASELINE="452,2022 556,2016 660,2013 765,2010 869,2007 974,2005 1078,2003 1182,2002 1287,2000 1391,2000 1496,2000 1600,1999 1704,1998 1809,1998 1913,1998 2018,1996 2122,1994 2226,1993 2331,1991 2435,1988 2540,1986"
                         HEIGHT="171"
                         WIDTH="2117"
                         VPOS="1888"
                         HPOS="438">
                  <String ID="string_region_1644608717212_5236l18"
                          HEIGHT="171"
                          WIDTH="2117"
                          VPOS="1888"
                          HPOS="438"
                          CONTENT="conditioneeren gisteren banco pas a 3 cour"/>
               </TextLine>
               <TextLine ID="region_1644608717212_5236l19"
                         BASELINE="472,2142 576,2138 681,2135 785,2131 890,2127 995,2124 1099,2120 1204,2116 1308,2112 1413,2110 1518,2108 1622,2105 1727,2104 1831,2104 1936,2104 2041,2104 2145,2106 2250,2108 2354,2112 2459,2116 2564,2122"
                         HEIGHT="188"
                         WIDTH="2120"
                         VPOS="2007"
                         HPOS="459">
                  <String ID="string_region_1644608717212_5236l19"
                          HEIGHT="188"
                          WIDTH="2120"
                          VPOS="2007"
                          HPOS="459"
                          CONTENT="t'g schaede ghendt te trecken oft Boussel present"/>
               </TextLine>
               <TextLine ID="region_1644608717212_5236l20"
                         BASELINE="428,2256 530,2252 632,2248 734,2244 836,2240 938,2234 1040,2230 1142,2226 1244,2222 1346,2218 1449,2215 1551,2212 1653,2210 1755,2210 1857,2210 1959,2210 2061,2213 2163,2216 2265,2222 2367,2228 2470,2236"
                         HEIGHT="210"
                         WIDTH="2071"
                         VPOS="2117"
                         HPOS="414">
                  <String ID="string_region_1644608717212_5236l20"
                          HEIGHT="210"
                          WIDTH="2071"
                          VPOS="2117"
                          HPOS="414"
                          CONTENT="dommongelyck leostij verliesen de brieven 1t prete"/>
               </TextLine>
               <TextLine ID="region_1644608717212_5236l21"
                         BASELINE="468,2366 567,2360 667,2356 766,2350 866,2346 966,2341 1065,2338 1165,2334 1264,2332 1364,2330 1464,2328 1563,2326 1663,2326 1762,2326 1862,2326 1962,2326 2061,2326 2161,2328 2260,2329 2360,2331 2460,2334"
                         HEIGHT="187"
                         WIDTH="2020"
                         VPOS="2229"
                         HPOS="452">
                  <String ID="string_region_1644608717212_5236l21"
                          HEIGHT="187"
                          WIDTH="2020"
                          VPOS="2229"
                          HPOS="452"
                          CONTENT="Brussel sprete tot ue governo de partije p"/>
               </TextLine>
               <TextLine ID="region_1644608717212_5236l22"
                         BASELINE="440,2480 542,2473 644,2467 746,2462 848,2456 950,2453 1052,2450 1154,2446 1256,2444 1358,2442 1460,2440 1562,2440 1664,2438 1766,2438 1868,2436 1970,2434 2072,2434 2174,2432 2276,2430 2378,2428 2480,2426"
                         HEIGHT="225"
                         WIDTH="2071"
                         VPOS="2311"
                         HPOS="424">
                  <String ID="string_region_1644608717212_5236l22"
                          HEIGHT="225"
                          WIDTH="2071"
                          VPOS="2311"
                          HPOS="424"
                          CONTENT="sntvrouw de miran da 3 my i tivere pack"/>
               </TextLine>
               <TextLine ID="region_1644608717212_5236l23"
                         BASELINE="460,2578 559,2574 659,2570 758,2566 858,2564 957,2560 1057,2558 1156,2556 1256,2554 1355,2552 1455,2550 1554,2548 1654,2546 1753,2544 1853,2542 1952,2542 2052,2540 2151,2538 2251,2536 2350,2534 2450,2532"
                         HEIGHT="162"
                         WIDTH="2021"
                         VPOS="2432"
                         HPOS="444">
                  <String ID="string_region_1644608717212_5236l23"
                          HEIGHT="162"
                          WIDTH="2021"
                          VPOS="2432"
                          HPOS="444"
                          CONTENT="betaelt toet gesucht van het vermanderen de "/>
               </TextLine>
               <TextLine ID="region_1644608717212_5236l24"
                         BASELINE="466,2682 571,2682 677,2682 782,2679 888,2676 994,2672 1099,2667 1205,2663 1310,2658 1416,2652 1522,2648 1627,2644 1733,2642 1838,2640 1944,2638 2050,2638 2155,2640 2261,2644 2366,2650 2472,2660 2578,2670"
                         HEIGHT="181"
                         WIDTH="2142"
                         VPOS="2565"
                         HPOS="449">
                  <String ID="string_region_1644608717212_5236l24"
                          HEIGHT="181"
                          WIDTH="2142"
                          VPOS="2565"
                          HPOS="449"
                          CONTENT="son n stoolen brenght ghoote comppist v het"/>
               </TextLine>
               <TextLine ID="region_1644608717212_5236l25"
                         BASELINE="458,2786 562,2788 666,2790 770,2788 874,2788 979,2784 1083,2782 1187,2778 1291,2774 1395,2770 1500,2766 1604,2763 1708,2760 1812,2756 1916,2754 2021,2752 2125,2752 2229,2754 2333,2756 2437,2760 2542,2764"
                         HEIGHT="219"
                         WIDTH="2113"
                         VPOS="2641"
                         HPOS="443">
                  <String ID="string_region_1644608717212_5236l25"
                          HEIGHT="219"
                          WIDTH="2113"
                          VPOS="2641"
                          HPOS="443"
                          CONTENT="contmete des een sacht tick voor schaedetn"/>
               </TextLine>
               <TextLine ID="region_1644608717212_5236l26"
                         BASELINE="466,2894 570,2894 674,2892 778,2890 882,2888 987,2886 1091,2884 1195,2882 1299,2880 1403,2878 1508,2877 1612,2876 1716,2875 1820,2874 1924,2876 2029,2877 2133,2880 2237,2882 2341,2888 2445,2892 2550,2900"
                         HEIGHT="138"
                         WIDTH="2110"
                         VPOS="2798"
                         HPOS="453">
                  <String ID="string_region_1644608717212_5236l26"
                          HEIGHT="138"
                          WIDTH="2110"
                          VPOS="2798"
                          HPOS="453"
                          CONTENT="behoeden ickbljvece op lte"/>
               </TextLine>
               <TextLine ID="region_1644608717212_5236l27"
                         BASELINE="442,3026 542,3020 643,3014 744,3010 845,3005 946,3001 1046,2998 1147,2994 1248,2992 1349,2990 1450,2986 1550,2986 1651,2984 1752,2982 1853,2981 1954,2980 2054,2980 2155,2978 2256,2978 2357,2978 2458,2978"
                         HEIGHT="146"
                         WIDTH="2047"
                         VPOS="2902"
                         HPOS="426">
                  <String ID="string_region_1644608717212_5236l27"
                          HEIGHT="146"
                          WIDTH="2047"
                          VPOS="2902"
                          HPOS="426"
                          CONTENT=" loos den magh ue wel mmess en van grenser"/>
               </TextLine>
               <TextLine ID="region_1644608717212_5236l28"
                         BASELINE="468,3132 567,3125 667,3120 767,3114 866,3110 966,3104 1066,3101 1165,3097 1265,3094 1365,3092 1465,3090 1564,3088 1664,3086 1764,3086 1863,3086 1963,3086 2063,3086 2162,3088 2262,3090 2362,3092 2462,3096"
                         HEIGHT="167"
                         WIDTH="2023"
                         VPOS="2984"
                         HPOS="454">
                  <String ID="string_region_1644608717212_5236l28"
                          HEIGHT="167"
                          WIDTH="2023"
                          VPOS="2984"
                          HPOS="454"
                          CONTENT="oop san van Delft die en sultkex en macheen "/>
               </TextLine>
               <TextLine ID="region_1644608717212_5236l29"
                         BASELINE="416,3250 514,3244 613,3238 712,3233 811,3229 910,3223 1008,3219 1107,3216 1206,3211 1305,3208 1404,3204 1502,3202 1601,3200 1700,3198 1799,3198 1898,3198 1996,3198 2095,3198 2194,3200 2293,3202 2392,3204"
                         HEIGHT="231"
                         WIDTH="2004"
                         VPOS="3103"
                         HPOS="401">
                  <String ID="string_region_1644608717212_5236l29"
                          HEIGHT="231"
                          WIDTH="2004"
                          VPOS="3103"
                          HPOS="401"
                          CONTENT="geet qu su  m yout to betallese "/>
               </TextLine>
               <TextLine ID="region_1644608717212_5236l30"
                         BASELINE="2102,3288 2127,3290 2153,3291 2179,3291 2205,3292 2231,3292 2256,3291 2282,3288 2308,3286 2334,3284 2360,3282"
                         HEIGHT="85"
                         WIDTH="288"
                         VPOS="3238"
                         HPOS="2087">
                  <String ID="string_region_1644608717212_5236l30"
                          HEIGHT="85"
                          WIDTH="288"
                          VPOS="3238"
                          HPOS="2087"
                          CONTENT="yj hed"/>
               </TextLine>
               <TextLine ID="region_1644608717212_5236l31"
                         BASELINE="430,3356 484,3356 538,3356 593,3356 647,3356 702,3356 756,3356 810,3354 865,3354 919,3354 974,3352 1028,3352 1082,3350 1137,3350 1191,3348 1246,3348 1300,3346 1354,3346 1409,3345 1463,3344 1518,3344"
                         HEIGHT="231"
                         WIDTH="1119"
                         VPOS="3202"
                         HPOS="415">
                  <String ID="string_region_1644608717212_5236l31"
                          HEIGHT="231"
                          WIDTH="1119"
                          VPOS="3202"
                          HPOS="415"
                          CONTENT="Ghendt JBd de Gaedela"/>
               </TextLine>
               <TextLine ID="region_1644608717212_5236l32"
                         BASELINE="1794,3334 1828,3338 1862,3341 1896,3344 1930,3348 1964,3350 1998,3353 2032,3355 2066,3356 2100,3358 2134,3358 2168,3358 2202,3358 2236,3358 2270,3358 2304,3357 2338,3356 2372,3355 2406,3354 2440,3352 2474,3350"
                         HEIGHT="225"
                         WIDTH="712"
                         VPOS="3210"
                         HPOS="1779">
                  <String ID="string_region_1644608717212_5236l32"
                          HEIGHT="225"
                          WIDTH="712"
                          VPOS="3210"
                          HPOS="1779"
                          CONTENT="Ady 83: ditto"/>
               </TextLine>
               <TextLine ID="region_1644608717212_5236l33"
                         BASELINE="502,3494 605,3492 709,3492 813,3490 917,3490 1021,3490 1125,3489 1229,3490 1333,3490 1437,3490 1541,3490 1644,3490 1748,3492 1852,3492 1956,3494 2060,3494 2164,3496 2268,3498 2372,3498 2476,3500 2580,3502"
                         HEIGHT="166"
                         WIDTH="2105"
                         VPOS="3364"
                         HPOS="488">
                  <String ID="string_region_1644608717212_5236l33"
                          HEIGHT="166"
                          WIDTH="2105"
                          VPOS="3364"
                          HPOS="488"
                          CONTENT="anders met als tot opsenden van den brief"/>
               </TextLine>
               <TextLine ID="region_1644608717212_5236l34"
                         BASELINE="482,3620 586,3618 690,3616 795,3614 899,3612 1004,3610 1108,3608 1212,3606 1317,3606 1421,3604 1526,3604 1630,3604 1734,3604 1839,3604 1943,3604 2048,3605 2152,3606 2256,3608 2361,3610 2465,3611 2570,3614"
                         HEIGHT="151"
                         WIDTH="2116"
                         VPOS="3493"
                         HPOS="468">
                  <String ID="string_region_1644608717212_5236l34"
                          HEIGHT="151"
                          WIDTH="2116"
                          VPOS="3493"
                          HPOS="468"
                          CONTENT="t £ 100  :49 40 vlaemen £176„13:4 ma"/>
               </TextLine>
               <TextLine ID="region_1644608717212_5236l35"
                         BASELINE="496,3740 595,3738 694,3734 793,3732 892,3730 991,3728 1090,3728 1189,3726 1288,3726 1387,3724 1487,3724 1586,3722 1685,3722 1784,3720 1883,3720 1982,3718 2081,3717 2180,3716 2279,3714 2378,3711 2478,3708"
                         HEIGHT="147"
                         WIDTH="2009"
                         VPOS="3611"
                         HPOS="483">
                  <String ID="string_region_1644608717212_5236l35"
                          HEIGHT="147"
                          WIDTH="2009"
                          VPOS="3611"
                          HPOS="483"
                          CONTENT="heden voor ssyne bakent betaelt e"/>
               </TextLine>
            </TextBlock>
            <TextBlock ID="region_1644608720172_5239"
                       HEIGHT="3878"
                       WIDTH="2302"
                       VPOS="5"
                       HPOS="2757">
               <Shape>
                  <Polygon POINTS="2757,5 5059,5 5059,3883 2757,3883"/>
               </Shape>
               <TextLine ID="region_1644608720172_5239l1"
                         BASELINE="2826,178 2927,182 3029,184 3131,186 3232,186 3334,184 3436,183 3537,181 3639,178 3741,176 3843,174 3944,170 4046,168 4148,166 4249,164 4351,164 4453,164 4554,165 4656,167 4758,170 4860,174"
                         HEIGHT="232"
                         WIDTH="2064"
                         VPOS="41"
                         HPOS="2811">
                  <String ID="string_region_1644608720172_5239l1"
                          HEIGHT="232"
                          WIDTH="2064"
                          VPOS="41"
                          HPOS="2811"
                          CONTENT="Gand JBBde Saedelaer AAdy 29 Jauu 78"/>
               </TextLine>
               <TextLine ID="region_1644608720172_5239l2"
                         BASELINE="2828,328 2934,326 3040,324 3146,322 3252,322 3358,320 3464,318 3570,316 3676,315 3782,314 3888,312 3994,312 4100,310 4206,310 4312,308 4418,308 4524,306 4630,306 4736,306 4842,306 4948,306"
                         HEIGHT="207"
                         WIDTH="2147"
                         VPOS="191"
                         HPOS="2815">
                  <String ID="string_region_1644608720172_5239l2"
                          HEIGHT="207"
                          WIDTH="2147"
                          VPOS="191"
                          HPOS="2815"
                          CONTENT="ben verwondort ue geen mentie maeckre van myn"/>
               </TextLine>
               <TextLine ID="region_1644608720172_5239l3"
                         BASELINE="2822,444 2925,448 3028,450 3131,452 3234,452 3338,452 3441,452 3544,450 3647,448 3750,446 3854,445 3957,442 4060,440 4163,438 4266,435 4370,433 4473,430 4576,428 4679,426 4782,426 4886,424"
                         HEIGHT="188"
                         WIDTH="2092"
                         VPOS="305"
                         HPOS="2807">
                  <String ID="string_region_1644608720172_5239l3"
                          HEIGHT="188"
                          WIDTH="2092"
                          VPOS="305"
                          HPOS="2807"
                          CONTENT="brief 25 deser waer mede ue hebbe te sondee brief"/>
               </TextLine>
               <TextLine ID="region_1644608720172_5239l4"
                         BASELINE="2824,566 2924,570 3025,572 3125,574 3226,576 3327,576 3427,576 3528,576 3628,574 3729,572 3830,570 3930,568 4031,564 4131,562 4232,559 4333,556 4433,553 4534,550 4634,546 4735,544 4836,542"
                         HEIGHT="223"
                         WIDTH="2038"
                         VPOS="424"
                         HPOS="2809">
                  <String ID="string_region_1644608720172_5239l4"
                          HEIGHT="223"
                          WIDTH="2038"
                          VPOS="424"
                          HPOS="2809"
                          CONTENT="ta en laste door mij voldaen te £200:- a"/>
               </TextLine>
               <TextLine ID="region_1644608720172_5239l5"
                         BASELINE="2836,666 2944,678 3052,686 3160,693 3268,698 3376,700 3484,700 3592,700 3700,697 3808,694 3916,691 4024,686 4132,684 4240,680 4348,678 4456,676 4564,676 4672,676 4780,678 4888,684 4996,690"
                         HEIGHT="212"
                         WIDTH="2188"
                         VPOS="565"
                         HPOS="2821">
                  <String ID="string_region_1644608720172_5239l5"
                          HEIGHT="212"
                          WIDTH="2188"
                          VPOS="565"
                          HPOS="2821"
                          CONTENT="vlaems £176:13:4 sedert becoeme ue miste ve selven"/>
               </TextLine>
               <TextLine ID="region_1644608720172_5239l6"
                         BASELINE="2802,804 2909,810 3017,814 3125,817 3233,818 3341,818 3448,818 3556,816 3664,813 3772,810 3880,807 3987,804 4095,801 4203,798 4311,796 4419,796 4526,796 4634,798 4742,801 4850,807 4958,812"
                         HEIGHT="218"
                         WIDTH="2183"
                         VPOS="681"
                         HPOS="2788">
                  <String ID="string_region_1644608720172_5239l6"
                          HEIGHT="218"
                          WIDTH="2183"
                          VPOS="681"
                          HPOS="2788"
                          CONTENT="dato met remise uyt bardd 27 gber 2u as op Jan"/>
               </TextLine>
               <TextLine ID="region_1644608720172_5239l7"
                         BASELINE="3784,876 3804,878"
                         HEIGHT="78"
                         WIDTH="55"
                         VPOS="816"
                         HPOS="3768">
                  <String ID="string_region_1644608720172_5239l7"
                          HEIGHT="78"
                          WIDTH="55"
                          VPOS="816"
                          HPOS="3768"
                          CONTENT=""/>
               </TextLine>
               <TextLine ID="region_1644608720172_5239l8"
                         BASELINE="2822,932 2923,934 3024,936 3125,938 3226,938 3327,938 3428,936 3529,936 3630,934 3731,934 3832,932 3933,930 4034,928 4135,927 4236,926 4337,926 4438,926 4539,926 4640,926 4741,928 4842,932"
                         HEIGHT="163"
                         WIDTH="2048"
                         VPOS="798"
                         HPOS="2809">
                  <String ID="string_region_1644608720172_5239l8"
                          HEIGHT="163"
                          WIDTH="2048"
                          VPOS="798"
                          HPOS="2809"
                          CONTENT="Behouphel in Amsterd. Lanca ƒ 1159:15 heden"/>
               </TextLine>
               <TextLine ID="region_1644608720172_5239l9"
                         BASELINE="2828,1062 2930,1062 3032,1064 3134,1062 3236,1062 3338,1060 3440,1058 3542,1056 3644,1053 3746,1050 3848,1048 3950,1046 4052,1042 4154,1041 4256,1040 4358,1038 4460,1038 4562,1040 4664,1041 4766,1044 4868,1046"
                         HEIGHT="165"
                         WIDTH="2070"
                         VPOS="937"
                         HPOS="2813">
                  <String ID="string_region_1644608720172_5239l9"
                          HEIGHT="165"
                          WIDTH="2070"
                          VPOS="937"
                          HPOS="2813"
                          CONTENT="tot  ne advance ingesrochere mede ler briefse op"/>
               </TextLine>
               <TextLine ID="region_1644608720172_5239l10"
                         BASELINE="2812,1186 2922,1184 3032,1181 3142,1178 3252,1176 3362,1173 3472,1170 3582,1168 3692,1166 3802,1164 3912,1162 4022,1162 4132,1162 4242,1162 4352,1162 4462,1164 4572,1166 4682,1169 4792,1173 4902,1178 5012,1184"
                         HEIGHT="155"
                         WIDTH="2229"
                         VPOS="1050"
                         HPOS="2798">
                  <String ID="string_region_1644608720172_5239l10"
                          HEIGHT="155"
                          WIDTH="2229"
                          VPOS="1050"
                          HPOS="2798"
                          CONTENT="dirck Huylemas in Aesterd van hollants contant"/>
               </TextLine>
               <TextLine ID="region_1644608720172_5239l11"
                         BASELINE="2850,1312 2950,1308 3051,1304 3152,1300 3253,1296 3354,1294 3455,1292 3556,1290 3657,1290 3758,1290 3859,1288 3959,1288 4060,1288 4161,1290 4262,1290 4363,1290 4464,1290 4565,1290 4666,1290 4767,1292 4868,1292"
                         HEIGHT="212"
                         WIDTH="2047"
                         VPOS="1159"
                         HPOS="2835">
                  <String ID="string_region_1644608720172_5239l11"
                          HEIGHT="212"
                          WIDTH="2047"
                          VPOS="1159"
                          HPOS="2835"
                          CONTENT="£104:5: tot 4 prese ue schaedt dat ue met ue "/>
               </TextLine>
               <TextLine ID="region_1644608720172_5239l12"
                         BASELINE="2824,1422 2930,1420 3037,1418 3144,1416 3251,1414 3358,1412 3465,1410 3572,1409 3679,1408 3786,1406 3893,1406 3999,1406 4106,1406 4213,1406 4320,1406 4427,1406 4534,1408 4641,1408 4748,1411 4855,1413 4962,1416"
                         HEIGHT="228"
                         WIDTH="2166"
                         VPOS="1270"
                         HPOS="2809">
                  <String ID="string_region_1644608720172_5239l12"
                          HEIGHT="228"
                          WIDTH="2166"
                          VPOS="1270"
                          HPOS="2809"
                          CONTENT="misive van gisteren my remitteert sijnde op "/>
               </TextLine>
               <TextLine ID="region_1644608720172_5239l13"
                         BASELINE="2822,1542 2927,1540 3033,1538 3139,1536 3245,1536 3351,1534 3457,1534 3563,1534 3669,1534 3775,1534 3881,1536 3986,1536 4092,1538 4198,1538 4304,1540 4410,1542 4516,1544 4622,1544 4728,1546 4834,1548 4940,1550"
                         HEIGHT="210"
                         WIDTH="2144"
                         VPOS="1403"
                         HPOS="2809">
                  <String ID="string_region_1644608720172_5239l13"
                          HEIGHT="210"
                          WIDTH="2144"
                          VPOS="1403"
                          HPOS="2809"
                          CONTENT="dato dit is het noodighe dat vinde ue te melden"/>
               </TextLine>
               <TextLine ID="region_1644608720172_5239l14"
                         BASELINE="2844,1652 2876,1652 2908,1652 2941,1652 2973,1654 3006,1654 3038,1654 3070,1656 3103,1656 3135,1656 3168,1656 3200,1656 3232,1656 3265,1656 3297,1656 3330,1654 3362,1652 3394,1651 3427,1648 3459,1645 3492,1640"
                         HEIGHT="141"
                         WIDTH="677"
                         VPOS="1543"
                         HPOS="2830">
                  <String ID="string_region_1644608720172_5239l14"
                          HEIGHT="141"
                          WIDTH="677"
                          VPOS="1543"
                          HPOS="2830"
                          CONTENT="ende dat best"/>
               </TextLine>
               <TextLine ID="region_1644608720172_5239l15"
                         BASELINE="2832,1766 2880,1768 2928,1770 2976,1772 3025,1772 3073,1772 3121,1772 3170,1772 3218,1772 3266,1770 3315,1769 3363,1767 3411,1766 3459,1764 3508,1762 3556,1760 3604,1758 3653,1756 3701,1754 3749,1752 3798,1750"
                         HEIGHT="238"
                         WIDTH="997"
                         VPOS="1620"
                         HPOS="2816">
                  <String ID="string_region_1644608720172_5239l15"
                          HEIGHT="238"
                          WIDTH="997"
                          VPOS="1620"
                          HPOS="2816"
                          CONTENT="Ghend Jb de Saedelaer"/>
               </TextLine>
               <TextLine ID="region_1644608720172_5239l16"
                         BASELINE="4050,1756 4096,1754 4142,1754 4188,1753 4235,1753 4281,1754 4327,1754 4374,1756 4420,1758 4466,1760 4513,1762 4559,1765 4605,1767 4651,1770 4698,1772 4744,1775 4790,1776 4837,1780 4883,1782 4929,1784 4976,1786"
                         HEIGHT="267"
                         WIDTH="963"
                         VPOS="1585"
                         HPOS="4033">
                  <String ID="string_region_1644608720172_5239l16"
                          HEIGHT="267"
                          WIDTH="963"
                          VPOS="1585"
                          HPOS="4033"
                          CONTENT="Adij 3 februarpij 1725"/>
               </TextLine>
               <TextLine ID="region_1644608720172_5239l17"
                         BASELINE="2858,1896 2959,1896 3060,1894 3161,1894 3262,1894 3363,1894 3464,1894 3565,1894 3666,1894 3767,1896 3869,1896 3970,1898 4071,1900 4172,1900 4273,1902 4374,1904 4475,1906 4576,1910 4677,1912 4778,1916 4880,1918"
                         HEIGHT="227"
                         WIDTH="2050"
                         VPOS="1756"
                         HPOS="2844">
                  <String ID="string_region_1644608720172_5239l17"
                          HEIGHT="227"
                          WIDTH="2050"
                          VPOS="1756"
                          HPOS="2844"
                          CONTENT="ontfangen ne missive van 31 patt. met remige"/>
               </TextLine>
               <TextLine ID="region_1644608720172_5239l18"
                         BASELINE="2842,2010 2945,2006 3049,2004 3153,2002 3257,2002 3361,2000 3465,2000 3569,2000 3673,2002 3777,2002 3881,2004 3984,2006 4088,2008 4192,2009 4296,2012 4400,2012 4504,2014 4608,2016 4712,2018 4816,2018 4920,2018"
                         HEIGHT="204"
                         WIDTH="2105"
                         VPOS="1885"
                         HPOS="2828">
                  <String ID="string_region_1644608720172_5239l18"
                          HEIGHT="204"
                          WIDTH="2105"
                          VPOS="1885"
                          HPOS="2828"
                          CONTENT="om Jacrmo jo seph de vos in Amsterdam sebve ditte"/>
               </TextLine>
               <TextLine ID="region_1644608720172_5239l19"
                         BASELINE="2870,2116 2970,2118 3070,2118 3171,2118 3271,2120 3372,2120 3472,2120 3572,2120 3673,2120 3773,2119 3874,2118 3974,2118 4074,2118 4175,2118 4275,2118 4376,2120 4476,2120 4576,2120 4677,2122 4777,2124 4878,2126"
                         HEIGHT="186"
                         WIDTH="2036"
                         VPOS="2007"
                         HPOS="2857">
                  <String ID="string_region_1644608720172_5239l19"
                          HEIGHT="186"
                          WIDTH="2036"
                          VPOS="2007"
                          HPOS="2857"
                          CONTENT=" dato van banco £100:- die naenndagh sal"/>
               </TextLine>
               <TextLine ID="region_1644608720172_5239l20"
                         BASELINE="2842,2242 2950,2239 3058,2236 3166,2234 3274,2234 3382,2232 3490,2232 3598,2232 3706,2232 3814,2232 3923,2234 4031,2234 4139,2236 4247,2236 4355,2238 4463,2240 4571,2240 4679,2242 4787,2244 4895,2245 5004,2246"
                         HEIGHT="175"
                         WIDTH="2187"
                         VPOS="2132"
                         HPOS="2829">
                  <String ID="string_region_1644608720172_5239l20"
                          HEIGHT="175"
                          WIDTH="2187"
                          VPOS="2132"
                          HPOS="2829"
                          CONTENT="intrecken aengaende de sonpistoalen ick en week"/>
               </TextLine>
               <TextLine ID="region_1644608720172_5239l21"
                         BASELINE="2850,2348 2955,2346 3061,2344 3166,2342 3272,2342 3377,2342 3483,2344 3588,2344 3694,2346 3799,2346 3905,2348 4010,2350 4116,2352 4221,2354 4327,2354 4432,2356 4538,2356 4643,2356 4749,2356 4854,2356 4960,2354"
                         HEIGHT="192"
                         WIDTH="2136"
                         VPOS="2232"
                         HPOS="2837">
                  <String ID="string_region_1644608720172_5239l21"
                          HEIGHT="192"
                          WIDTH="2136"
                          VPOS="2232"
                          HPOS="2837"
                          CONTENT="met meer als ue ed oft die cours sullen houden oft"/>
               </TextLine>
               <TextLine ID="region_1644608720172_5239l22"
                         BASELINE="2862,2446 2970,2446 3078,2446 3186,2448 3294,2448 3402,2449 3510,2450 3618,2450 3726,2452 3834,2453 3943,2454 4051,2456 4159,2458 4267,2459 4375,2461 4483,2463 4591,2466 4699,2468 4807,2470 4915,2474 5024,2476"
                         HEIGHT="142"
                         WIDTH="2191"
                         VPOS="2381"
                         HPOS="2847">
                  <String ID="string_region_1644608720172_5239l22"
                          HEIGHT="142"
                          WIDTH="2191"
                          VPOS="2381"
                          HPOS="2847"
                          CONTENT="vermindert worden jder een informeert sich en doordies"/>
               </TextLine>
               <TextLine ID="region_1644608720172_5239l23"
                         BASELINE="2834,2566 2941,2562 3048,2558 3155,2556 3262,2554 3369,2554 3476,2554 3583,2554 3690,2556 3797,2556 3904,2558 4011,2560 4118,2562 4225,2565 4332,2568 4439,2570 4546,2572 4653,2574 4760,2574 4867,2576 4974,2576"
                         HEIGHT="149"
                         WIDTH="2169"
                         VPOS="2496"
                         HPOS="2819">
                  <String ID="string_region_1644608720172_5239l23"
                          HEIGHT="149"
                          WIDTH="2169"
                          VPOS="2496"
                          HPOS="2819"
                          CONTENT="de valluatie te hoogh is tracht men sich van die sperte"/>
               </TextLine>
               <TextLine ID="region_1644608720172_5239l24"
                         BASELINE="2870,2662 2977,2660 3085,2658 3192,2658 3300,2656 3407,2656 3515,2656 3622,2658 3730,2658 3837,2660 3945,2661 4052,2663 4160,2666 4267,2669 4375,2672 4482,2676 4590,2680 4697,2684 4805,2689 4912,2694 5020,2700"
                         HEIGHT="169"
                         WIDTH="2180"
                         VPOS="2557"
                         HPOS="2855">
                  <String ID="string_region_1644608720172_5239l24"
                          HEIGHT="169"
                          WIDTH="2180"
                          VPOS="2557"
                          HPOS="2855"
                          CONTENT="te ompacken noteers ue dese maent tvee brieve"/>
               </TextLine>
               <TextLine ID="region_1644608720172_5239l25"
                         BASELINE="2860,2772 2968,2767 3076,2764 3184,2761 3292,2758 3401,2758 3509,2756 3617,2756 3725,2758 3833,2758 3942,2760 4050,2762 4158,2766 4266,2768 4374,2772 4483,2776 4591,2781 4699,2785 4807,2790 4915,2795 5024,2800"
                         HEIGHT="172"
                         WIDTH="2195"
                         VPOS="2683"
                         HPOS="2845">
                  <String ID="string_region_1644608720172_5239l25"
                          HEIGHT="172"
                          WIDTH="2195"
                          VPOS="2683"
                          HPOS="2845"
                          CONTENT="bij mij addres gestelt heet voort voortge brief op gaen"/>
               </TextLine>
               <TextLine ID="region_1644608720172_5239l26"
                         BASELINE="2862,2882 2966,2877 3071,2872 3176,2868 3281,2866 3386,2866 3491,2866 3596,2866 3701,2868 3806,2870 3911,2872 4015,2875 4120,2878 4225,2882 4330,2886 4435,2890 4540,2895 4645,2898 4750,2902 4855,2906 4960,2910"
                         HEIGHT="200"
                         WIDTH="2128"
                         VPOS="2761"
                         HPOS="2847">
                  <String ID="string_region_1644608720172_5239l26"
                          HEIGHT="200"
                          WIDTH="2128"
                          VPOS="2761"
                          HPOS="2847"
                          CONTENT="venaeghel banco „ 1159:15 a  hebbe ue gere"/>
               </TextLine>
               <TextLine ID="region_1644608720172_5239l27"
                         BASELINE="2834,2994 2940,2990 3046,2986 3153,2984 3259,2982 3366,2980 3472,2980 3578,2980 3685,2982 3791,2982 3898,2984 4004,2986 4110,2988 4217,2991 4323,2994 4430,2997 4536,3000 4642,3004 4749,3007 4855,3010 4962,3012"
                         HEIGHT="176"
                         WIDTH="2158"
                         VPOS="2874"
                         HPOS="2819">
                  <String ID="string_region_1644608720172_5239l27"
                          HEIGHT="176"
                          WIDTH="2158"
                          VPOS="2874"
                          HPOS="2819"
                          CONTENT="£193:10:8 ende dat op huyle maen conr £194: 8"/>
               </TextLine>
               <TextLine ID="region_1644608720172_5239l28"
                         BASELINE="2846,3080 2952,3081 3058,3082 3164,3084 3270,3086 3376,3088 3482,3088 3588,3090 3694,3092 3800,3094 3907,3096 4013,3096 4119,3098 4225,3100 4331,3102 4437,3102 4543,3104 4649,3106 4755,3106 4861,3108 4968,3110"
                         HEIGHT="163"
                         WIDTH="2152"
                         VPOS="2982"
                         HPOS="2831">
                  <String ID="string_region_1644608720172_5239l28"
                          HEIGHT="163"
                          WIDTH="2152"
                          VPOS="2982"
                          HPOS="2831"
                          CONTENT="a 4 prete ne schaede £100:4:10: men seght den "/>
               </TextLine>
               <TextLine ID="region_1644608720172_5239l29"
                         BASELINE="2842,3186 2950,3185 3059,3184 3168,3184 3277,3186 3386,3187 3495,3189 3604,3192 3713,3194 3822,3198 3931,3200 4039,3202 4148,3206 4257,3208 4366,3210 4475,3212 4584,3212 4693,3212 4802,3210 4911,3208 5020,3206"
                         HEIGHT="172"
                         WIDTH="2207"
                         VPOS="3091"
                         HPOS="2828">
                  <String ID="string_region_1644608720172_5239l29"
                          HEIGHT="172"
                          WIDTH="2207"
                          VPOS="3091"
                          HPOS="2828"
                          CONTENT="trecker tot paris van a ƒ1154:15 soude gemankeert "/>
               </TextLine>
               <TextLine ID="region_1644608720172_5239l30"
                         BASELINE="2862,3300 2969,3296 3077,3292 3184,3290 3292,3290 3399,3290 3507,3290 3614,3290 3722,3292 3829,3294 3937,3298 4044,3300 4152,3302 4259,3306 4367,3308 4474,3311 4582,3314 4689,3316 4797,3318 4904,3320 5012,3320"
                         HEIGHT="203"
                         WIDTH="2178"
                         VPOS="3187"
                         HPOS="2849">
                  <String ID="string_region_1644608720172_5239l30"
                          HEIGHT="203"
                          WIDTH="2178"
                          VPOS="3187"
                          HPOS="2849"
                          CONTENT="sijn en miys het geaccepteert is dencks den acceptant"/>
               </TextLine>
               <TextLine ID="region_1644608720172_5239l31"
                         BASELINE="2870,3410 2969,3406 3069,3404 3168,3402 3268,3400 3368,3400 3467,3400 3567,3400 3666,3400 3766,3402 3866,3404 3965,3406 4065,3407 4164,3410 4264,3412 4364,3413 4463,3414 4563,3416 4662,3418 4762,3418 4862,3420"
                         HEIGHT="166"
                         WIDTH="2019"
                         VPOS="3302"
                         HPOS="2857">
                  <String ID="string_region_1644608720172_5239l31"
                          HEIGHT="166"
                          WIDTH="2019"
                          VPOS="3302"
                          HPOS="2857"
                          CONTENT="sal blijven staen ende betaelen ingesloeten"/>
               </TextLine>
               <TextLine ID="region_1644608720172_5239l32"
                         BASELINE="2874,3520 2977,3514 3080,3510 3183,3508 3286,3506 3389,3504 3492,3504 3595,3504 3698,3506 3801,3506 3905,3508 4008,3510 4111,3512 4214,3514 4317,3516 4420,3518 4523,3520 4626,3520 4729,3520 4832,3520 4936,3518"
                         HEIGHT="119"
                         WIDTH="2091"
                         VPOS="3433"
                         HPOS="2860">
                  <String ID="string_region_1644608720172_5239l32"
                          HEIGHT="119"
                          WIDTH="2091"
                          VPOS="3433"
                          HPOS="2860"
                          CONTENT="den brief toen laste heden door mij voldaes van"/>
               </TextLine>
               <TextLine ID="region_1644608720172_5239l33"
                         BASELINE="2860,3638 2968,3630 3076,3624 3184,3620 3293,3618 3401,3616 3509,3616 3618,3618 3726,3618 3834,3621 3943,3624 4051,3626 4159,3628 4267,3630 4376,3632 4484,3634 4592,3634 4701,3634 4809,3633 4917,3630 5026,3626"
                         HEIGHT="195"
                         WIDTH="2194"
                         VPOS="3506"
                         HPOS="2845">
                  <String ID="string_region_1644608720172_5239l33"
                          HEIGHT="195"
                          WIDTH="2194"
                          VPOS="3506"
                          HPOS="2845"
                          CONTENT="ste £160 a ƒ35:4 vlaems £282:13:4 waer voor"/>
               </TextLine>
               <TextLine ID="region_1644608720172_5239l34"
                         BASELINE="2858,3766 2944,3759 3030,3753 3116,3748 3202,3745 3289,3742 3375,3742 3461,3742 3547,3742 3633,3744 3720,3746 3806,3748 3892,3750 3978,3753 4064,3756 4151,3758 4237,3760 4323,3762 4409,3764 4495,3766 4582,3766"
                         HEIGHT="220"
                         WIDTH="1754"
                         VPOS="3633"
                         HPOS="2843">
                  <String ID="string_region_1644608720172_5239l34"
                          HEIGHT="220"
                          WIDTH="1754"
                          VPOS="3633"
                          HPOS="2843"
                          CONTENT="my gelieve te crediteeren. blijve"/>
               </TextLine>
            </TextBlock>
         </PrintSpace>
      </Page>
   </Layout>
</alto>
