5215 3975
409 58 2060 206 Ghendt Jide Savelaer Ady 4 gber 1723

454 224 1982 160 ue aengenaeme van 2 in 3 deser hebbe wal

439 293 2133 147 ontfangen met de briefies daer by vermeldt

446 395 2110 178 als £10000 francissens de cest en £55 op

423 489 2166 211 N1 madou die ter pretentatie voldaen hebben

443 621 2094 184 foorder £17718:4 op Pedre van diest

434 728 2004 160 10 deser den laesten dagh waer voor de

434 823 2148 168 noodighe sorghe sal dwaeghen ue heeft wel

446 936 2092 217 gedaen op hollandt niet te remitteeren

423 1085 2148 114 ne en soude daer by syne rekente niet gevonde

427 1153 2091 187 hebben als ue aenden onderstaenden wissel

433 1258 2018 159 cours van heden sien can ingeslooten ren

435 1366 2076 177 brief men laste door mij voldaen  £200

415 1487 1867 182 al 35:6 vlaems £355:½ waer voor

424 1578 2039 251 mij gelieft te crediteeren maeken de note

431 1681 2006 216 van de woordere die ue my noteert

430 1811 2041 212 trien laste deser maenst vallende wat

439 1906 2044 233 ue gelieft te melden aengaende den cours

444 2037 1981 198 vant nt en son pissoolen welst seekers

438 2144 1939 194 noeyt placlaeten sijn geweest buyten oock

434 2252 2015 181 noch alle usautte datmen ter borge van

455 2365 2076 195 Antwerten goude sperles moet ontfangen

475 2465 2006 187 in wissel mochte ck en geloove niet

430 2599 2060 165 sulckx sal geschieden want daeghelijckx

442 2683 1910 204 vword ender brieven geproteteert uy die

398 2810 2128 170 reden en ick sate oer ue oock moeten doen

411 2885 2127 203 als mij sulcke presentaties souden gedaen

415 3010 2060 157 worden want ick en presendeere niet en

398 3107 2171 196 silvere geldt tte betaellen ende gont t ontfangen

404 3211 2039 200 sijnde niets al met eenige sontistl voor

415 3327 2140 175 ue ekent belast ick groete ae en blijve

2675 93 2060 167 Ghendt J de saedelaer Ady 6 gber 1723

2673 191 2225 162 naer dat dato 4 deser ue ed geant woort hebbe op ue

2669 304 2219 154 voorige missives en ingesloeten ue afgesonden hebbe

2671 440 2186 135 den brief tiet laste  £200- a ƒ3 8:6 vlaenes £355:

2679 514 2090 201 soo hebbe ontfangen ue mijs ve selven dato

2669 657 2235 111 4 cour met remise d. sicht op Pater lorden

2705 743 2163 145 ƒ1050:- die dato 5 geaccepte t heeft dit ic het

2688 840 2221 169 noodighe dat oordeele ue te melden ende dat ben

2698 952 800 157 in alle occasien

2715 1060 713 159 Brussel G.F Sas

3658 1016 936 247 Aadj 7 te 71

2774 1155 2137 220 het ie van 12 suli dat ue m beloorde naer eendge

2760 1290 2118 194 maenden fatisfactte te geven ende het avanceert

2745 1413 2187 199 soo als van den beyinnen: mij dunckt ue niet een

2754 1505 2025 207 behoorde te schrijven in de ter mijnen die ue

2752 1633 1988 179 gebruyckt aen persoonen die ien regaurde

2749 1722 2186 223 soo veele consideratie hebben gehadt hetis van

2747 1855 2105 194 dato 26 April 1710 geleden vat ick ue niet een

2743 1970 2177 183 stnck goet meer gelevert en hebbe en van datr

2736 2067 2169 173 3 Jaiars 1713 dat ick het laeste payement hebbe

2719 2171 2155 187 ontfangen soo dat ue mij sedert schuedigh is

2730 2288 2197 216 gebleven wisselgelde £215:9:- waer van het

2747 2395 2068 195 meer dan tijdt is ich voldaen worde niet te

2755 2503 2174 195 pas coemende dat ue mij verght goederen over

2747 2618 2157 175 te nemen die en hebbe ick sedert de selfde ue

2767 2727 2041 186 gelwert sijn niet meer geheeft maer wel de

2709 2825 2216 199 denghdelijcke weerde die ue mij heedde alsver lanck

2724 2944 2224 214 behooren te voldoen niet redelick sjnde men

2711 3064 2256 206 meer aen intrest verliest alsmen op de goederen

2724 3165 2163 164 can hebben gewonnen: hadden ue de se de niet

2706 3276 2158 201 geagreeert ue en soude die niet gecoght end

2706 3391 2185 176 aenveert hebben oock en isser geen reden opex

2693 3509 2102 175 calandisie te stoeffen want bij ue ie hebbe ick

2688 3596 2249 135 het sont in den pot niet gewonnen biytent det

2716 3710 1963 126 ue caraudis ie van ser weynigh ng

2687 3748 2194 145 consideratie is geweest ick met endeire daerom
