5226 3994
508 88 113 104 e

229 108 2093 167 Amsters Franc. Rousseau Ady 4 meert  23

282 180 2166 190 niet desickende de sacke preseert is de reden ue aen gel

201 313 2219 165 =naeme 21 Januavie laest tot als nu onbeantwoort

277 392 2093 229 hebbe gelaeten ick bedancke ue van herten voor ue

263 520 2119 153 goetonssigheyt ende genegencheydt om niet ons de

235 626 2272 183 correspondentie te onderhouden en selfs te presentien

298 707 2216 201 deel en paert in eene negoie die ue geblieft te shen

299 835 2151 177 ue besonderste en prininaelsie te wesens. met

296 923 1956 177 can van een vointt niet meer desireeren oft

288 994 2182 237 verwaghten dogh alles heeft sijne consideranesnoodigh

309 1126 2103 200 ten drsten het siceren van sijn capstael bidtens

267 1229 2172 179 lant den tsico by incoopen ven goede oft quaede

304 1336 2169 160 bedteninge visico serzed oft preuus vann

313 1478 2117 118 eene coopmanscharr beserkenisse onder worpen

285 1554 2171 222 provisien packhuyd hure ote ende dat om een

251 1658 2172 174 iprest van  a10 pretwint jaer te macken en

285 1770 2009 154 cass seckers den meesten aerimo niet geven

282 1845 2153 205 mijne swee broeders en macken geene speculatie

257 1978 2194 205 dogh mijn schoonnoeder en ick om eene prese

301 2073 2111 218 te nemen sullen ons geerneort £2 a £ƒ3000:-

284 2184 2174 192 nevens ue intresseeren biddende my te noteeren

299 2305 2084 161 oft dit ue anreasie sonde wesen ende tegent

297 2390 2154 187 wat tijdt e de penningen dan soude noodigh

284 2502 1343 182 hebben blijve van herten

296 2579 2024 250 als ue my schrijft gelieft de goetheyd t hebben

312 2687 2035 219 van den prijs courant den wijnen te senden

207 2810 2189 200 Dermonde Francois Ceraerts Ady 5 meert 1723

339 2940 2067 195 Ick hebbe ue aengenaeme u6 past. uij Brussel

316 3054 2096 179 wel ontfangen nu al wederom  geleden. mij

278 3162 2170 200 dunckt dat het noopende desen decharge brief waet

322 3274 2108 154 den selven treyn als voor desen. men heeft redene

318 3388 2125 231 gedegousteert te wesen want op soo daelighen vaer

320 3501 2039 163 en ister wergens staet meer op te maeken

330 3601 2171 180 het is vaen 26 xber 1721 dat de leden aengenoemen

343 3717 2039 173 add 1n deses brief van ƒ50000:- te voldoen

2626 129 2188 146 in naest eejaer en helf geexpireert ick bidde ue

2640 243 2184 146 op alles dat ick vermagh representaiies te doen ende

2635 332 2171 130 instantien om daer van voldoeninge te becoemen

2610 418 2080 193 op dat ick ue soo lassigh niet meer magh vallen

2624 528 2126 204 ende ick van die laekeise affairen eens een eynde

2640 626 1929 199 hebben dat hodt geve ick blijve van herten

2621 749 2063 215 Ghendt J B Desaedelaer Ady 6 meert 1725

2685 908 2146 140 bij ue missive van gisteren becoeme voor ue eeken

2623 1011 2222 171 dry remises als ene addres Pedro clee seder 28 passe

2652 1129 2148 135 den laesten dagh van ƒ 250:- waer van voldaen ben

2645 1234 2148 123 eene van 26 februarij op 163 vrijlinck d. dato 16 deser

2634 1355 2237 127 aen besael dagh ƒ350:- ende de laeste addres Anselms

2631 1430 2271 113 marius van 12 jannaru 2 usos op8 cournt te beaeln

2638 1502 2254 155 van ƒ300:- waer voor de noodighe sorghe sal draeghen

2623 1629 2077 133 dignende tot advies als ick ue niet en schrijve ue

2635 1718 2091 155 remises voldaen worden mache nosa van de

2631 1834 2177 159 brieven door ue geaccepteert by mij uedres aenden

2624 1919 2266 159 voet deser den cours van wissel soo als laett gedaen is

2627 2019 472 155 blijve

3729 2041 989 213 Adij 8 meert 1723

2591 2105 745 155 Mend Jacob Baut

2607 2179 2211 205 hebbe gesten bijne aengenaeme 14 pasto mijne rato

2615 2305 2245 161 op s Joannes Maeque £245:1 soude gelteven in te

2624 2414 2271 169 oorderen en bij goede wissel mij op tijdt soude gelieven

2624 2516 2257 124 te remitteeren dat echter present wel ie pascet

2598 2603 2311 134 mij p sijne missive van gisteren te senden eu 5 dese

2617 2718 2297 131 gevallen met besprick van 8 p buyyen de naerdaeghen

2587 2799 2262 156 addres Bingemborgh en :oset D206:4:2 a4 25 baliso

2606 2911 2131 170 £103:143 en op 2 toekoemende op mender

2580 3014 2267 154 Dacosta D 2201: a 114 banes £109:188 tot 1 pe

2601 3113 2122 162 mijn schaede  daer voorleden postdagh alhier

2607 3228 2166 123 cort sicht boven den selven cours niels is gedaeg

2593 3330 2263 122 en ue gehoechtae nieft comen weetn sakeen

2590 3451 2197 125 tot  apren courant 3¼ Loudon 2 us 35„½

2584 3549 2239 119 en op tydt an  a us tots press dat suppoucere

2592 3661 2242 134 tot t soude hebben connen bedingh en soo dat ue

2605 3723 2220 195 laete oordeelen oft ue mij tst oprete eijnde ede
