5226 3994
221 91 2144 148 intention en aucunne manure demploycer mon

225 174 2100 160 argent dans des pays estrangers pour ot pourdent

245 307 2165 141 siltre quil est comme a vre grace si bien & a moy

254 353 2108 262 que les et musitiee de 4 pourcent ne de sont den due

244 506 2174 162 long temps paux envirtont de g0 pres p conseqnence

267 567 2117 186 Sil cela ersive ayez la bonce m el adviser et lors

245 652 2195 246 quil dera necesserre ie vous envoyeray procurities

258 737 2152 235 ou sel acte quil vous faudrat avoir pour decevoir

252 852 2197 233 le capital des dis tn au ressgaurd des aulore

247 975 2159 263 fonds on a ma fois grande rasson d'estre inquiet

284 1067 2170 201 et agiravee bien de pridence et cir compection

292 1196 2080 200 car si la guerse commence encor unne vois en

308 1289 2086 220 Puroydil y auroit bien de la perte sur les actions

288 1403 2165 227 en general lesquelles tombervient bien davaintage

314 1520 2000 191 et sur tout celles de la compaquie des jnde

298 1612 2182 227 ordentales aepoint de vre advis et vre bonnea pinsoz

283 1766 2080 206 j auvois intaliblement den due les miennes et ie les

318 1840 2157 223 vendron encor sil je scavois d'anttre emploge

311 1944 2122 208 y est a quils avancent les rvce de benmers et

314 2044 2124 188 million banque mais comme ie ne connois pasies

296 2176 2168 205 Londs ie ne mesuis resondre vous priaest m'en

230 2271 2085 215 vouloir insormer de mesne de n'exsque vig en

295 2351 2147 216 connost lencor d'aultre avec leur prix ie soay quiz

267 2467 1983 185 sont montee depuis peu mais peuz estre qui

298 2564 2178 162 viendront en cor au pisx comme du passée creure

305 2668 2073 183 temps ie prendray resolunon ie eo que la

279 2760 2138 196 comp. des judes fera son dividant de pres an

284 2878 2067 209 commencement du mors prochain il cvoy de

295 2971 2142 190 metme du sus mais comme le change en tombee

326 3091 2083 188 ie vous prie ne me remettre a moins qu'il ne

336 3184 2049 165 hausses Jay remarque vo les gasettes d'hollande

296 3304 2110 191 que s. seawen commisse  vre uele est occder

295 3410 2115 163 et ie n'en doubte pour ainsy dire voyant vre lettre

318 3495 2107 148 achentee de spoir ie vous en fait ma condoleend

325 3596 1997 204 et ie vous seliuite sur sa liber alite et bien fmis

312 3687 2087 217 a vre famille un te stanent comme celuy la

2581 89 2149 158 fait plus au bien que longes ctunces de commerce

2573 205 2216 157 Ja4 faitreslexson sur les dittes gasettes d hollande

2611 345 2049 144 et y ley que vous re conpoisterez astez p cette

2596 397 2158 182 mon expression et c'est a cette fin que je voudrois

2589 503 2112 189 bien que vous auriez la bontee me donner vre

2606 636 2086 157 advis touchant le fond de la banque ia vous

2608 721 2065 155 souhaitte de tout mon cour touttes sortes de

2582 850 2092 139 bonheur en cette nouvelle tnnee et plusieures

2589 935 940 189 s4grantes et me dit

2586 1031 2186 195 Ghende JB de savelaer Adiy P ebrrri1729

2573 1172 2219 173 met ue aengenaeme 29 past. remitteerde ue mij in

2570 1311 2249 149 banco £200:- van 25 op d dato op Andre Cels tils

2575 1380 2246 192 in Amsterdam dat heden al e prete us advance hebbe

2577 1517 2166 150 in getrocken vlaems £203:15:- ingesloeten de wee

2596 1602 2192 139 brieven tjen laste heden door mij voor ue rekeninge

2608 1731 2121 146 voldaen als  £170 a 36:3 £ 308:2:6 en 1 £150:

2590 1784 2098 155 a  336:2 £ 271:5 saemen £ 579:7:6 waer voor

2589 1911 2257 184 bj gelieve te crediteeren vlaems ue groetende blijve

2572 2008 898 205 Ghendt B de Saedelaer

3757 2009 972 204 Ady 3 februari 1733

2576 2109 2133 202 p. ue missioe van gisteren ontfange remise £100:-

2548 2249 2253 179 op Jan van velft 6 deser p cassa te betaelen waer voor

2579 2332 2281 192 orghe sal draaghen. oock maehe nota van de drij brieven

2558 2443 2262 162 ien lasse bij mij addres dese maent vallende ingesloten

2571 2580 2226 151 het briefie van ƒ700: vlaems wisselgelde heden door mij

2600 2623 2209 173 voor ue liestene ingetrocken waer voor mij gelieve te

2558 2735 2307 153 crediteeren. met brieven da 10 24 past. uyt london gisteren

2572 2826 2163 161 gecoemen wort de wissel tot ƒ35:9 monteerende

2557 2931 2165 176 genoteert reden hier heden wederom tot 33:2 a 3

2600 3022 1807 179 gedaen is 2 usos tot ue naermant blijve

2553 3110 657 154 AhJ B Lolivier

3690 3115 1015 174 Ady 5 februarr1 1723

2551 3187 2201 184 Cen responce a la vre prenner du courant vous avez cy

2567 3317 2191 127 au tor extraiet de mes livres poir v en voira m'estre

2559 3379 2202 131 rederable £13:19:4 de change dgnoy que jay quistee le

2571 3501 2196 113 commerce de manisaltures ie surs marchand et ie fait

2572 3567 2240 130 iegoe: sil y a li en vous rendre service commandez vres

2550 3645 2296 120 librement en touttes occasions. ie n'aime que ieuneteair

2560 3735 2268 84 la bonne correspondence et connostence je est pire p

2578 3790 2100 83 pas aujour dhyys le peut rencoustrer p occasion c'es

3257 3852 173 63 d4 m

4576 3847 121 70 Ae 17:

2567 3857 562 60 cela qui ie in
