5248 3994
369 88 2134 147 absolument et positiverment orvile et partage

390 205 2074 191 en deux se gvoir la moitte en etopmines et

351 314 2094 203 la moine qu'actions et que le par lement

362 426 2061 199 9 auraioe pour les Annniney ou b bligations

347 519 2145 207 s'en sel cas ie voudrais bien acheptes avant

387 633 1978 260 que le partage doit fait pour deux mille

351 744 1958 232 livrey et quinze foit que y suis dessa

378 841 2148 253 intressee aved any mentation de 6 pourcen

344 969 2102 233 en cappitat fera £1593:15 en tout ƒ 3593:15:-

394 1102 2100 236 telfe ment que jauray s la seperation

482 1237 1896 240 1796:17:8 en Aungities en £1746:13:6

372 1373 1951 205 en acpous du sad ou si pourtiez de regler

387 1471 1945 201 ainsij que jauray un eapintal met iz me

425 1583 2048 235 Serest plus agreabble scavoir fust £1800:-

411 1697 1918 196 en apuities e £1800 en acstons en cas

379 1820 2033 261 que je comptenme bien la chose en effect

414 1939 1843 226 et que tout vat a sir sur ce spied

392 2076 1792 191 comme ie vous marque ie vous prre

387 2179 2082 187 d'achepter laditte somme et prandre de temps

408 2308 1863 164 condenable et les mesures comme servez

432 2367 1972 255 pour vre prepre intrest & mon plus & laus

364 2494 2090 273 'advantage possible me fiant t posant

380 2632 1982 225 entiere  en vous et ce que resez la

302 2758 2118 243 de dans ie las prouveray soysiours comme

389 2891 1972 208 si de laurves fait moy mesme mais en

380 2997 1920 199 end que la deparationne sa seroit pas

400 3093 2054 254 ie me souhoisterois pas tant du lapient

388 3200 2030 239 en un toud n'estaent pas absolument de

383 3344 1968 204 mab conveience soultre il y en at ic

378 3488 2030 197 quils raisonnent et sont topinion que ie

374 3591 2030 222 fond dimnnera on baissera en pris & es pou

391 3699 2141 180 mestant augmentee & a cause de laugementatiie

2681 92 2190 171 du capital et a cause du rembour semente

2692 222 2251 178 les cfemmities des lofferiet pour reislacement

2690 327 2152 176 des argents soit quil soit ie vous donne

2719 447 2171 192 cette mon ordix of ie laisse le tout en vree

2671 547 2196 203 pouvoir soit dachepter ou de de nepouns

2695 659 2218 203 achespter afin que pourriez le faire ou le

2678 780 2173 226 Laisser Deloh rLomi th eAprofiterd

2696 911 2123 212 loccasion et sek ie tousjour en estat

2699 1028 2207 209 a faire cette employe en ces que le sugez

2666 1153 2229 181 me conveux et lavant d'avoir v advis

2695 1321 1982 159 et vous faire jcavoir ma resolutioe

2675 1399 2123 164 loccasion sechappe vous done dirichel

2691 1513 2090 214 re commandant met intrests de mj dit

2688 1623 2172 239 Ghendt J de Sagela Ad 12 mey 1723

2691 1759 2243 189 ued beijde missives dato 3a pass en van spren

2695 1894 2246 191 hebbe wel ontfangen miet den laesten die remises

2713 2000 2210 181 voor ue breken aes van 3 deser  dato morgen

2716 2094 2193 154 te betaelen op Dh Amander van Bonmel

2743 2221 2179 180 ƒ 800:- die gesoght heeft te sullen betaelen dit

2679 2309 2168 182 st Michielkens en Gillis ƒ 500:- van 10 dse

2710 2423 2076 183 dato die om acceptatie hebbe gesonden

2704 2560 2229 185 en beloeft hebben morgen te kborse te brenghen

2714 2646 2209 191 ƒ600: op paror t voorden t sicht die heden

2694 2745 2235 238 geaccepteert heeft doe tegens maeke nota

2682 2874 2088 201 van geee blieven door ue geaccepteert

2681 2996 2192 200 by mij addres op ham borief wort hier raer

2716 3095 2193 202 getsacteert ende dat halt maer bij occasse

2706 3215 2168 185 Ick selfs noodigh hebbende sonde op Amsterd

2711 3322 2193 144 schrijven want hier niets als buyten cours te

2702 3433 2177 164 doen is. ick hebbe ordre gegeven om soo een

2702 3567 2213 117 briefie te becoemen van 10  dogh en geloove

2710 3633 2148 189 nie hetue morgen sal connen lenden can

2676 3739 2235 132 het gevonden worden ick beloove ue niet te
