5197 3942
459 61 2060 163 het ul weynighais tijdt dat men mj van london

485 173 1689 151 remisteerden voor mijne rekeningen op

487 249 2025 226 Antwerpen daer ick uyt den acceptant die my

476 370 1983 175 suspeet is considereerde den trecker niet veel

481 488 2072 163 van gewicht te wesen dit is mijn eeggen sacke

492 591 1968 195 en ick en hebbe het niet derven dictareeren

487 678 2025 178 als men soo soude moogen voorts gaen dan

495 776 1838 185 soude men veele menschen de crediteeren

516 881 1912 168 en haest bangseroet heepen ingesloeten

490 982 2036 191 noch brief then laste van st £200: af £ 35:3

507 1094 1903 203 £176:5- door my voldaen waer voor mij

504 1198 1956 232 gelieve te crediteeren die ue van herten en

496 1324 2024 197 reciproque wensche het saligh hooghteydt

509 1463 606 166 en blijve

908 1535 940 236 Ad Maiorem De

954 1695 1010 231 Des pareque Virgines

1093 1857 409 213 Meass

732 1986 1299 178 Honoren et Glosta

866 2116 935 245 Anno Domini

1238 2281 282 149 25

447 2333 2121 275 Ghendt J Bapp De Saedelaer Ady 2Jannari 1725

465 2492 2041 204 met tue missive 24 past. ontfangen remise ƒ100

472 2610 2078 240 op Barbara pisva daer heden van voldaen ben

506 2722 2032 182 en ue gecregiteert ende gedebiteert voor den

478 2841 2132 194 ingesloeten brief aen laste heden door mij insgely t

505 2937 2013 212 voldaen stt £100 of ƒ 35:2 £ 175:16:8 soo als ue

486 3052 2080 195 sult bevinden nyt die ingesloetene ue reken court

493 3156 2016 209 waer bij ue mj schuedigh is £52:14: & soo als ue

472 3305 2119 155 dato heden oo nieu we sijn ene debiteere biddende

489 3396 1968 185 alles naer te ssen ende daccord bevind ende my

512 3488 2092 198 te adviseeren en conforen te noteeren en blijve in

482 3656 345 109 haeste

2789 57 1045 171 Amsterdam fran. Rousseau

3953 54 870 203 Ady 8 Januari 1725

2812 203 2223 106 diversche van ue de missives hebbe in beantwoort gelaeten

2813 285 2148 137 eensdeels omdatter niets is voorgevallen van nemarque

2813 399 2148 117 no te versoeken oft te melden als oock omdat deere ue dde

2836 488 2126 162 mondelincknt wee rijsen te spreken gehadt hebbe soo dat

2814 574 2212 193 alleen coeme tot ue laesten 2 deser waer bij het saldo mijnder

2820 693 2113 194 restent my bij ue te goet demende banco £1695:16:7

2845 823 2123 165 d'accord vinde de rekeninge der wolles geeft salvo juste

2847 903 2051 150 soo veel voordeel als ick op de partije aen wissel te

2831 1010 2140 178 cort sal coemen soo dat het een ent repride geweestis

2850 1132 2040 135 daer ick den int rest aen toegeve dat Godt gelieve in

2818 1219 1985 167 andere occasien te voersien ue gelieft mij te melden

2812 1324 2191 160 occasie te hebben van te connen diseeren  10000:

2829 1419 2156 187 voor  a 3 prete int jaer sonder provisie te rekienen

2813 1524 2121 138 het is eesnen desperaeten int rest ende tot London doen de

2825 1628 2209 199 vrinden die goet a la demande echter wat wille ick doen

2835 1744 2215 195 door dien ick geen andere occasie en weete alsen, ende niet

2810 1874 2104 150 als tot schaede mijne penningen can trecken. ick bente

2835 1959 2182 172 vreden mits ue dde mij voort cappitael gelieft in te staen

2836 2075 2187 175 ende te caveeren ick sal notitie van den dagh verwachten

2820 2199 2032 139 ende dan conforin asioteeren ingesloeten de

2837 2340 2212 141 quittantie van de aent pattacons aen Dh Coljns betaelt

2852 2434 2229 131 die ue cus hier sijnde hebbe gemanqueert te bchandghen

2833 2524 2066 178 daer is een cleyn schepe van archangel met stockis

2841 2641 2162 153 gesouten valin t aen ste gelaeden tot ostende nu voor

2809 2740 2127 169 de t weede mael gearriveert dat geloove favorabele

2837 2833 2174 177 rekeninge sal geven dat men daer gwede en gero

2834 2941 2231 174 correspondentie hadde my dunckt het niet ongetondeert

2811 3064 2251 179 soude wesen tegens naeste daisoen een pieuve insgelijcks

2837 3159 2190 129 te nemen. het gants emploge bestaet evrea de ƒ15000:-

2814 3261 2052 120 voor soo veel mijn kennisse daer van bestaet ak

2847 3360 2171 146 verneme geerne ue ede bij de voor gevvallent salluste

2790 3454 2041 176 menten geen schaede heeft geleden godt heeft mij

2846 3561 2138 206 iasgelijckns tot noch toe gelieven te behoeden de

2836 3657 2198 183 daegheljckniche rampey ter ee vreete oock wel piade

3507 3757 1549 107 ss  soodat het eenen tijt e
