5215 3966
374 79 1959 158 ende gemenageert sijnde de drrecteurs onser

384 162 2075 209 oot fuistche Cmp. maer nu de spannhe

394 280 2095 193 remises wat sbaeken en weete niet oft het

392 400 2059 177 niet wat williger sal worden   y prete

372 522 2105 187 London 2usos  34:14 patys 29¾ op ue tresken

402 640 1922 217 moet met accasie gesehreden soo get ue

430 761 1835 193 voormaels geschreven hebbe blijve

339 882 2062 222 Amsterdam franc. RousseauAdif 22 gber 1723

384 995 2123 243 In antwoort her a engenaeme 15 en 18 courant

422 1114 1957 182 verwaghte met verlangen hde ue ed. de

406 1237 2056 180 gearriveerde baelen segovis wollen met het schips

332 1331 2127 195 De Jan Anthonio de Caduab apiseyn Pirlk

360 1428 2045 250 Rijsberghen sal hebben bevonden ende datter

393 1525 1967 227 met dit ongesmymigh weder aent schips jen

370 1642 2111 206 ongemaek val wesen toegecoemen densende

378 1763 1669 164 het voor de stadt salvo te wesen

395 1856 2062 228 voor soo veel ue Ed van bilbra gene jdinge

351 1995 2145 164 e hadde nochte connossementen van verdere

382 2093 2155 142 aflaedinge soo moet ick dencken en verhoepen

351 2179 2146 206 dat met dese waere soormen uyt den suyden

401 2287 2133 227 ende suyt westen  en iupert voor om ope

384 2398 1954 217 can wesen ende vertrouwen dar hodt sal

386 2555 2174 188 gelieven tusschen de vlaeghen ths tont rests sals

401 2629 2085 165 te brenchen want het laisien is suiet

372 2733 2025 150 din conrnude daen dusdaenigh geval onder

371 2842 2160 193 =vworpen te wesen en beyven waer op versoche

403 2948 2139 192 ue reffeete bij de te doene assenrontie gelieft

400 3043 2135 196 te maeken sijnde het mespaeltre duiet

398 3174 1965 162 deser want het faisees bayten ordinair

363 3272 2146 185 verloopen  synde dguckt mij beeter waert

396 3416 1996 117 buyten ordinair lich wat meer te laeten

403 3503 2013 152 verseekeren dat echter aen ue oordeel ende

389 3616 2198 162 coudiise laete in alles niet verders versockende

403 3713 2182 169 alst gene ue voor sick selfs en ue vrints resen

2699 70 2216 175 sal geraetsaem vinden te doen. ick hoee dat het tijdigh

2704 188 2171 165 advies ue niet en sal ombrenen om doisdaenighe

2744 313 2099 162 maet regels te connen nemen voor de reste de

2743 437 2054 213 saeke aen Godt beveelende die niet en verhogge

2757 553 2013 206 ons inouse eerste entre prize sal laeten te

2736 695 1886 175 faworiseeren ist ont saligh soo blijve

2712 799 2107 205 Ghendt JBde Saedelaer Ady 87 gber 17e

2745 927 2106 184 op 22 deser hebbe ue geschreven ende conforen

2743 1036 2146 144 verwaght ue mj in bance remises soude hebben

2749 1146 2060 187 gesonden: desen dient ue te melden dat sonder

2755 1244 2182 150 verlies niet en hebbe tot als m connen trecken

2753 1374 2060 146 ende dat bidde voor de laeste wee brieven sder

2718 1476 2219 184 van s £500:- mij gelieve te remitteeren want

2726 1578 2181 210 met het meede payement onse & oosme sche

2706 1673 2191 224 comp dat nn valt ben soo schaerd bij casse

2729 1782 2066 211 dat niet est weete hoe alles te diesyeeren

2724 1890 2163 175 ue heeft mij oock becooft de £104:5:10 p slot

2704 1993 2164 206 mjnder rekene my coemende tegens het eynde

2694 2099 2200 164 deser aer te remitteeren: ue groetende ende

2741 2211 1642 189 afraghtende soo blijve van herten

3925 2312 892 180 Adij 29 gber 1725

2710 2333 985 178 Ghend J BBede Saedelaer

2721 2429 2127 202 mijne laeste san 22 en 27 cour seder vanne geene

2733 2560 2178 163 becoemen: desen tot couvert van den brief door ue

2727 2690 2251 165 geaccepteert  my addres heden door mij voor ue rekene

2747 2768 2144 209 voldaen sf £100: aƒ 35:5 — 177:1:8 waer voor

2704 2887 2257 215 mij gelieve te crediteeren en als p mijn laesten versocht

2726 2996 2005 174 voor de twee resteerende  hoo ider die 5 eu

2725 3124 2154 129 tockoemende moeten voldaen worden en vlam

2722 3197 2225 159 £300 resteert gelieven te remitteeren ander soude

2719 3298 1987 154 voorsdagh oft donderdagh de moeten trecken

2745 3394 1009 187 afwaghtende blijve

4083 3423 97 130 en
