5248 3994
308 82 2236 146 die my ipn mijne negotie niet en connen

359 168 2083 203 behreptaem wesch vervolgens verwachte

376 277 1965 215 san factie oft ick moete andere middelee

383 435 1856 208 bij dehandt neme want ue moet

375 538 1908 163 selfs oordeelern dat ick niet en moete

395 671 2081 172 terlegen wesen den penningen onemen

383 772 1968 192 ende een ander met de ninelaeten

400 886 2052 207 sitten ick verwaghte antwoort poto it

399 983 1726 181 ende reeele voldoeninge ende ue

406 1033 1937 250 veenschende het saligh hooghteydt soo

380 1254 546 181 blijve

298 1297 2101 265 Thendt JBide Saedelaer Ady 22 mey 131

389 1440 1981 231 gedraeghe mij aen mijnen laesten van 13

386 1557 1922 152 desen en ben verwondert ue aen mijn

403 1713 1988 139 versoeck niet en coemt te voldoen van

403 1746 2057 244 correcte rekeninge van die twee partegkens

376 1888 2094 209 bestaende in set pr. laekenest my te senden

388 1994 1881 192 ick bidde ue het andermael van herten

358 2070 2146 222 want ick desireere ie rekeningen gesloeten

395 2209 2097 222 te hebben Ick hebbe ontfangen ue missive

399 2331 2090 201 van selven date 13 deser met een assignarse

390 2442 2034 238 op de moeder der Engelsche armelitersien

389 2568 2045 225 alhier van gmien pistoolen daer van

408 2679 1895 163 voldaen ben ende ue ter weerde van

346 2802 2047 175 £15:- voor gecrediteert ingesloeten

373 2919 2010 192 den brief toen lasse heden doer miy voor

2486 3102 76 115 1

328 3024 2013 236 ue Reeeninge voldaen van st £ 100:-

362 3168 1790 197 a 83 36 £180:-:- waer voor mij

343 3280 2051 206 salgelijckx gelieve te crediteeren die het

386 3411 1892 207 versochte verwaghtende blijve

2651 125 2217 160 London Kal her th. Scawen En Jougt Ady 22 maj 1723

2698 221 2232 182 lemirefere a ma derniere & du coutant laquille

2674 355 2228 163 1 sespere vous sera bien parvennee et pr laqu elle

2694 416 2095 184 ie vous ay prie de remplacer mi argent

2710 517 2130 195 intruciier provenue de mes Annities des

2676 648 2243 175 Dotferies et la com. Eu sur saustannque ie

2692 739 2156 196 purz estre asseurce que le partage du jous de

2641 851 2196 191 laditte Comp. moitie chactions t moitie

2723 958 2213 200 en Ammibies Sond la caution du parlement

2694 1067 2081 192 soit fixce pr lest Jea asveu et de sseuree

2701 1174 2042 193 ors djpnant sont pourvoir comme sij

2687 1273 2229 197 serois present ce qui ie vous coufime vous

2701 1364 1946 189 dognant pn hourvoir a lette sin

2688 1490 2212 218 mogen ant que le trouvez me couvenable

2704 1619 2141 181 estant attfures de mesme que ne leforez

2708 1750 2212 203 pas en cas que ne le sertiez pas pour vous

2691 1851 2254 223 mesmes depuis jay receps l'honneur der a

2949 1998 448 110 26 Aurfel

2704 2017 2150 170 vre 71 court e la quelle je nay trouve

2700 2122 2160 173 necessaire vous faire responce d'austant

2670 2247 2127 214 que je vous ayt escript p la mienne

2673 2348 2131 222 surditte 8 du courant le pre le devois

2687 2459 2214 233 respondre a lhonneur de laditte me lettre

2661 2609 2198 209 puis que vous essee du sentiment dont ie

2673 2724 2115 206 voors ay donne et donne plan pouvoir

2645 2834 2299 214 je me repose sur vous et vous recommande

2659 2974 2064 150 mes intrests comme les vostres proprez

2652 3105 2209 181 priant de ne vous atrester jamais ou vous

2640 3208 2184 191 inquieter en ce que vous ferez car vous

2664 3313 2237 162 vogez que jay tres bonne consience en ve

2676 3436 2193 196 parsone et que ie n'ay jamais des avouce

2644 3569 2175 181 ce que vous avez eu la bonte de faire

2677 3680 2118 184 pour mog attendant de vos nouvelles

2651 3795 828 116 je me t
