5248 3994
339 71 1959 198 Ghendt JBo Desaedelaer Ady 28 mej 1713

381 179 2084 257 In antwoort ope uss dato 2 deser segghe

368 324 1949 205 de gesondene reken van vercoop mijnder

407 421 1937 224 resteerende mekens hebbe naergetien dogh ue

410 532 1883 218 contondeert deen onder dandere endende

441 635 1933 226 Mijsen seer schilende aen die ue geordonneert

403 726 2047 250 hebbe de selve te vercoopen  wel assaen

409 851 1926 238 de maete daer ick grootelijckx by verliese

402 971 1968 233 en sin het is merchelijck over boort en ick

360 1081 2145 216 leyde groote lehgeve bij die partye ue mae

385 1202 2058 238 de prevenue my coemende £185:-:5 door

403 1301 2122 260 als ue dato vreden ots mjne reul gedetstart

409 1437 2056 211 hebbe waer van iweyes loeten Rekens couran

411 1560 2064 186 te weeten minder reken tot slot van welck

420 1658 2067 204 ue sult  mij schuldigh te wesen ƒ05:3:10

405 1783 1989 193 vlaemt wisselgelde waer voerens ue heden

388 1876 1989 245 op syne eeken telaste ende debiteere

387 2015 1909 207 lave erront biddende alles naer te sien

395 2111 2050 233 ende contorem mij op ue sijne reken te

386 2207 2015 263 crediteeren sende te adviseeren de brieven

404 2322 1982 260 op costy verliesen present a die orp

403 2456 2016 206 t he not afgeven lochen die bij occasie onder

388 2562 1873 219 de handtet dat ick glyd if ordre hadde ƒ

407 2656 2016 221 2 a 300 te trecken sohd dat meenigh mae

384 2796 2076 258 part connen dien maer alst preeert can

376 2904 1890 225 sulckx sonder sepaete nist geschieden

392 3010 2111 216 Ick hebbe het ue meenighmael geadviseert

343 3157 2067 213 den cours op hollands Loo als laett gedaen

403 3255 2046 217 l heft al aen den voet desers versoeende

363 3372 2012 223 my te remitteeren blijve in alle doccasien

2648 78 2146 165 London Lefhef: scawen lonys ny 24 mey 73

2704 204 2235 176 apres vous avoir confirme le 22 du courant la mienne

2691 315 2208 177 dij 8 ditto Jan recet en responce d eille lhonneur

2702 392 2236 194 de la vre y de ce moys pr laquelle ie voir gapproavey

2697 516 2211 146 met semmesit pour remplaier mon argent en la

2696 662 2169 110 comp du sud et puil ny a pas de double que la

2695 729 2208 187 divssion ne le passe du fand de cette comp. mortie

2694 858 2267 189 en acnons et moitie en Annuities dons le parlement

2673 997 2251 97 ou la nation sostaaurandtant de linguee de laultre

2665 1065 2239 121 pour £100 poir £100 cependant que braves trouve

2675 1155 2247 150 bon de donner le prixe a g6 est e stant a

2671 1279 2270 175 de gon ay et  ½ vous avez d'cayer d'en acheppen

2691 1357 2251 212 pour quelquet jours: vous en ay ant charge et e

2730 1472 2211 199 a faire c omme pour vous mesme  a rieen

2721 1592 2194 196 aoire finon gese jattendes espere que reulirez

2717 1717 2219 130 en peu pour mon plus grand ad vautayez y faire

2697 1804 2202 170 remplaye ece que ie vous recommande encor

2717 1930 2213 202 beaucoup de nre pays ont donneé ordre a'acheprer

2706 2024 1814 208 dans et sonde t ont des ja acheptee a 36

4560 2080 361 156 a

4473 2142 79 93 6

2695 2141 2199 177 et p consegpence comme ie vous as donne a

2694 2268 2024 178 connoistre l pouvost moins dy faire

2713 2381 2161 185 quey alteration mesme je lavois re marque

2711 2484 2216 161 p les gasettes les quelles marquent ordilairement

2666 2618 2273 188 les pris des sonds chacque posse oubtre ie nevoiy

2688 2710 2217 153 mon plus que v que ne fond purs auymener

2705 2829 2160 202 on prendre franse faveur d'abultait pue les

2669 2923 2210 179 Annuisses en peu d'Annees ne rendnont e

2669 3064 2264 185 pour cent que ce sera un capitat iace leguit

2619 3179 2197 200 puis rendre pr les evenements du temps de la

2645 3292 2227 208 perte a vendre comme on a veu ces cm

2657 3406 2261 157 a 40 et moins et que les aessons ne rendront

2659 3512 2225 168 un infrest medioere cependant estant du ne

2683 3627 2231 168 employe asseuree comme vous le trouvez

2670 3742 2189 168 et pour moy n'en sachant da present plus lavosade
