5215 3942
398 55 2159 117 het soo veer niet sal coemen met hodts hulpe eg

485 153 2056 139 aen ons campitael sullen te cost coemen maer

440 284 2181 155 advance oft een reedelijken intrest naer propostie

419 381 2071 115 van den risies sienscheniest gemoet ende

507 500 2112 150 daerom salt mij genoech wesen als ick gesalveert

513 568 1990 170 ben met een iitt restien ende tot consoiatie

534 687 2000 158 altijdts dienen dat ick mjn noeyten ostrestee

512 781 2084 175 oft te veer puildsopheere alser occasie voor valt

523 868 2015 151 oft geprocecteert wort den heere heeft mijn

525 981 1992 157 inden staet van coopman geeltende het

508 1083 2034 153 schint ick die moete volghen tot het eynde mijns

508 1132 2118 207 levens want buyten dat en hebbe geen contente

494 1282 2090 168 =ment oft plassir want hoe meerder decpane

524 1405 2076 136 oft hoe meerder wercken is mijn noodigh en

494 1474 2042 157 saligh naer siele en lichaem aengaende noe

515 1590 1938 162 onse commissie tot den vercoop der Engelsche

521 1686 1886 143 oost ind. compacties ist wel ue die tot den

510 1767 1919 220 gelimiteerden prijs daer toe coemende dat

375 1809 67 227 6

532 1857 1900 208 posiniet af setten echter den animo a coy

1454 1974 169 70 a40

488 1967 1978 178 verul oubvende soude mijn estnt wesen op

505 2071 1978 172 london myne commissie te senden sonder

504 2171 1987 171 uytstel waertsaeken ick in de gedaghten van

457 2295 2175 147 een aentt aenden oor sogh toppeerde soo als

503 2391 2027 196 mij gelieft te advanceeren dogh Ick en can

514 2467 2003 155 als noch dienaengaende geene gesondeerde

531 2567 1947 214 apparentie respeuren ue d sonderlinge

522 2680 2106 169 aseurantie hebbende bidde my te informeeren

499 2782 2067 200 en naerder eclairsissement te geven want ben

505 2874 1999 207 al wat considerabel bij de Engelsche soudten

514 3022 2094 193 geintresseert en soude my van alles int generaet

529 3109 1805 194 ontmaeken dogh bij tijde van vrede onde

509 3180 2038 203 maichenent van negotie en emploge hebbe

518 3298 1958 218 bij de reafde het geruste entrest tot nu toe

517 3444 1940 189 genoeten  geprofiteert daer men ser

538 3533 1952 205 qualijck doeg soude sich op lotse geruchten

542 3620 2068 169 van te ontmacken want in dese landeer en sij

534 3761 1831 115 geen eensloge voor sjn cappitael te

2761 65 2184 147 bewemen ende dit is de redene ick met soo tegee

2746 174 2244 157 oft min graege resoluste daer over passeere het is het

2759 259 2145 186 monet deser ende het gene ue ie hebbe te versocken

2768 398 2073 146 provisioneelijck dponse commissie acht te nemen

2756 472 2066 201 ende de occasie niet te laeten voor bij gaen tot

2743 593 2234 181 naerder ordre sijnde van herten in vergelijcke

2763 703 1376 177 en alle andere occasien

2783 836 2064 165 Ghendt Bede Saedelaer  11 meert 7724

2814 921 2150 192 op 8 deser hebbe ue d. atgesonden den brief toese

2806 1063 2078 157 laste stf £100:- an 230:8 vlaems £176:6:&

2827 1136 1953 185 die dato door my voor ue d'ingetrocken ende

2797 1240 2240 190 voldaen ende verdert ue os mijne sincere megeinge

2818 1346 2172 189 te kennen gegeven waer aen mij gedraeghe ende

2787 1452 2184 172 antwoort vewaghte ingesloeten den bbrima

2791 1558 2056 157 brief die ue ldimy gevraeght heeft van den

2770 1637 2170 219 seconda behoorelijck door ue gerecepteertende

2760 1765 2210 204 door my voldaen gequittantieert op dato

2784 1879 2157 124 deser ue toegesonden van sme ƒ 150: a ƒ 35:8

2752 1986 2263 192 vlaems £267:10:- als mede het cleyn briefie nien

2761 2091 2206 140 laste dat ue mij gerecommandeert heeft van

2788 2199 2199 169 ste £14 a ƒ30:5 vlaems £24:15:10 door mij op

2805 2301 2109 230 gisterert voldaen waer voor mij gelieve te

2800 2428 2237 139 crediteeren. ick vinde £71:8:7 lo n ditbouse

2790 2538 1190 187 te wesen en blijve

2744 2617 2267 236 London Scawen en Stockdale Ady 15 mars 1754

2792 2745 2143 208 parce quoir n'ayt en occasion pressante e vous

2782 2860 2227 162 ederire ie n'ay fait responce plustost a lhonneeer

2769 2985 2137 198 de la vre  abro derier pr laquelle v.  m'at

2767 3148 2130 132 envoyce mon compte courant lequel tay

2791 3220 2181 152 ex aminee les parties conforas annole et silye

2794 3322 2212 160 avec la remisey incluse sur & le leboire a Gand

2779 3465 2100 155 payable een Auvers dest £25:12:- aƒ 35:3:

2801 3549 2217 174 je de marque que les mpisil de labanque

2771 3641 2088 172 seront rempour sic aussj vrles garettes

2774 3747 2220 135 mais comm u d diurs
