5226 3994
295 104 2127 120 voor dese rijse by faveur tegens naeste gaer can min

218 163 2189 196 het selfs verdobbelen dat hodt wille glven siende ue

303 260 2078 190 reelt geremitteert heeft soo sende ingesloeten cort te

325 375 2133 205 betaelen in wee brieven bude op 20 deser vallende

316 496 1995 184 op d hrr. Jalomon Elias en Cleasat nathans by de

296 572 2049 243 selve geaccepteert att  £300 a 1337: 6 banco

218 687 2116 294 £ 852:10 en ste £200: a ƒ 35:6 fanes £355:

301 822 2156 235 waer voor het noodigh gelieft te besorghen ende mij

309 903 2138 228 te crediteeren ende den ingesloeten voor londen

308 1047 2105 252 prouirt voor sganck te doen hebben verleden post

290 1144 2215 210 1 omt vallen van de wissel hebbe gedilayeert aftegeven

296 1265 2191 241 heden door de meenighte van gevers weergeloopen

326 1385 1561 221 van 1¼ 4a pe blijve

1249 1485 1007 211 Ady 17 meert 1723

281 1499 855 251 Ghenef Jacobus Baue

366 1606 2054 249 n antwoort doo ue d. misive dato i1 conrant

351 1708 2035 213 segghe ue ed. er hadde gelieven te melden bevoor ne

311 1812 2136 211 dat de occasie soude waergenoemen hebben bij het

358 1919 1931 196 daelen van wissel op tijdt op Amsterdam te

373 1998 2095 213 remitteeren het gene mij reden gat ue d nieyverders

365 2125 2103 179 te beantwoorden ende daer oot leeft ue my geson

328 2218 2112 192 den cort tot t schaede toen ick tot th vervallen

379 2329 2081 180 conde afgeven en op  pt spres gepresemeert

394 2437 1541 201 dattot & soude hebben bedonghen

344 2518 1912 237 Ick hebbe de selve op Amsterdam versonden

356 2621 2036 167 het is waer maendagh is hier wederom cort sicht

367 2705 2007 226 tot 1¾ gedaen: dh Francois Ceraers schrist

400 2798 2100 217 mij hj apparente siet van betaelinge te becoemen

385 2929 2072 194 vanseeheren de charge brief ten caste de leden

388 3030 2021 207 van vlaender en bij de selve genveert ende

369 3157 2020 214 geassigneert op hunnen commus te betaelen

332 3235 2113 188 intlaest van sber 17 21 van ƒ50000:- courant

368 3347 2038 203 den welcken den silven beraets aen ons vernet

327 3453 2064 202 =goneert heeft pmtt caveerende sijmeldt den

360 3567 2009 196 selven opighendt soude afsenden aen son ent

361 3659 1977 216 mijndes vrinden om in te voorde he

373 3763 1982 132 nedene de liberteydt neme den selven in

2611 87 2166 151 ingesloeten toe te senden soo als ick aen d. hr. beraer is

2619 198 2212 182 adviseere ue biddende degoehedt te hebben den selven

2612 296 2196 163 brdefonder ue te behouden ende niet te leve ress ten iy

2623 397 2193 205 nevens het ontfangen der weerde oftder

2619 514 2092 213 penningen fer comme van ƒ50000:- voo

2588 618 2224 215 compaet hy l aen ue e ordre geenderseert van

2619 742 2184 204 den ontfanck deser sal ue mij verobligeeren medte

2635 861 2188 206 een leter advies te geven die ue ende de fauitie

2625 1002 1484 166 van herten groetende blijvee

2603 1088 1009 206 Ap Ghendt francois Teraerss

3479 1093 1310 198 ont Ady 18 meert 1723

2618 1236 2186 171 ue aengenaeme van goider hebbe wel ontfangen

2633 1323 2188 154 conform den laesten hebbe op gisteren aen Der Jacobus

2605 1432 2173 200 Baut afgesonden dan decharge brief ten laste de

2655 1524 2168 176 heden van vlaenderen van ƒ 50000 daer by vermels

2628 1641 2113 146 nevent de acceptatie doeh ditte ledee door ons

2646 1785 2174 147 behoorelijck geendorseert ick verhoepe desen mijne

2633 1838 2182 146 op ne goet arrivement cmen ghoudt sal behan

2603 1964 2129 173 dight worden ende dat wij een spoedigh eynde

2654 2043 2104 188 ende volcoeme saispaes voor het booghteyde

2605 2169 2215 177 sullen erlanghen dat met pananie verwaghte

2625 2267 1712 179 te vernemen: blijve van bertegn

2600 2364 2155 201 Ghend  De saedelaer Ady 18 meert 1703

2598 2457 2216 193 e ue ed. missive 16 deser becoeme reise din dhr

2593 2582 2218 149 Lauts Charll van 10 deser  dato van ƒ970123½ wis

2605 2673 2212 165 glde die naer den heylighen dagh sal presenteeren

2604 2777 2216 152 alsoo ditto hier heden ter berse niest hebbe gerescontne

2610 2887 2160 114 en verders het noodighe besorghene bedancke ue

2608 2976 2207 147 voor de moyte vant te ragh gesondene geaccepteerde

2617 3059 2207 153 briefie de wissel op hollandt is hier voorleden maer

2592 3168 2210 180 digh cort S'ht en banco gecloemen van 1¾ pret

2612 3250 2215 208 tt & & heden 2 pree London £„35:5 a 4 sos blijve

2594 3367 963 231 Menst lobus Baut

3809 3354 854 194 Ady 20 meert 1723

2587 3497 2132 162 hetidmy aengenaem te sien bij ne ed. rissive dito tl

2603 3616 2224 149 courant ue mijnen gesonden de charge briet den laste de

2592 3747 2241 104 leden van vlaenderen nevens dordonaitse door de

2602 3827 2216 90 selve op men comis van ƒ50000 hadde ontfangesse
