5215 3975
295 69 2192 175 dermonse Francois Geraerts Ady 21 Auguse 1723

409 155 2117 151 sedert ue vertreck en hebbe tot mijne groote

449 284 2008 120 verwonderinge niets vernoemen n bo pende

368 356 1977 149 den de charge brief ten last de leden van

410 452 2130 178 vlaenderen van ƒ½ nr soo bange vervallen

421 576 2060 125 reden ick ue moete segghen mettermimen

374 656 2180 188 dat het mjne convenientie met en is langer

433 759 2142 181 ten verboeven doordien ick present groote

2305 867 110 115 3

449 861 1941 175 by contanten verlegen ben. ick hebbe

436 953 1975 170 altydts als vrindt geageert ick vernouwe

434 1073 2038 156 dat ue niets anders doen en sal reciproue

439 1164 1991 187 ue moet sorghen dat ick mijne penninken

430 1266 1928 186 becoeme want hebis niet redelijck dat ick

404 1375 2041 190 soude moeten waghten ende onder sgaen

431 1478 1878 175 het geval daer ue sich heeft gelieven

435 1589 1738 173 ach te impesseeren en ick oor aen

432 1680 1939 182 intrespen be derven tp occasien die mij

454 1793 1917 161 tot advantagie voss coemenn ick bidde

441 1900 1995 163 ue metterminnen om eijnde van sacken

444 1999 1999 181 te hebben en blijve in at waghtinge

356 2115 1003 194 Ghendt Bade saedelaer

1645 2104 783 179 A 26 Anyi: 1733

417 2237 1969 193 het briefie sijnde ue trato 22 octer  dato or

439 2344 2059 176 Pieter van dorsten erven en willem van sienen

413 2449 1952 146 En Amsterdam dat ue mij met sijne missive

423 2589 1999 148 selven dato remitteerde van banco £250 hebbe

407 2694 2017 101 noch tot geluck tot & ue schaede ingetrocken

418 2746 1982 152 voorleden post mackende £249:13:9 heten

428 2851 2061 159 ister tot hj schaede gedaen en brieven over gebleve

439 2945 2064 137 in courant 5 prete gisteren op London dusos

422 3080 2033 172 34:7 heden becoeme ue van gisteren met

413 3160 2085 179 drare te precken dat dan gesaen hebbe  dato

436 3269 2085 168 ordre marda Amned en palella verunmen

434 3375 2076 151 in £100 die gelieve te verheeren. hebbe

418 3477 1744 194 liever ue my remitteert blijve

2664 102 1986 168 heel Crnelis Willms Ady 27 Auristi 1723

2708 191 2017 167 ick hebbe ue brief van 25 deser wel ontfangen

2700 304 2038 137 met het geldt sijnde ƒ24:10 courant voor het jaer

2701 408 2191 166 intrest verschenen 16 et pi £ 1722 over de obligatie

2717 512 2194 167 die sckenen laste ben het ende van ƒ700: cappitall

2737 631 2152 176 wisselgelde voor het gene mons. van de weyer sy

2728 742 2199 153 schuldigh is hebbe ick immers nu soo lanck patientie

2747 852 2164 199 gesladt en ick soude geerne voor leven en sserven

2719 968 2134 184 daer een eynde van hebben dat hy maer van

2730 1109 2138 160 tijdt tot tijdt iets op rekeninge sent soo sal het

2755 1207 2173 153 corten en voldaen worden: ick recommandeere

2723 1302 2228 185 het ue hertelijck sijnde mij lief ue een ue huy sevand

2724 1396 2126 183 naer staet wel vaerense seyt ick wensche ie

2711 1509 2164 188 te saemen de continnatie voor lange jaeren

2714 1616 605 145 en blijve

2703 1752 2109 163 Ghendt  de saedelaer Ady 30 Augusti 1703

2739 1815 2181 214 naer dat ue op 26 geadviseert hadde op ue hebben

2755 1979 2147 197 getrocken d dato £106 tot & ue schaede £105:14:8

2762 2056 2079 202 hebbe dato 27 den brief tj en laste bij mij addres

2768 2171 2098 222 voor ue reken ingetrocken ende voldaen van

2773 2264 2154 235 ste £200 a 33:6 vlaems £355: die ue heden

2765 2399 2111 195 ingesloeten eerst afsende om mede den cors

2759 2531 1984 139 der wissels aen des voet deser te connen

2752 2613 1179 176 niteeren ick blijve

4700 2674 165 142 d

2707 2678 1946 211 Ghendt JB de lavelaer 1Adj 6 sber 1713

2705 2814 2197 143 in antwoort ge ne van gisteren sal voor de mij leyde

2724 2918 2153 174 remise op neure hayson tot Brugghs aedres Jacobus

2735 3013 2202 182 de coninch heden gevallen 12 deser den saaest en dagh

2741 3142 2203 133 van st £150:- a ƒ333:7 vlaems £266:13:6 de noobighe

2703 3215 2167 145 sorghe draegken en voordere remises verwaghten

2743 3285 2171 124 alsoo a vondant brieven tot ¼ verlies op cos alhier

2726 3402 2185 110 sich offereeren en p consegemie ick niet pars can

2717 3512 2092 124 precken: voor de brieven door ue geaecsteere

2726 3602 2194 136 bij mij addres desemaent vallende macke not

2687 3666 2150 180 den wissel coourt heeft ue aen die voer deser

2736 3782 782 103 blijve
