5215 3936
422 49 2071 150 att ue trato op Pieter van Dorstens ervesien

429 170 2164 135 willem van Bienen banco £100:- a £100:2:5

431 265 2057 183 ende ben beijde want vooreeden maiendagh

419 354 1950 162 op gisteren is het noch stimmer geweest

461 440 2051 224 weynigh oft geen geldt tot f. ingesloeten den

437 553 2041 182 brief men laske heden door my voldaen van

435 657 1883 196 st £100- aƒ 135:5 vlaems £ 177:178-

463 791 1978 185 hebbe oock ontfangen ae missive van 30 passs

457 875 1983 177 met remise  sicht op Pater Plorden van

458 1024 1879 162 ƒ 610:- waer van op gisteren acceptatie

449 1063 2061 223 hebbe becoemen maekende nota van de me

464 1221 1995 189 brieven door ue bij mij addres geaccepteert

457 1319 1948 196 dese maende vallende ick bidde ue van

443 1419 2003 189 herten voor mijne gesondene rekeninge de

445 1528 1941 196 Reken conrant een eynde te maeken

447 1645 2107 185 ende het salde mij caemende mij te remitteel

446 1809 2091 150 =ren want ick niets en soeke myne boecken

438 1883 2154 138 ongesloeten te sien oft te laeten veraehteren

465 1985 2029 167 sck ben alleen en hebbe niemant op sjn

451 2084 2010 201 comptoir en sorghe daeghelijck & mijne boecken

475 2170 2002 208 overgedraeghen worden en myne ballance

453 2290 1980 192 ders rekeningen voor mij hebbe en dar ick

445 2395 1989 207 op passense bj houde maer verloopende

454 2495 1968 216 niet faciet, recouvreeren: ick groete ue

463 2645 754 164 dae en blijve

395 2700 2222 242 GhendtJ Bap De Saedelaer Ady 4 februari1171

469 2824 1942 216 op 20 deser is aen ue mijnen laesten met

460 2964 2041 189 een brief nien laste doer mij voldaen van sij £s00

439 3078 2134 173 a ƒ235:5 laemt £177:118 desen tot couvert van

455 3158 2118 202 intgelijck & eenen van de £100: aƒ 135:7 vlaemsn

433 3305 2121 210 £173:18:4 waer voor mij mete gelieve te

451 3410 2153 221 crediteeren. op myn versochte ue d antwoort

479 3534 1479 228 te gemoet siende blijve

2721 94 2159 102 Amsterd. Franc. Rousseau Ady 17 februuri i7 e

3035 151 171 93 k

2735 148 2212 185 hebbe ue dremiss ve dat u 3 deser wel ontfangen: icken

2729 277 2254 139 hadde niet verwaght de spaensche tijdtneen zenriye de mieste

2731 380 2240 115 alteratne in negotie souden gecauseert hebbin en ben noch

2747 477 2246 119 van opnie de gendederen intcort sullen gestiet wesen

2745 568 2255 192 bedene niet en voordeele het voorgevallen in pacqniere

2727 708 2173 151 aen de saeken van suropa eenige veranderinge staet

2740 771 2249 183 bij te brenghen te meer nu het taemerjen lcke conr

2758 875 2159 188 geopent is dogh het is maer de ntte tijdinge soo

2729 992 2263 194 men biy ondervindinglhe heeft candeert monverdenten

2756 1091 2227 192 easer den aen handel ende dat soeken die handelaers

2765 1207 2195 150 boven al tot London seh sien ue du mne ende mijns

2740 1318 2249 180 broeders commmosie tot dee gelinudeerden prjs niet

2760 1430 2216 141 en hadde connen volbrengher dat is niet over en

2751 1538 2221 163 weer schrijven belet geworden want tusschen die

2749 1645 2260 194 tijdtisses voor een vrint alhier vercoght a 1602 op

2738 1744 2063 140 mey te leveren met ete preune die conditse

2738 1826 2241 187 soude mede wel gesolherteert hebben ue leeeldt mij

2739 1955 2254 185 te sullen invigileeren en mijn ordre comende beseynen

2752 2067 2176 166 te vullen vercoopen dat seer wel is echter ick en

2755 2162 2243 158 verwaghte in corte daeg hem dat suces niet want daer

2740 2276 2222 176 sal eerst can moeten coemen ende de gemoederen

2746 2396 2029 182 gestilt wesen soo tot londen als a costy mijne

2774 2491 2162 192 gedaghtens sun nmi dat het tot London mdgelijckx als

2737 2602 2286 128 tot Amsterdam in dien handel alseror sal veroors

2728 2692 2252 104 saeckt hebben en voor aldien daer weder ansino tot

2727 2802 2274 126 London coemt het tot Amsterdam niet en sal lucken

2739 2895 2260 155 buyten dat en ist niet wel bj daelen te vercoopen

2732 2998 2148 160 want of monteeringe gaeft een dagh wee adriey

2756 3084 2251 175 restoeyt meenighmael goeden intrest ende het 't eene

2773 3185 2006 172 negottt die ais bij hasard en speculaire moet

2745 3287 2263 148 aen getieft worden: als de premio de moegte weert

2762 3378 2264 190 waere als voor desen dan soude soo niet bipaso

2773 3477 2237 165 vercoopen all contant maer ingevolge ue gesondene

2779 3566 2088 169 notitie ist geen memiim maer het diniet dat

2780 3674 2138 138 tegens die segdt seer naer verschijpt noch aen dene

2760 3779 2084 103 cooper te trecken buyten dat een clijne sache
