5215 3936
403 57 2073 179 Atmmarthier Brast Ady 16 februa 1724

468 174 1934 163 vous avez icy une none du compme courant

442 289 2101 176 de touttes les parties que nous avons jamais fait

482 404 2072 208 pr Ensemble en suitte a lhonneur de la vre

419 500 2153 250 a courant p lequet d'q me reste redevables

489 621 1994 210 £42:11:3 de change lesquells ie vous prie

448 755 2067 170 net humblesment a me vouloir remettre en

463 859 2034 155 atteredant ie suis ce ime cy de dant le compte

451 935 2122 165 courant signe sonder voor den te hebben

420 1062 1445 195 den briet geteekent uytreden

382 1104 2193 255 Amsterdam Franco Rousseau Ady 17 febru 1724

482 1249 2072 181 In antwoort op beyse ne ed. missives 7 en 14 deser

497 1371 2037 199 geve mij deer u d. te melden dat ick anders niets

478 1470 2023 171 verwaght hebbe als dat ue ed. bij de voorgevalle

461 1587 2108 182 tijdingen opde commissi ten gelinireerd en prijse

465 1668 1920 209 niet en soude conmen gcetteetneert hebben ick

448 1778 2029 176 hebbe het ue . selfs dato 7 deser te heenen

471 1879 2060 212 gegeven voor soo veel ditto handel soo wissel

483 1991 1900 138 talligh is soo moet men naer advenant

469 2080 2059 142 oock mes ures nemen de aeviesen van London

470 2199 1968 137 melden dat de londsen naer alle apparentie

464 2308 2088 123 wederom staen faveur te nemen meer als vooren

478 2408 2052 164 daerom en moet ue sich by monteringe nieet

463 2515 2014 175 precipiteeren want dat sal sich a costy naer

483 2608 2054 165 proportie van London re guleeren in by anime

501 2738 1947 147 wederom als voorens in de prijsen differeeren

485 2810 2054 171 en op weynighe daeghen meeist mael een

482 2906 2063 192 sonnen monteeren naer advenant de disposine

432 3016 2077 194 der gemoederen. reysen de selfde tot 15prete

452 3109 1990 180 sij connen noch meer cort daer naer lavenr

499 3212 2087 207 geven daer ue gelieve als voor eygen sijne mesures

477 3326 2040 177 wat naer teseeneen. ick hebbe e ld een vasten

479 3483 2185 125 puijs genoseert die wel niet geerne soude manckeeren e

447 3547 2126 187 dogh ue ter plaetsche sijnde contsells beetor als

472 3667 2171 162 Ick consecureeren bij soodaenighen voor al

501 3763 1900 91 oft veranderinge dat ie het gasie ick voor

2743 51 2210 155 mijne rekeninge en uyt dennaem van de behende

2747 153 2188 174 vrinden ue d recommandeere dencknle nie

2771 260 2118 177 ue machelaer sonder ue voorighe ken nisse te

2745 355 2120 206 geven bij veranderinge soo cordaet soude ordre

2750 482 2172 138 hebben te slusten den aen handel is als een spel

2752 624 2043 141 dat met diist geexerceert monteert, en bij de

2765 699 2173 152 ninste vershoundinge vervalt en tusschen dat spel

2774 784 2061 162 moet men inorgileeren om met de pooten den

2753 909 2156 169 speelders de Cassagien uijt vier tehaelen oock

2739 1001 2254 196 off ue d. contant of by premia vercoopt ande

2751 1116 2261 181 moeyte weertis van 5 a ½ prete is my indifferent

2748 1232 2084 211 soo als bij mijne voorgaende gemelde hebbe

2741 1340 2194 189 sien voorders het met den wolkawel als

2766 1472 2186 161 seer slaet en stil is ick vertrouwe bij het open

2753 1562 2217 213 gaende sa: loey occasie set voor coemeer om de

2775 1656 2193 218 gearriveerde partjen te conmen afletten end de

2743 1781 2170 191 resteerende van bilbgn haest sullen connen

2749 1890 2022 171 afgelaeden worden ende door Godts hulpe

2745 1985 2194 184 arriveeren. daer is vrij wat risies geloepen

2772 2085 2097 234 bij dit ellendigh winter saisien ende te vreeten

2771 2207 2129 144 dat men de beste rekeninge niet en staente

2781 2293 2125 158 maenen het passeerende verwaghtende als oock

2784 2420 2148 127 het succes van dese commissie intort met hodel

2776 2505 1449 165 grijsse soo blijve van herten

2768 2552 2205 224 Ghendt J B de saedelaer Adyisfebrvari 5

2778 2694 2227 189 bij ue d. missse van gisteren becoeme ce remites

2765 2817 2168 139 als £100:- sicht op Adam ehaert en ƒ500: os

2737 2944 2260 126 Pieter verschildent 20 xber 2 u sos die om acceptatie

2783 3028 2184 182 hebbe gegeven. si en ue s. deBeken  u

2751 3138 2224 165 Reken daceord hadde bevonden ende daer bij mij

2757 3264 1978 138 op nieuwe en Reken gecrediteert ƒ100: p8:

2755 3345 2205 149 bet vervolgens de gepasseerde partjer sedert

2748 3460 2199 179 Jaquiarii op nieuwe eteatiasgelyckte geboeckt

2761 3558 2213 112 hadde dat wel is. ingesloeten daer prima met

2737 3666 2216 134 den se conde brief geurt tien laste

2772 3767 1945 121 heden door mij voor ue ene voldaen
