5183 3942
2389 51 289 101 2 post

547 51 1052 156 messels procureur Brage

1783 53 938 197 Ady 27 mey 1717 peridieon

582 137 1979 163 mijn broeder heeft mij ne missivr de dato heden

555 256 2061 182 cante meridiept gecommunceert waer bij geerne

547 352 1952 175 sien ne de holstede van jan de laet tot vrachene

561 427 2070 197 suffisant obrdeelt voor mijn besot ende den selven

558 558 1990 158 belooft tusschen achtier daeghen de gevallene

562 660 1821 155 croiden sal coemen betaelen: ue heeft sich

545 749 2079 214 mitgrepen, hebbe ue niet opgegeven den packten

574 874 1922 166 en haetenisse polder Jan Coruelis de laet maer

530 949 2177 227 Jacobus van Dijch woonende dient bij de vercortin

563 1079 1926 169 en huye van ons hebbende bij de 19 gemeetert

566 1191 1972 178 gelegen niet verre van hem ontrent daer den

539 1280 1939 190 volder is doorgebrocken bij de laeste mondatie

543 1391 2101 156 aen ons bij de drijsaeren ten achteren sijnde van

531 1505 2157 183 pachte aemie aenstaende als wanneer sijn pachte

562 1650 1999 104 oock uyt is a rato van £40: sjaers ue gelieve

537 1711 2017 180 mede te vernemen oft met senen suffisanten

536 1811 1923 164 nieuwen pachter soude connen becoemen. ue

548 1913 2117 171 vacasien sal met paiser ue voldoen en blijve

523 2007 1053 205 Ghendt JB De Saedelaer

1743 2036 846 184 Adij 25 meij 1725

561 2141 2159 179 met ue aengenaeme 18 deser hebbe ontfangen

543 2290 2148 129 twee remises als op francois Breugninen 81:13:10

539 2368 1885 147 en op Jan vann Delft £83:6:8 waer van

549 2463 2124 165 voldaen aen en ue op syne  gecrediteert i

564 2589 1985 176 het is mijn leet van ue indispositie Godt danck

569 2710 2069 190 ten besten gekeert is. wensthe het voor lange laeden

576 2808 2132 203 tot volkoemen gesoeedt magh dienen ue en

556 2948 2122 157 moet niet gesupreneert wesen als om diergelijcke

596 3031 2063 197 bagatellen het prompt en antwoorde ben

542 3131 2095 196 alleeen ende doen mijne egaen affairens sonder

570 3233 2132 202 assistentie het noodigh met godtsgrant prompt

558 3339 2036 182 soo mij magh tatteeren maer miets sonder

562 3459 1141 161 presseerende oedenen

540 3501 1958 238 het verminderen de sonne pistoolen op 1

548 3671 1300 171 sal ue heben vernoemen

3853 51 885 180 Ady 8 Junii 1725

2810 51 782 192 Ghendt Jacob Baua

2848 146 2095 167 in antwoorde op ue aengenaeme dato 6 deser besae

2839 319 2115 167 ed. ten hooghsten verobligeert voor de genoemene

2854 385 2077 152 moeyte en weete wel ten waere ue ed. bij die occasie

2847 494 1976 181 gerescontreert hadde ditto sonpistoole noeyt en

2830 614 2184 187 sjnde gewisselt gecregen hebben ue d debiteere dan

2833 721 2104 157 conforin £5:10:- en sal crediteeren voor ue pasoin

2847 832 2025 195 mijn faveur op Dheer ue Broedert £62:-:- ofter

2854 936 2080 164 middel waere tot dispositie van eenige penningen

2866 1079 2111 172 bij de nieuwe admodiateurs oft andere voorvallende

2867 1171 2112 142 occasie versoeke ue ede de goethert te hebben het selve

2887 1309 2128 109 voor mij ende de vrinden indaghtigh te weten en in

2830 1421 2110 114 alle occasien daer capabet can wesen ue d. oft de

2847 1529 2112 130 familie dienst te doen gelive liber te dispolieeren

2849 1586 1840 113 van die naer cordiaele groetenisse blijve

4098 1687 851 148 Ady 16 Juisi 1725

2851 1699 957 196 ghendt sp de saedelaer

2853 1804 2153 212 in conformtege van ue missive dato 16 deser hebbe de

2873 1918 2152 189 brief taen aaste heden den laesten dagh geacquisteer

2875 2024 2147 155 en ue Reteen. belast met st £100 a ƒ35:4 £176:13:

2846 2147 1948 185 den selveningesloeten gaende en soo blijvee

2852 2246 2110 176 Rotterdam de week. verburgh Ady 18 lunii 1725

2863 2345 2163 149 iver tijdt nieuwe boecken formeerenie hebbe gevonden

2842 2474 2168 183 6y mijne Rekens mnt h ue geweest gemael te goet

2857 2564 2163 199 hebben hollants cour ƒ85:7 en nn occasio hebbende

2868 2698 2141 118 met den beurtman P'eeter Leenaerts eenige Engelsche

2870 2794 2141 121 boffels te laeten coemen hebbe hem in betaelingge

2870 2903 2133 146 dier een assignarie  ue gegeven aen sijn ordre de

2854 2955 2154 157 dato 15 deser van ƒ62:11 collants courant gelde die

4929 3068 86 82 16

2869 3061 2138 141 ue versoeke van te willen betaelen en mij ops

2862 3169 1937 132 delken daer voorens te debiteeren ue dat

2862 3251 2150 168 verobligeeren die blive niet offers mijns dens

2864 3394 1006 152 in alle occasien
