5215 3994
209 86 2128 209 Ghend Joannes Macque Ady 27 Januarry 1733

311 185 2114 245 vermiss ue mij gepermitteert heeft tegens bag van

345 294 2131 211 tockoemende maent op ue te trecken het saldo mijnder

317 426 2093 196 goet vinden ende dat ick sien sulckx sonder verlies

347 550 1993 169 niet te connen doen ende ue fauel occasie can

334 613 2116 178 vinden mij tot uer advance selfs te remitteeren

336 716 2034 238 soo is mijn versoeck ue die goecheyt gelieft te

309 811 2129 214 hebben. ue sal mij verobligeeren: als ue met den

315 916 2109 226 aenstaenden vassen overcoeutt bidde mij deere

304 1023 2062 251 te doen van my te coemen besoeken ick en

290 1141 2139 232 twijfele niet oft ue sal noch al iess vinden waer

327 1273 2049 233 biy voor ue edvantagie sal wesen. sijnde allijns

295 1415 622 160 van herten

179 1392 2190 289 Brussel Joannes Beeckmans Ady 28 Janu 1723

314 1560 2143 236 voort otfangen van ue brief hebbe k het parseyken

285 1655 2011 254 getrocken p assignatie van heden aen d'ordre

285 1801 2141 181 van mijn broeder Daniel geerardo Melijn te betaelen

316 1899 2145 193 en voldoeninge van alle rekeningen met de somme

324 2011 2076 165 van £25:3 an 8½ v laems wisselgelde ick bidde ue

305 2125 2103 174 dat te voldoen. hets ommers maer een bagatelle

289 2217 2145 195 ende het heeft nu soo lanck aen geloopen als ue

294 2354 2143 196 dat briefil i sal betaelt hebben het sal ue dienen

280 2440 2186 234 gelijck noch desen tot confirmatie in voldoeninge

318 2553 1993 191 van alle ccorrespondentie rekeningen ste het

261 2659 2159 183 dato heden 28 Januart  1723. Ick sal quyliserven

274 2773 2022 209 verlaeten en blijvee in alle voor vallende

275 2925 435 164 p casien

224 2904 2207 264 Brussel s Gt Sas Ady 29 Januarri 1723

290 3037 2139 235 met ue brief van 14 mej laest beloofde ue mij dat

276 3182 2123 223 ick tegens den winter soude sonder faute geidt

275 3296 2179 167 op rekeninge becoemen. den winter paseert ende

254 3399 2212 209 ick eenergghe nochte geedt nochte deminste geen

277 3502 2149 195 satisfactie over mijne soo rentverdighe ende

280 3612 2138 174 denghdelijck goet vinden van £275:9:- vlaeny

289 3737 2150 167 wisselgelde die ick aen ul uyt staen sedert het

2584 122 2208 140 jaer 1716, 1717 en 1718 hebbende sedert het sael sg

2569 220 2323 153 Jamiarsi ns verjaeren geleden met eenen smgver

2608 289 2265 183 op rekeninge ontfangen ue gelieve de sen mij ne

2592 415 2227 165 brief aen ue mair te laetcn leten ofte te com

2562 509 2190 182 mlinieeren ende dat hij eens sijne conscrentie

2590 642 2283 147 teraeden gaet oft gepernittaert is soo te haedelen

2622 707 2248 209 ist genoech sijne kinderen dote te geven igt te setten

2605 827 2190 180 te besteeden ul en sijne schilden niet te

2610 943 2169 170 betaeln sommighe betaelen die ul vervolght

2623 1043 2220 252 hebben van de crediteuren andere die ul dienst

2609 1146 2169 256 gedaen hebben te laeten soopen ½ ick segghe ul

2580 1263 2141 241 dat ick niet langer en can nochte en magh

2593 1414 2173 221 vershowen dat aen ue het te geven ende het

2561 1488 2003 223 mijne rinderen te ontnemen het mj niet

2582 1637 2193 184 gepermitteert is. considereert de schaede van

2552 1723 2078 239 dien intrest die ick leyde ende geleden hebbe

2570 1890 2281 206 vervolgens versoeke andermael met der mieste

2556 1950 2204 289 satisfactie te erlangen oft ick moete en sal p

2582 2093 2042 222 eersten nesures nemen om het myne te

2582 2212 2211 225 becoemen waer over verwaghte ue despluie

2580 2289 2076 265 want gelijck ick met een ider seer geerne

2577 2429 2249 214 handele sor als ick wille in alle occasien aen

2601 2530 2223 255 mij geschiede soo soude indgelijckx ist moogelijck

2589 2638 2181 236 niet ue niet terijnten ageeren dat niet als

2554 2777 2254 194 aen ue en can dependeeren geconsidereert

2569 2894 2188 167 mijne recht vaerdighe vraeghe blijve naer

2593 2957 1408 181 groetenisse in alle occasien

2535 3050 2311 208 London Le Cheir Thomas Scawess en Conys Ady 30 januter 1723

2556 3172 2291 173 lhonneur de la vre t xbre dernier m'est bien parvenue

2565 3315 2291 132 en son temps p laquelle v. q m'advise que le parlement

2566 3416 2237 142 salon toutte aspotrence fira rembousser lot proprietaires

2565 3485 2271 135 des Annnitie a 3 pourdent qui non point este toubscriptes

2570 3565 2282 183 en la cont. du sud a moins de consentir a la reduition

2572 3648 2216 148 de lintrest a 4 pourcent pcon. sur cela ie vous dit en

2570 3775 2159 119 tel cas que ie receveray mon capitat p'estant m
