5204 3942
473 63 2142 117 dont ty suis presentement intreshee mais je souhaitte

482 161 2077 170 descrire auparavant a lfmis sonts qui' 'est ma

468 242 2129 229 procure pour les  £1000- afin de ne disobliger

489 369 2065 199 parsonne et que cela aille de bonne grace et

478 489 2076 208 quil puis voir que joy suis d'un austre estre plus

513 566 2007 235 ifrestee que du sien et cs est pour cela

490 708 2141 235 que ie vous recommande a faire si transport

456 818 2010 221 sur les livres de la banque celle receu. je suis

465 936 2103 173 aide de voir la bonne dopinion qson a de ce sons

483 1047 2138 188 et ie vous remercie de la pcompte ex tre dittot

467 1137 2105 219 et du soiny que vous vous voulez bien donner

455 1303 2006 219 pour mes ytt rests vous parsuadant que je

469 1391 1966 212 tachiray de tout mon coeur a ne jamais

469 1484 2140 243 faire moins aux occasions quil (vous plaira

461 1612 1929 219 disposer de celluy quil le dit touspours

438 1741 1926 215 ningene aen den ontanger PJuni 1724

469 1878 2007 198 de geintresseerdens nevens mij en doen niet als

461 1986 2069 186 mij vermaenen ue te schrijven ende te kennen

456 2104 2066 136 te geven dat het diseet tegens de stipulaie

492 2193 1949 171 dat de parochie van hingene ende desselfs

451 2314 1998 198 gegoeyde soo veer verachteren in het betaelen

443 2437 1917 145 der crossen daerom oordeele geraet saem

479 2512 2144 214 ne p desen e  adverteeren van te willen

464 2644 1890 213 of passenen ons de vervallen croisen te

470 2712 2113 222 coemen betaelen welck sal afwaghten en blyve

423 2837 2099 244 Thiel oode Gillis van Laer bjte

481 2992 2116 201 om dat ue laest hier sijnde my beloeft heeft den

492 3123 2111 169 ontfanger te vermaenen van mij mynes gevallene

510 3224 2148 191 croise te laste aer parochie ende gegoeyden proget

490 3331 2135 194 te soemen betaelen ende ick geen saiffactie en

518 3447 2099 180 becoeme neme de libert sjdt ue p desen ander

483 3549 2192 200 maer te versoeken ditto ontfanger te adverseeren

525 3655 2048 208 van op te passen want ick en mejne niett

2729 53 1974 166 het de gegoeydens intenne is ende oock den

2730 151 2188 205 geintresseerdens de croisen te laeten veraenteren

2735 265 2252 202 tegens de s ende contracte van soo eenen

2745 377 2224 209 getingen intrest het is het gene ue versoeke

2763 499 1266 183 ende te gelooven dat ben

2763 523 2191 276 vrachene sau de laet  n 172

2760 691 2182 230 het is van 25 februarij den jaer geleden dat ue

2770 831 2136 213 mijne rente hebbe apgeset tegens 6a prete

2759 953 2176 216 piet endeerende naerder beseth o naerder

2780 1088 2120 181 hipsse que contoren de stpulane op ils deser

2781 1146 2198 237 svervallen wederom twee jaeren croise ue

2775 1310 2214 192 en siet naer mij niet ommanqueert het

2782 1420 2211 162 naerder beseth te geven en selfs de croisente

2756 1557 2296 171 betaelen ick en ben niet genogen mant qualijck

2790 1623 2244 225 te handelen oft costen aen te doen daerom

2759 1779 2171 172 bidde mij te conmen satisfaiie geven  met

2778 1861 2255 189 ter eminne oft ue sal my dwinghen ue het met

2760 1960 2232 194 den rechten en nmet costen te doen dien het

2794 2076 2248 226 welck ue alvoerens noch gens niet ter ieme

2780 2194 2234 178 coeme adverteeren ende daerom afvraghtende

2789 2334 789 167 blijve

2779 2399 2253 259 Den de monde francois Ceraerts Ady 17 Junii 1724

2804 2573 2252 193 Ick hebbe diversche van ue   wer ontfangen

2822 2695 2165 186 en oock tweipael ue commiss gesprocken

2802 2800 2168 228 ende echter bij dienoft dander tot noch toe

2815 2936 2048 140 de gevraeghde datffactie niet becoemen

2806 3037 2217 181 hebis mij leet gewaest te vernemen ue ede

2806 3147 2255 172 indispositie ende nu aengen aen te versjaen

2801 3306 2253 155 ue 6d daer van gesonlageert is en ick po dersien

2817 3377 2247 168 het geluck sal hebben ue led. alhieft moedelin

2822 3500 2234 141 te coen spreken deer seer naer verlangote

2819 3580 2082 117 want het t saer noodigh om saemen een

2828 3689 1932 148 adwistmentt te co facn. wet

2845 3737 2171 149 aligaen den decparge bi ef ten laste  led
