5226 3994
266 108 2037 109 nos etmis et de leur bon consiez et bon soing

201 203 2173 128 quils vreullent bien prendre en telles occassions

303 272 2089 178 daustant ounestranger ne peu faire auttre que

275 392 2057 210 by conffer entierement comme jay tous jours

252 517 2057 183 fait at feray en vre parsonne j'espore que

294 603 2054 234 receverez unne de sie t d'intrest de mes

197 737 2190 209 s£500:- banque ammines ausig eschen an

295 853 2024 196 25 mars et lesquelles continueront comme

315 981 1914 190 ie puis voirs. j'avois etu goe lon auroit

299 1082 1962 239 remboursecycelles la aulsy. Jaurois bien

255 1202 2096 221 souhaittee que m'anriez fait remise de mon

301 1288 2015 200 avance dh intrests receu entre vos mains

303 1399 2096 258 goy 9 a 143:15 a un gros plys ou mones ou ne

294 1505 2151 296 pe amais limiter. alsteur jattendray le teps

314 1674 2034 241 pour remplacer mon capital ette voyeray

296 1719 2089 243 1a quoy cela pourra monter et en quoy cela

302 1862 2131 266 pourra raussir. en attendant de vos nouvelles

327 2067 652 145 1je medit

690 2131 1405 222 Copge van procuratie tot het

309 2245 2073 215 ontfangen van de cappitaele mijne penningen

347 2349 1923 236 van  £2000:: sotterge Annnper

1968 2428 497 158 28 imeert

326 2488 2119 158 af gelost met cessatie van intrest dato 5tpril

311 2618 2099 184 know all men by these presents that I Peter melijn

334 2725 2169 207 of Antwerp merch do make conststue and appoint

319 2839 1937 163 Sir thomas Scamen of Lonoou hought and

312 2933 2094 187 alderman my trae and lawful attorney for me in my

325 3020 2143 207 name and on my behalt to recesve and from me first

329 3151 2072 195 and chief Cashire of Ihl governor and companiot

345 3237 2117 216 the bany of Enghand for the time being pussuant

347 3340 2157 203 o the isvess contained in an act tot parluament

341 3434 2065 228 passed in the ninth year of uis present tmarestys

328 3563 2179 183 Reig2 fos redeening certain Annnoties pagable

317 3670 2104 178 by the Casteire of thhe basch of Enghand at the

321 3770 2018 139 gate of five pourids per ent p. et

2671 122 2167 150 the sume of two thousand pounis being all the

2665 196 2235 176 principal monney which I non have in the capital

2682 330 2198 110 os tont stocsk encred by gnother aet ot parliament

2694 378 2229 192 passed in the thisd year of his salds maiestir regn

2703 499 2148 143 thereinmentioned and also all the aniusty after

2712 603 2154 179 the sihe rate attending my share or interest

2708 736 2195 136 the same capital or goit stock and due and payable

2705 829 2088 146 to me at of upon or at any other umor times

2704 931 2184 126 before ladyt day one thow sand seven hundred and

2683 1037 2220 164 4 winty shree sans acquittences di other discharge

2677 1119 2186 177 fol ne said principat moncy ane appusty memy

2673 1247 2218 154 name to make and give and to do ale lanfullls

2707 1319 2083 173 acts requisite for effecting of the premasses

2670 1418 2125 191 ratitying and confirnnp all that my said

2686 1529 2088 179 atforney shall do there in by visso here of in

2663 1640 2189 182 witness whereof I hove here unto set my haed

2655 1793 2096 172 and seal in Antwerp the ot dayt April

2654 1866 2162 166 due thousand seven hundres ane twinny three

2651 1977 1101 190 afore said nend stile

3781 2011 996 238 3 Thelln di 6812

2660 2086 891 161 sealed and deliveres

2635 2210 851 151 in the presence of

2672 2313 814 166 Pefrjs de man

2757 2413 461 134 Scabionns

4411 2416 109 203 6

2670 2439 831 232 Jear Bapt Cogels

2773 2600 736 179 van Jongesloo

2795 2715 709 154 notarins segins

2626 2783 2109 267 Ghendt JB de Saedelaer Ady 29 April 1723

3526 2931 166 97 de

2636 2930 2283 173 op 14 cour. hebbe ue ue geschreven en mettegenttaense

2627 3040 2280 192 mijn nu soo lanck versoeck en ue posis: vengelofte mijne

2627 3149 2241 187 mijnder vercoghte goederen noch niet becoemen

2638 3266 2174 191 dat eyndelyck versoeke ue niet langer gelieve te

2640 3382 2239 131 di layeeren ingeloeten den brief nen sas ue neden

2633 3500 2114 158 door miy voor ue en voldaen van ste £100:10:

2633 3571 2175 184 aƒ 36 vlaems ƒ180:18 waer voor mij gelieve te

2632 3700 2233 144 crediteeren ende het newengaense briefie te laeten

2643 3789 2218 132 accepteeren en geaccept eettoft met protest te repooneeren

4418 3852 319 63 16 ag
