5197 3942
547 95 2121 129 ontfangen. ue ie bekent hoemen present een sder

513 147 2090 161 de son pistoolen opdringht was schaede soo meen

538 264 2098 175 seght daer op staet te coemen ende dat ick ne brieven

533 399 2052 120 ter borse in silvere spesen moete voldoen en geen

501 474 1776 152 sonnen en can voor ue eken uytgeven

486 552 1976 172 soo versoeke in antwoort hoe mij hier insne

498 634 2058 231 te gedraeghen in gevalle men mij son prstoolen

522 781 2053 180 wil doen ontfangen oft ick sal protesteeren

505 866 1823 214 oft wel voor ue breken en risico moogen

501 973 1994 186 ontfangen en laeten legghen het is waer het

508 1050 1993 188 en is niet seekers dat het sal geschieden maer

514 1162 1955 162 echter om my bij tijde te waepenen desen soo

513 1248 2101 167 verre geschreven brenght mijn enecht voor antwoort

484 1348 1988 199 ditto sulvrouw op morgen naer middagh ten

472 1454 2068 229 dbij huren sal betaelen en niet en wilt accep

435 1577 2059 169 teeren. ingevalle van son pistoolen sal niet

501 1657 2093 224 ontfangen en niet protesteeren voor den laesten

468 1779 1449 158 dagh oft voor ue advies hebbe

481 1842 2039 257 gelieft soo goet te wesen den boede du wie uyt

489 1961 1918 210 mijnen naem eens te recommandeeren het

495 2100 1994 160 naersien van mijne memosiie hem behandight

502 2191 1899 156 noopende ofter geen arresten en sijn op de

490 2266 1641 183 sibranties ick groetee en blijve

1649 2369 987 189 Ady 18 Januarii 1735

446 2389 907 216 vrachene Jan de laet

510 2527 2110 176 als ue ops 23 februarie 1723 hier sijnde hebbe gesprocken

490 2620 1989 178 hebbe ue duy delijck versocht naerder beterting ost

502 2733 2011 165 hipsteque dat sal n haest twee jaeren worden

496 2827 2033 158 ue en siet verders naer mij niet om nochte en

492 2950 2066 154 brenght mij geldt gij cont wel oordeelen dat det

509 3011 2029 221 qpsalick handelen is. ick en hebbe myn leven oon

502 3125 2041 162 noch toe niemant oncosten aen gedaen maer als

498 3212 2114 182 men den houdt te langh terght dan beyt hij weet ae

503 3336 2009 197 vel dat ick van ue een volontarre condeinatie

488 3436 2101 175 hebbe ende dat ick in den raede van ul aendenen

431 3551 2152 129 can ageeren daerom ick vermaene ue noch een

508 3632 2152 150 vrindelyck van met reden met mj te willen ageeren

501 3719 1921 159 en geldt te brenghen oft my te vinden welck pr

2845 56 1706 170 antwoort deser sal ver waghten sijnde

2865 150 2037 201 golder den Docl Jacobus van dick Ady 18 Janu 1725

2884 262 2072 188 ick en twijfele niet of dh breffies ver gauwen heeft

2871 386 1872 173 ue uyt myas raem gesproeken ende daerom

2873 474 2132 201 verwondert het mij seer dat ue my geen geldt en sendt

2877 598 2137 141 nochte en brenght ue weet hoeveel ue my schuldigh

2904 712 1918 125 ende ten achteren it ende datter al weschom

2918 802 2132 177 geschreten moeten betaelt worden daer om ick bidde

2869 947 2140 130 met reden gelieft te ageeren ente gelet te bringht

2918 1020 1476 185 het welck afweght ende blijve

2869 1139 2116 195 Gecl Cornelis willems  Ady 19 Janu 1725

2874 1255 2132 180 Ick hebbe ue brief van 17 deser wel ontfangen met

2876 1382 2186 180 de somme van ƒ4:l0 voor eed sade ippert ressche

2836 1467 2189 154 net 16 Aprilƒ 1724 ick sun dat ue mij voor van

2865 1608 2124 172 de weyers reken noch geen geldt cont senden

2871 1695 2070 168 ick moete iay wat pasentie nemen celisor se

2884 1839 2050 145 recommandeere het ue soo haest moogelijck

2879 1907 2175 184 can wesen ten minster nu en daer wat op dekene

2885 2025 1889 187 Ick wenschs ue en ue reminde volcoee

2896 2116 2170 212 gpsonthey dt en blijve met hertelijck roer coute

2821 2259 934 174 Brussel dhuys voorel

4061 2266 869 215 Ady 19 fun 171

3821 2341 128 118 8

2914 2372 767 173 guilli amt sas

2862 2464 2167 187 ue man schrijft mij ue aen dhr. stepken Rousseau

2861 2564 2144 184 voor mijn en mijne broeders reken. ider dheeft soode

2864 2680 2113 174 tellen ƒ 300: op reken. ick benverwondert dh

2877 2811 2122 121 Rousseau daer geen advies van geeft het is van de 5

2892 2886 2091 172 deser dat ue man voorseyt mij heeft geadviseert

2840 2986 2173 157 ick bidde soo goet te wesen dat detallen ingevalle

2851 3101 2160 170 ae het selfde noch niet gedaen en heeft ick wensche

2860 3200 2194 179 het ingetreden jaer ue beyde favorabelder magh weten

2874 3299 2143 131 als voorgaende jaeren ende dat hodt  te saemen

2887 3398 2038 175 veele volgende gelieve te verlaenen gelickigh tot

2877 3499 2127 186 contentement en seligheydt blijve van losten in

2871 3631 912 141 alle occasien

4003 3623 840 167 dyi
