5183 3942
532 50 980 181 Ghendt JB de Saedelaer

1751 53 942 165 Ady 26 Juniie 1725

535 165 2056 183 ue remitteert mij p sijne miss ul dato 30 deser in ue

531 266 2163 205 eygen trato op Pieter van Dorstens lives en willem

558 379 2034 167 van brienen tot Amsterdam banco £44:18:1 dato

541 490 2173 156 20 intgelijckx 6d dato daer niet boven de £ue advance

533 595 2199 173 hebbe connen maeken om de cleynigheydt dut £45:5:1½

559 691 2123 130 verders een britie 15 deser d. dato 24 te betaelen

549 790 2154 188 van £200:- op francis van Rjswich die geaccepteert

520 897 2179 195 heeft ingesloeten den brief tn en laste heden door

523 1009 2039 169 mij voor ue raken. geacquitteert van st £30:-

540 1065 2112 234 al 35:2 vlaems £123:1:8 waer voor mij gelieve

529 1207 1868 194 op syne d reken te crediteeren blijve

503 1316 2020 226 Amsterdam Franc. Rousseau Ady 16 pulis 1725

527 1475 2074 146 ue aengenaeme dis ianparit laest vinde onseantwoort

525 1578 2034 171 te sijn gebleven faute van occasie doordien het

525 1684 2017 184 geproiecteerde niet geraetsaem geoordeelt hebbe

558 1781 2009 188 te ondernemen sijnde naer gedacte infor made

519 1882 2076 165 seer groot onderschyt in den stockvis en ue d. mede

551 1992 2023 186 van die negotie geen kennisse hebbende te vreesen

535 2101 2124 163 voor eesnen goeden nijtslagh ende den lochaent proeven

531 2204 2051 138 van de souse sijn longh mochte verbranden dat in

537 2313 2126 190 dese drocve regoie tijdt ops niet wel soude coemen

515 2422 2062 190 van de gedisponeerde mijne ƒ s0ooo banco a rato

500 2519 2204 185 van 3 wiete int jaer voor een halfjaer dato gisteren

513 2630 2068 198 gevallen melde my ne e p sand pmssive dato 13 deser

514 2736 2137 208 mij in reken. hebben gecrediteert banco ƒ95: dat seer

518 2840 1901 198 wel is en waer op ick ue ed. insgelijckx debiteere

543 2957 2070 159 versoekende op de selfde conditie de pro longatie voor

520 3059 2187 198 noch een half jaer want ick en wette geen employe van

524 3181 2129 198 sanfante nochte hier nochte en Engelandt te doen

516 3296 1988 133 door het onverwaght monteeren der fondsen

530 3410 2122 134 de reederge op de spaensche weirfndies sal aen veele

502 3504 2040 193 fatael wesen. onse oosttndische comp. heeft een

516 3607 2191 139 swaere ram so in haere beginsel de t wee tink scheepen

504 3712 2190 135 sijn noch niet geartiveert men sostineert die langs het

2798 53 2168 192 noorden om te welck. Ick hebbe aeties vercoght opes

2814 173 2090 160 prete premso in gber te leveren met noch is prete

2805 274 1970 193 oovance die ick geloove men niet sal coemen

2801 368 2230 217 ethaelen. hadde ick durven hasardeeren ick hadde een

2812 500 2220 184 schoon advance by provisie daer by connen macken

2797 641 2207 119 Ick hebbe oock partijen van twee acties voor eene

2802 723 2205 190 ist Cappstael belast tegens 5 pres in jaer soo dat

2813 870 2232 155 het alhier noch al wat beweeginge maeckt echter

2811 930 2087 199 niet sonder inquictude en voor een geliiteert

2831 1047 2034 208 cappitaeltien. als w ed in eenige reederijen

2842 1172 2170 209 geintresseert is wenste wel my eennisse te geven

2849 1272 2210 148 ende nu en dan mijn een paertien geliefde te laeten

2853 1378 2151 189 ick soude daer toe en voorvallende occasien wel

2844 1511 2248 187 nclineeren voor clejne sommen en naer gelegeagt

2829 1602 2206 187 van sacken ende dat in soude ue di niet presedi=

2835 1701 2090 199 csabel connen wesen want in besondere negoties

2836 1812 2176 188 hier te lande uytgenoemen de canten sijnwaeten

2844 1918 2213 164 en eenige onser mannitacures en is niet alt schaede

2844 2059 2248 158 te doen ende het schijnt voor die negorant geboren

2829 2119 2258 179 is op moogelijck te wesen sich daer van tonthouden

2839 2248 2088 164 al wast maer voor tijdt passeringe. ick blijve

2828 2339 1750 183 met offers mijns dintt en veel aehttagt

2830 2443 1481 179 Francois Geraers present tot hKenst

4368 2442 697 226 Adij 3 Anguei 171

2848 2554 1194 163 en smijde suooleus et vertij

2862 2608 2211 212 in contorqniteyet van ue missive 30 past en twefele

2861 2714 2213 171 niet oft een brief van hollandt voor ue ed. dijnspagh

2868 2843 2174 172 gearriveert sal ue op woorsdaghs tot ghendt wel

2865 2931 2193 180 behaendight wesen onder mijn convert ien ue de

2816 3077 2252 150 devoiren sal doen bij dheeren leden van vlaenderen

2853 3129 2231 150 ein den vervallen intrest op 31 pas van den decharge

2843 3271 2155 103 brief van te becoemen als mede op rekent vant

2860 3319 2167 172 cappitaet ick bive ue doet alle devooren moogelijck

2845 3439 2185 175 om by repartitie van cappitael en jaer lijnscher intrest

2845 3493 2150 187 soo als ue mij bij coppe geprricedeerrt, behandight heeft

2853 3566 2228 159 acceptaties te voortseren ende dat nu met een ende sellvz

2868 3693 2243 100 ra en te condiioneeren den orgineeler de charge brief opde

2852 3721 2258 126 laesten ter mijn oft de laeste alceptatie te moeten ovetgelvve

3312 3783 1806 95 in et  en vass us accptatie te beel  ƒ8500

3143 3837 106 50 1l
