5197 3942
454 69 2177 103 vol van vrecke en aesterdencker om het sijns te connen

469 141 2150 147 behouden in plaessche van een capiraeltien als voor desen

468 256 2041 175 te connen veroveren ick en der ue selfs van London

490 348 1973 196 oftelders geene remises versoeken ende dat ul van

461 448 2034 167 eenen geruymen tijdt door de scabrense brieven die sol

456 542 2012 165 gecregen hebbe ende daeghelijckx sien ick wensche

492 639 2079 192 en betwouuve Godt ons beyde en onde vrinden met

472 760 1937 177 sune prosectie sal gelievern te favoriseeren want

466 854 2057 195 anders sal onse voorsichrigheyet van weknigh noet

489 961 1889 166 wesen. geve mij deere recproque ue d bij dit

473 1053 2057 160 ingemeden jaer alle contenrement en prosperingt

477 1170 1962 161 te wenschen met veele volgende tot salighegdt en

465 1271 1389 197 een van hertey

1598 1330 948 225 Ady 12 Janueso 1725

453 1347 955 204 yeel Cornelis willeems

470 1485 2069 200 Ick hebbe ue brief van 15 gber laest wel omtan

405 1601 2095 190 =gen en geerne vernoemen dat ue en sade ue

421 1720 2153 162 Beminde noch in goede gesontheyt waeht ick hoyse

422 1828 2056 156 dat het noch soo continneert in dit in getreden

463 1930 2051 205 nieuwe jaer dat ue beijde saligh en voorspoedigh

469 2047 2081 166 wensche met noch veele volgende aengaende het

442 2161 2031 189 gene S. van de weyer mij noch schuldigh is en is

462 2260 2123 199 immers geen reden ick noch tot naer den toekomen

432 2381 2206 173 den oost soude moeten waghten gelieft in en dan

466 2499 2030 176 maer wat op rekeninge te senden ende dan

471 2610 1967 166 salt insens: bel costen ende dat versoekee ue

485 2674 2110 224 vrindelijck aengaende het gene e my in obligatie

460 2819 2153 193 schuldigh is hadde ue my betooft in eeige jaeren

453 2941 2117 141 af te legghede het sal is aApris toehoemende

466 3067 2055 152 drijjaeren worden waer van ue als dan my oock

482 3122 2095 189 toveejaeren intrest schuldigh sal wesen sch hebbe

451 3271 2153 129 dat gedaen soo als ue behent is om ue vrintschens

454 3362 1961 157 te doen ende groots costen te doen vermeyden

507 3457 2041 179 daer om bidde ue van herten met mij wat

473 3566 1964 155 consideratie te gebruyken daer mij sal op

468 3665 1219 194 verlaeten en blijve

2778 47 2069 150 Dendermonde Francois Geeraerts Ady 16 Jamarti 1725

2816 138 2208 171 hebbe ue demissive dato P. deser tsijnen tede ontfangen

2797 257 2213 149 hebbe dier ue di treciproque te wenschen het in hetseden

2819 357 2165 188 nieu jaer voorspoedigh met veele volgende in contente

2779 477 1991 142 ment ende tot tsaligheydt ende dat godt gelieve

2821 561 2009 204 te verleenen datter met de leden van vlaenderen

2824 638 2176 234 eens eynde van saeker magh coemen ende de depesches

2836 774 2018 208 op ue proieet de depescheert moogen worden hoe

2834 883 2052 140 versis ue daer in gravanceert seyt verneme geerne

2819 980 2022 160 ue mede versockende van te willen remitteeren

2836 1066 2168 204 oft geldt senden op rekeninge van den gearresteerden

2820 1178 2142 148 tintrest om die reckene van int rest te connen sluyten

2844 1266 1917 174 ue assepreerende in alle occasien sult vinden

4021 1384 924 182 Ady 16 Janvier 1725

2789 1407 770 169 Am Andre Creton

2854 1514 2058 148 vous souhaittant cette nouvelle Année et beaucoups

2847 1628 2021 164 suivantes tres heurense et saluraire ie vienne vous

2837 1717 2017 190 faire soubvenir que me devez encor £8:19:9 de

2845 1818 2015 194 change comme il vors est comnue vous m'avez

2867 1922 2171 159 tousjours promis a me satisfaire en honneste homme

2825 2019 2159 159 ie vous le recommande et en attendant ie me dit

3952 2127 927 203 Adij 16 Janier 11725

2772 2166 838 163 Ath Marthren Brants

2852 2278 2038 152 vous souhaittant cette nouvelle Année et beancoup

2854 2375 2016 162 suivantes tres haures ce et salutairdre vienne vous

2866 2474 2000 170 demander et prier de grace a me vouloir envoyeer

2869 2560 2175 165 largent que me devez encor ensuitte le compte courant

2866 2676 2063 173 vous en envoyée lafnnce passée vous m'obligerez qui

4058 2751 191 88 2de

2869 2778 2013 180 surs en attendant ie vous prie rendre lincie a

2877 2873 979 181 mons. Preson a ½ port

4102 2933 904 213 Ady 16 Januar: 1725

2841 2974 1050 176 Ghendt JBapte De Saedelaer

2821 3084 2161 129 ick sien geerne bij ue aengenaeme van gisteren es

2865 3158 2000 200 de gesondene syne Rokut courant hadde d'accord

2846 3279 2095 178 bevonden en op meuwe mij met £52:14:4 con form

2852 3366 2152 144 hadde gecrediteert maeke notitie van de twee brieven

2875 3485 2132 150 dese maent vallende die ue mij opgelt op reken den

2859 3576 2187 174 selve remitteert ue pr van 12 deser 4d dato 22 vallende

2868 3664 2102 132 op Joanna de miranda £220:7:4 d gecqeert

2865 3760 2028 124 dat is cast negosse en vervolgens pr cassa te
