5197 3942
494 93 2107 177 Ghendt Saedelaer  Ady 10 JaniaN1777

495 190 2113 174 met ue aengenaeme dato7 deser remitteert

486 320 1984 165 mij eenbnefks hollan cond. ƒ624-  dat

2093 457 161 80 21

484 474 1935 123 op Cathanna Soutmans in Amsterd da

467 567 1848 183 maendegh sal sien inte trecken voort

482 661 1995 185 voorsge banco £s00 hebbe eegemaeckt en

477 774 1955 220 ue gecrediteert £10008:6- ingesloeten

483 889 2033 213 den brief tien laste heden door mij voldaen

502 1013 2124 204 £500 a ƒ335:3 £176:5 bidden de mj :6

445 1137 1733 196 daer voor te crediteeren en blijven

443 1246 2059 245 Ghendt Bde SaedelaerAdy 16 sebru ii15

472 1358 2100 224 met tue aengename is deser remitteert ue diet

457 1472 2170 209 d sicht ƒ800: op Pater hourden die dato 125

477 1595 2036 199 geacceptseert heeft gisteren becoeme ne i

476 1703 2039 151 14 deser met ecn brifie van 13 ½d dato op to seph

443 1819 2053 180 demendiesta £84:13:2 waer van het noodigh

457 1914 2148 218 sal versorghen, de vooreprelde remise op lether n

436 2040 2069 193 Sontmans hollants cour £104:- hebb maendagh

449 2157 2102 153 a ¼ prete ue dehaedr in getrocken en ue daer voorens

447 2266 2023 158 met £500:- gecrediteert dogh gisteret waster

457 2367 1973 195 boven pa invaned geglld e in courant

437 2487 2058 183 4dat verlooren soo dat het met de wissel

434 2609 2148 152 op hollandt aister uyt gaet tot ue goverad

464 2686 2128 207 ue groetende ende den salighese vasten wenschen

413 2822 822 171 de blijvel

441 2862 2189 247 At Mathien rants D. EeAdy  eburde 179

465 3038 2066 168 Jay receu l'honneur de la vre 17 du passe ie n'ay

442 3135 2151 199 fait plus tost responce pour ne vous pas charger

453 3242 2060 193 mal a propes de port de lettres croiant que ve

448 3339 2118 201 messager van der iost me porferoit

461 3450 2101 185 que vous lay avez donne pour moy comme il avoir

459 3553 2132 166 compte a mon frere mais je ne lay veu jusp

463 3690 2126 136 ce jour mesme ie ne scay ou il demeuxe vous

443 3793 1982 79 aurez la bontee luy en parler car selon toutte

2888 44 1963 188 apparence il vous aura mis et mains la

2891 178 2053 181 quittence de mon frese et ile maissar oublre

2838 265 1956 137 ie vous salue et sesry de tont mondeacr

2813 386 2094 209 Dendermonde francois Teraerts Ady 16 lebr 1725

2868 512 2091 201 het is heden wederom een maent geleden dat ue

2841 634 2063 185 hebbe versocht oms afgerekent intresten ter

2820 744 2143 191 somme van ƒ4409:15 cour te willen betaelen

2813 871 2131 163 en ue blijft ip more dat is ni van 5 sber dat ick

2856 971 2099 184 ue de Rekene hebbe behandight ue heeft alleen

2821 1078 1938 194 hier op een hondert ponden doen tobben

2864 1188 2161 196 considereert eens oft het in redenen can bestaen

2840 1317 2172 179 dat ue op soo een manter coemt te handelen

2852 1407 1984 167 al en coemt ue niet ove u can wel geldt

2847 1534 1917 195 senden oft met brieven remitteeren ick

2840 1632 2152 213 versoek het andermaer en af wacht en  blijve

2836 1758 2138 201 Ghendt  de saedelaer Ady 21 februari 1725

2840 1856 2151 213 met ue missive van gisteren becoemen een briht £100,

2846 1974 2183 215 op Barbarn piva te dato waer van het noodigh sal

2868 2096 2181 201 versorghen dogh geen sonmen bijde betaeltnge ontfan

2812 2202 2212 134 aen maer laeten protesteeren want hier en is geen

2862 2288 2136 168 eenigh meer uyt te geven: in coopmenschp weete

2855 2398 2129 122 wel mett met de winckeliers geen wegh en can

2854 2492 2200 161 dat gaet hier mede met hijn alsoo het is een bedroetde

2861 2588 2126 152 affaire die de weynige negotte die den noch is doet

2867 2696 2108 145 iet remmen ingesloeten den brief tien laste heden

2873 2798 2132 161 door mij voldaen st £100:- afƒ35:3 £176:5½ waer

2868 2909 1304 156 voor mij gelieve te crediteeren

2826 3018 2087 185 thiel roede greffier keppens Ady 3 meert 1725

2875 3099 2135 196 ue aengenaeme p. deser is mij niel behandight waer bij

2852 3223 2173 203 geerne sien den ontfanger in het cort mij mijne croden

2878 3322 2183 185 van de parockie sal coemen betaelen: het is voor waer

2842 3434 2124 155 meer als reden want cleijnen intrest trecken en niet

2864 3526 2043 203 prompt betaelt te worden en can niet bestaet

2872 3628 2179 165 aengaende den persoon van Baudrwjs de westelinck

2861 3735 1936 138 geloove een brouw en eerlijck man te weten
