5216 3994
281 77 2080 215 thielroods p sheppens Ady 13 pritl 1723

355 183 2144 204 met weesende waer mij parssculien aen te addresser

380 303 2119 175 ren neme de libertijdt als voorleden jaer ue te

368 413 2118 153 versoeken van den ontfanger oft die de sorghe

359 528 2033 223 heeft van de parochie lasten te voldoen nyt

355 616 2124 188 mijnen naehe aen te segghen dat ick rtendeen

294 734 1985 235 de betaelinge mijnder crossen onsooden de

342 819 2154 241 St lais d PGpien en naerde mael sjan

333 959 1948 226 befjnne beloften nist n hebben voldaen ick

342 1092 2035 241 polrrivellijck geene andere quistantie meer

321 1179 2131 244 t al goesenals op rekeninge verders d

345 1271 2130 238 nochh ben heffende ten laste de selfde parvee

337 1431 2030 188 eene reute van Jan van hoge van £305:

351 1524 2035 182 Cappitael op 15 deser gevallen van crosse

348 1624 2073 244 ƒ40:10: ue sal mij verobligeeren die blijve

271 1734 2118 244 Ahnelroode Gillis van Laer Ady 23 April 1772

388 1870 2015 228 voorsoateel ick geerne een jder dienst doen en

345 2011 1992 191 mijn geldt tot ervielen intrest uijtselte soo is

330 2090 2009 181 myne intentie d'at de stipularres en de conditios

365 2227 1942 147 achter volght worden het she verste laer

383 2291 2073 171 croise gevallen 3 Jannarti dat ue mi schuldigh

371 2400 2024 171 is nu dry maenden gepasseert sedene ick de

348 2510 2101 178 libertijdt neme ue te versocken mij het selfve

366 2613 2027 144 gelof te doen betaelen en in alle occasien

373 2760 445 153 blijve

261 2746 2169 218 London hosscawen en Comp Ady 24 Apit 173

340 2915 2134 184 Jay receu l'honneur de deux cheres vost res ay dernier

336 3027 2165 158 et 2 du cour pr lesquelles je vois que l'on rembouute

331 3116 2064 215 les annuities de lottterie et non pas les banquee

339 3222 2065 161 cAmmines: ie vous envoye done cy incluse ma

331 3376 2112 172 procure selon le tencur que vous m'avez envoyée

335 3436 2153 201 il vous plaira rece voir mon capitat de  £2000:-

344 3571 2027 136 et liertrest escheu jusques au 25 mais purs que

337 3712 2061 97 lon n'en paye pas d'avantage il cela

379 3794 2035 120 je faite copme me mat guas ex billiers

2669 77 2225 181 de lexche quier portant 3 pourcent p et 5½ payables

2679 181 2208 155 a la dehande d'en presire afin que de pits profiser

2666 299 2027 176 quelque chose entre le temps que ie pourres 9 d

2669 369 2171 226 resondre a remplacer monditatgent dont ie suis

2673 519 2200 172 bien neline mais pas au prin d'a present comme

2663 631 2174 194 lechangement dit prix defondsen genisal at estc

2662 749 2067 163 frequent et extraordinaire depuis u etore dicy

2674 836 2168 180 peut estie que cela arrivera encor et e esta cette

2646 954 2193 191 fin que ie vous prie me marquer en queltres que

2654 1068 2086 207 me consiellieres sa me intresser pour le plus

2643 1182 2239 222 solide j'ay intrest dans la comp. des endes nsulid

2647 1307 2136 191 et puis que le sud sera partage en deux parties

2633 1455 2252 155 la moie en fond asseures et perpenitl et laultre

2644 1543 2197 206 en eActions Jaurois bien souhaittee que jy aurois

2633 1665 2208 192 este intressee encorpour ces  £2000:- mais

2644 1840 2200 137 cela ett trop tard et le prix trop hault a present

2629 1957 2206 159 apres le partage y 'achepter des actions de ne

2634 2054 2155 120 scay pas si ce la me convienne cas ie ne

2622 2143 2219 159 souhaitte nas de visquer beaucoup pestant pis

2623 2255 2141 212 de ma convenience mais si ie pourvois avoir

2647 2377 2072 169 ces Annuities ou bien daultres a 4 pour cent

2615 2514 2174 135 aun pr14 proportionnée et faisonable il me

2630 2617 2127 193 sembleaghe is inclinerois bien pour veu quil

2611 2754 2199 205 seroit de vre approbation ou en un aultrefons

2622 2859 2230 206 solide que ma pourriez avancet ce que ie vours

2630 3025 2246 162 prie tres humblement a vouloir faire pour mon

2605 3104 2238 206 esaaurd car pouvez bien croire que je ne souhaitte

2633 3226 2069 197 pas de voir mon argent infficmeux et sans

2609 3339 2166 197 employe. au resfaurd des villiers de lexcheprier

2631 3456 2244 146 dont ie vous escrive ie ne croy quil ny et aucnnes

2632 3584 2171 131 visque aultrement ie ne la ferois pas m'esme

2631 3738 2124 138 nt le faittez pas si ne le trouvel pas boss et

2624 3782 2016 118 asseuree cas ut nre bonneur depend de
