5207 3994
182 82 2170 196 Brussel Paills de Broyeer Ady 5 februarii 1723

285 159 2173 225 naersiende mijne boecken bevinde ue mij noch schuldigh

272 267 2140 223 te wesen £21:11:6 wisselgelde uyt de laeste partije

288 370 2032 226 ue 7 chigusn 1717 vercoght ende gelevert nn vijt

314 476 2139 261 jaeren en half geleden ende vermits schupt de laeken

303 598 2011 196 negdre scheyde en uyt vercoope wentehe voor

283 664 2096 203 leven en sterven mijne boecken te effenen ende

256 775 2170 222 de openstaende rekeningen te slurten vervolgens

265 885 2171 215 bidde ue mij dat restantien gelieft te voldoen het

276 999 2178 219 welck sal treeken p assignotie in voldoeninge van

299 1069 2106 243 alle rekeningen tot dato heden aen vordre van

267 1149 2121 285 mijn broeder daniel gerards melyn mij hier op

260 1264 2151 225 verlaetende en ue nevens meinf ue reminde

304 1366 2056 250 van hertey groetende blijve ins alle occasien

1389 1487 951 193 Ady 6 februari 1723

211 1525 935 205 Ghendt JBde Saedelaer

300 1581 2118 223 op 3 deser hebbe ue geschreven en afgesonden het

294 1685 2108 222 briefie van ƒ300:- tien laste en door mij voldaen

316 1825 2115 196 ingesloeten dien van s £150 ot den sondagh heden

311 1900 2094 212 den betael dagh door mij insgelijckx voor ue prekene

310 2015 1885 201 geacquitteert waer voor mij mede gelievete

301 2148 1968 184 crediteeren in rekn as ƒ36:3 vlaemis wisselgelden

444 2248 918 181 271:17:6: blijve

1387 2319 949 217 Adij 12 februari 1713

233 2364 755 249 Ghend JacobbBan

296 2454 2126 229 conorm ue laeste missive 2 xber hebbe ingevoordert

282 2580 2128 218 de ingeleyde ne trato in myn faveur op PPedto Baut

327 2712 2041 204 ue Broeder £98:12:9 ende derchep gesaldeert

321 2781 2041 234 ingesloeten mijn trato van heden  dato op s

312 2947 2055 215 brannes maeque aen ue ordre van £245:11

309 3068 2079 165 waer voor gelieve het noodigh te besorghen

308 3121 2115 219 en ingecoemen sijnde mij ie reken te crediteeren

285 3220 2018 241 en met occasie een briefie bij goede wisselal

284 3344 2096 221 wast op tijdt op et iusteriam rescontreerende

311 3454 1914 205 mu te willen remitteeren die blijve van

328 3614 451 152 herten

2584 111 2166 142 Ghendt Joannes Macque Ady 12 februarii 1713

2644 197 2213 151 op 17 past hebbe ue versocht mij te remitteeren

2627 323 2096 135 palss ue geliefde ick soude trecken. geen antwoort

2639 410 2199 201 becoemende dencke ick ue geene occasie tot dien

2630 554 2174 140 eynde sal gerescontreert hebben redene ick heden

2601 651 2258 113 dato op ue treetie tot slot van rekeninge consorm

2637 735 2093 180 ue gegevene ordre £245:11 vlaems wisselgelde

2653 852 2090 149 ordre Dh Jacob Baut die versoeke ue gelieve te

2652 983 2129 152 verheerten ick verwaghte het getuck bij desen

2635 1076 2207 169 rasten C die ue saligh en voorspoedigh in neern

2631 1219 2098 116 wensche ue te sien in hoepe dat wij verders

2628 1281 2014 175 noch iets te saemen sullen connen doen ue

2625 1389 2230 150 assenreerende ue sich daer van allijdes sal bedancke

2635 1511 2196 132 want tot sulcken prijse als ick ue vercoght hebbe

2638 1602 2199 165 en noch paraet en te vercoopen en sal ue naer

2627 1695 2230 172 datut nimmer meer engelsche goederen coopen

2615 1827 1260 161 nae groetenisse blijve

2608 1912 995 194 Ghendt JBode saedelaer

3758 1911 1045 185 Ady 18 februari 1723

2581 2032 2269 190 met tre missive van gisteren remitteert ue mij  dato

2591 2163 2229 132 in ue eygen patoops verard Burgert in Amsterdam

2613 2230 2243 208 baneo £126:15 die a 2  hebbe ingetrocken vlaems

2611 2331 2009 213 £129:12:- op costy ist om moogelijck pars te

2604 2466 2203 172 trecken ten sij onder de handt met particulieren

2594 2558 2192 165 ende dat niest altijdt: Ick hebbe voor mijn eygen

2590 2652 2257 224 seffs a gesonden om in de voorderen over weynighe

2590 2774 1942 150 daeghen ingeloeten het briefstn men lasse

2615 2867 2211 181 voorleden weeke gevallen ende manhemienn van

2596 2974 2072 146 occasie niet eerder afgesonden sijnde ƒ122

2581 3075 2270 198 waer voor mij in £20:18:4 gelieve te crediteeren

2579 3188 1474 193 de wissel als hier onder blijve

2585 3246 2101 177 Mns JB de Saedelaer Ady 23 febru 1723

2577 3386 2211 181 ue remitteert mj p ue mistive dato 21 deser  dto

2591 3477 2082 213 op JBap. vrjlinck ƒ580:- dittoneer is brijten stadt

2584 3614 2199 135 ingesloeten den brief en lasse door u voldaen

2579 3712 2057 187 van st £150 a ƒ 236:9 blaemst £ 271:1736:
