5183 3942
543 47 2002 148 wed jean Baide et fils in banco ƒ400:- en een

521 155 2110 213 op de wed. restart slieker oock Aimsterde

529 273 2146 180 banco ƒ750:- die heden beyde von ne sadvance

528 386 2052 159 hebbe ingetrocken met winckelier buyten

541 543 1987 128 de borse die dat noodigh hadden want ter

532 630 1927 163 borse die men het presenteerden niet en

540 679 1997 243 hebbe derven doen anders waster geen aeldt

535 823 1973 181 als tot  a pari ende het is seekerz datter

509 961 2055 177 met den laesten post van Amsterdam op

540 1064 1922 176 Antwerpen pars getrocken is tot c

533 1164 2069 240 governo. ingesloeten dre brieven tien laste

531 1290 2123 193 heden door mij voor u reken. geacquisteert

531 1422 1989 187 ende voldaen waer voorens mij gelicke te

525 1524 2167 140 crediteeren als eene vlaems wisselg ƒ700:-

553 1647 2106 164 £116:13:4 eene st £150:- a ƒ 35:3 £264:7:6

528 1751 2065 201 eene  £300:- a ƒ335:1 ƒ175:8:4 dat het

537 1858 2008 205 niet en waere ofm de soude kennisse ende

510 2000 2211 204 correspondentie ick en wilde sulcke commissi is

523 2113 2080 234 present voor geen 3 prete bedienen want

519 2255 2023 153 men neet niet waer sich wenden nochte

523 2349 1970 212 keeren ick wensche ue en fancilie het

515 2467 2031 222 saligh hooghtoydt van Paesschen en ben

545 2618 805 138 van herte

1671 2713 856 203 Ady 4 Avril 1725

487 2715 879 195 London Daniel Reys

531 2830 2022 194 Jay receu lhonneur de la vre v0 vredermer je

515 2953 1897 191 n'ayt en occasion a y faire responce comme on

531 3074 1956 160 payera selon toutte apparince en peu dejours

532 3138 2147 214 le divident de la banque et que ie vois que a change

514 3270 1998 169 de Londres prenne un peu due faveur sur Anvers

523 3357 2047 169 et Amsterdam a ƒ735:3 marque p lettres que

510 3497 2110 138 nous recevons aujourdhuy ie vous prie me remettre

523 3578 1977 156 en bonne lettre fors que vous aurez receu cet

532 3683 2163 133 divident ce que j auray bon en compte soit sur ver

554 3788 2152 83 op Ainsterdam quant c'est au misme forra aultrement

2870 67 2110 158 sur Auvers sur tont des trreurs sufficents que ie

2869 187 1352 143 vous recommande et suis

4060 288 887 179 Adij 8 April 1725

2869 289 940 191 Ghendr JB de saedelaer

2884 420 2102 197 sedert mijner laesten hebbe het gemelde brifie in

2881 559 2046 110 banco oock tot que advance ingetrocken en ue

2891 630 2115 198 gecrediteert daer voor £200:10:- voor dat van ƒ400

2868 763 2144 188 a ¾ £66:16:8 en voor dat van ƒ 750:- a ¼ £ 125:6:4

2856 905 2179 132 nn hebbe sedert becoemen ue tewee missives dato 3 en

2867 1002 2133 178 3 deser p eersten remise op Andre cesten soone

2855 1110 2138 166 in Amsterdam van 22 meert d: dato van banco

2853 1232 2036 208 ƒ900:- met notitie van drij brieven tien laste

2864 1345 2174 203 by my addres p ue tweeden remise op houis francoi

2855 1487 2160 183 de Connes van 30 meer  dato van wisselg £70:-:

2900 1608 2164 159 dat voldaen is en de ƒ900: - basco tot  ue advance

2863 1697 1917 163 ingetrocken mackende £157:113 brieven op

2876 1811 2111 163 hollandt op andere plaetsen sijn willigh genoch

2886 1925 2047 187 alde staen te betaelen binnen Amsterdam ick

2887 2061 2083 121 en hebbe oeyt daer qpestie over gehoort in conset

2869 2141 2141 201 heden gedaen 4jpre te schaede voor den brief blijve

2832 2248 1003 208 GhendtJ de Saedelaer

4062 2286 863 186 Ady 7 April 1720

2901 2372 2006 215 op 5 deser was aen ue mijnen laesten sedert en

2843 2518 2171 123 hebbe van ue geene mistives becoemen desen dan

2877 2600 1996 185 alleen tot couverte van den ingeleyden brief toren

2861 2708 2011 159 laste heden door mij voor ue reken voldeen van

2889 2815 2063 171 ste £150:- a 35:2 vlaems £263:15- waer

2863 2901 2182 178 voor mij gelieve de crediteeren blyve London 2ris 4:10

4106 3029 865 179 Ady 9 April 1725

2850 3035 959 190 Ghendtj B De Saedelaer

2865 3126 2082 171 in antwoorde op ne missive van gisteren hebbe beyder de

2852 3222 2199 140 remises op wed Jan Barnaart tot haerlem in Amsterdam te

2845 3341 2176 135 betaelen van 3 deser d. Engetrocken tot  pretd ue advance

2841 3454 2182 86 a ƒ600 ½ £200:10 en ƒ1080- £180:18 soo als ontfangen

2846 3511 2241 180 sijnde ue d. sal crediteeren. ue magh echter wel onderschet

2850 3615 2219 122 maeken tusschen sulke brieven oft directe op Amsterdam

2852 3720 2186 130 en wel & meer packen want alle hier stos is sijn seekers

2827 3766 1527 106 die bruess geprefereert tot ue governoo
