<?xml version="1.0" encoding="UTF-8"?>
<alto xmlns:xsi="http://www.w3.org/2001/XMLSchema-instance"
      xmlns="http://www.loc.gov/standards/alto/ns-v4#"
      xmlns:page="http://schema.primaresearch.org/PAGE/gts/pagecontent/2013-07-15"
      xsi:schemaLocation="http://www.loc.gov/standards/alto/ns-v4# https://www.loc.gov/standards/alto/v4/alto.xsd">
   <Description>
      <MeasurementUnit>pixel</MeasurementUnit>
      <OCRProcessing ID="IdOcr">
         <ocrProcessingStep>
            <processingDateTime>2022-02-11T21:34:01.857+01:00</processingDateTime>
            <processingSoftware>
               <softwareCreator>READ COOP</softwareCreator>
               <softwareName>Transkribus</softwareName>
            </processingSoftware>
         </ocrProcessingStep>
      </OCRProcessing>
   </Description>
   <Layout>
      <Page ID="Page1" PHYSICAL_IMG_NR="1" HEIGHT="3942" WIDTH="5197">
         <TopMargin HEIGHT="0" WIDTH="5197" VPOS="0" HPOS="0"/>
         <LeftMargin HEIGHT="3942" WIDTH="0" VPOS="0" HPOS="0"/>
         <RightMargin HEIGHT="3942" WIDTH="0" VPOS="0" HPOS="5197"/>
         <BottomMargin HEIGHT="0" WIDTH="5197" VPOS="3942" HPOS="0"/>
         <PrintSpace HEIGHT="3942" WIDTH="5197" VPOS="0" HPOS="0">
            <TextBlock ID="region_1644594497332_5171"
                       HEIGHT="3873"
                       WIDTH="2257"
                       VPOS="43"
                       HPOS="384">
               <Shape>
                  <Polygon POINTS="384,43 2641,43 2641,3916 384,3916"/>
               </Shape>
               <TextLine ID="region_1644594497332_5171l1"
                         BASELINE="440,204 547,195 655,187 762,181 870,178 977,174 1085,172 1192,170 1300,170 1407,170 1515,170 1622,172 1730,172 1837,172 1945,172 2052,172 2160,172 2267,170 2375,166 2482,162 2590,156"
                         HEIGHT="159"
                         WIDTH="2178"
                         VPOS="68"
                         HPOS="426">
                  <String ID="string_region_1644594497332_5171l1"
                          HEIGHT="159"
                          WIDTH="2178"
                          VPOS="68"
                          HPOS="426"
                          CONTENT="hebben aengegaen om te sienoft de leden den"/>
               </TextLine>
               <TextLine ID="region_1644594497332_5171l2"
                         BASELINE="444,324 544,313 644,306 745,300 845,296 946,292 1046,290 1146,288 1247,286 1347,286 1448,284 1548,284 1648,284 1749,284 1849,282 1950,280 2050,278 2150,274 2251,270 2351,264 2452,256"
                         HEIGHT="169"
                         WIDTH="2037"
                         VPOS="173"
                         HPOS="429">
                  <String ID="string_region_1644594497332_5171l2"
                          HEIGHT="169"
                          WIDTH="2037"
                          VPOS="173"
                          HPOS="429"
                          CONTENT="intreste beloeven te betaelen en op sun hebbe n"/>
               </TextLine>
               <TextLine ID="region_1644594497332_5171l3"
                         BASELINE="470,418 576,411 682,404 788,399 894,394 1001,392 1107,390 1213,388 1319,386 1425,386 1532,384 1638,384 1744,382 1850,382 1956,380 2063,378 2169,374 2275,372 2381,366 2487,360 2594,354"
                         HEIGHT="221"
                         WIDTH="2154"
                         VPOS="277"
                         HPOS="454">
                  <String ID="string_region_1644594497332_5171l3"
                          HEIGHT="221"
                          WIDTH="2154"
                          VPOS="277"
                          HPOS="454"
                          CONTENT="genoemen ofte niet en op wat tijdt de capstaelen"/>
               </TextLine>
               <TextLine ID="region_1644594497332_5171l4"
                         BASELINE="446,544 547,531 648,522 749,513 850,507 951,500 1052,496 1153,494 1254,492 1355,492 1456,490 1557,490 1658,490 1759,490 1860,490 1961,490 2062,488 2163,485 2264,482 2365,476 2466,470"
                         HEIGHT="176"
                         WIDTH="2050"
                         VPOS="394"
                         HPOS="431">
                  <String ID="string_region_1644594497332_5171l4"
                          HEIGHT="176"
                          WIDTH="2050"
                          VPOS="394"
                          HPOS="431"
                          CONTENT="sullen gerembousseert worden nietemin can ue "/>
               </TextLine>
               <TextLine ID="region_1644594497332_5171l5"
                         BASELINE="448,654 544,642 641,631 738,623 834,616 931,611 1028,607 1124,604 1221,601 1318,600 1415,598 1511,598 1608,598 1705,598 1801,596 1898,596 1995,594 2091,592 2188,590 2285,584 2382,580"
                         HEIGHT="177"
                         WIDTH="1963"
                         VPOS="494"
                         HPOS="431">
                  <String ID="string_region_1644594497332_5171l5"
                          HEIGHT="177"
                          WIDTH="1963"
                          VPOS="494"
                          HPOS="431"
                          CONTENT="ditto dechiige brief vornegotieeren te beeter"/>
               </TextLine>
               <TextLine ID="region_1644594497332_5171l6"
                         BASELINE="460,740 563,736 667,734 770,730 874,728 978,724 1081,722 1185,720 1288,718 1392,714 1496,712 1599,710 1703,706 1806,704 1910,700 2014,696 2117,694 2221,689 2324,684 2428,679 2532,672"
                         HEIGHT="172"
                         WIDTH="2104"
                         VPOS="582"
                         HPOS="443">
                  <String ID="string_region_1644594497332_5171l6"
                          HEIGHT="172"
                          WIDTH="2104"
                          VPOS="582"
                          HPOS="443"
                          CONTENT="ende ick versoeke ue dan daer van een eyniete "/>
               </TextLine>
               <TextLine ID="region_1644594497332_5171l7"
                         BASELINE="474,842 559,838 644,836 730,836 815,832 901,831 986,829 1071,827 1157,824 1242,822 1328,820 1413,818 1498,816 1584,814 1669,810 1755,808 1840,806 1925,803 2011,800 2096,796 2182,794"
                         HEIGHT="174"
                         WIDTH="1737"
                         VPOS="712"
                         HPOS="459">
                  <String ID="string_region_1644594497332_5171l7"
                          HEIGHT="174"
                          WIDTH="1737"
                          VPOS="712"
                          HPOS="459"
                          CONTENT="maeken ende dat wij onse pmingen "/>
               </TextLine>
               <TextLine ID="region_1644594497332_5171l8"
                         BASELINE="466,956 568,950 670,945 772,940 874,936 976,933 1078,930 1180,928 1282,926 1384,924 1487,922 1589,920 1691,918 1793,916 1895,914 1997,912 2099,910 2201,906 2303,904 2405,900 2508,896"
                         HEIGHT="162"
                         WIDTH="2070"
                         VPOS="811"
                         HPOS="452">
                  <String ID="string_region_1644594497332_5171l8"
                          HEIGHT="162"
                          WIDTH="2070"
                          VPOS="811"
                          HPOS="452"
                          CONTENT="moogen ontfangen noopende den dechartise"/>
               </TextLine>
               <TextLine ID="region_1644594497332_5171l9"
                         BASELINE="476,1056 573,1052 670,1050 767,1048 864,1046 961,1044 1058,1044 1155,1042 1252,1042 1349,1040 1447,1040 1544,1038 1641,1036 1738,1034 1835,1032 1932,1028 2029,1026 2126,1022 2223,1015 2320,1010 2418,1002"
                         HEIGHT="159"
                         WIDTH="1970"
                         VPOS="919"
                         HPOS="462">
                  <String ID="string_region_1644594497332_5171l9"
                          HEIGHT="159"
                          WIDTH="1970"
                          VPOS="919"
                          HPOS="462"
                          CONTENT="op Brabant vont die is ingecoemen"/>
               </TextLine>
               <TextLine ID="region_1644594497332_5171l10"
                         BASELINE="450,1204 551,1195 652,1185 754,1178 855,1170 957,1164 1058,1159 1159,1155 1261,1152 1362,1150 1464,1148 1565,1146 1666,1146 1768,1144 1869,1144 1971,1143 2072,1142 2173,1142 2275,1140 2376,1138 2478,1136"
                         HEIGHT="215"
                         WIDTH="2057"
                         VPOS="1019"
                         HPOS="435">
                  <String ID="string_region_1644594497332_5171l10"
                          HEIGHT="215"
                          WIDTH="2057"
                          VPOS="1019"
                          HPOS="435"
                          CONTENT=" d0mey en op 16 spnii en vervolgens"/>
               </TextLine>
               <TextLine ID="region_1644594497332_5171l11"
                         BASELINE="464,1312 568,1302 673,1294 778,1285 882,1280 987,1274 1092,1271 1196,1267 1301,1265 1406,1264 1511,1262 1615,1262 1720,1262 1825,1262 1929,1262 2034,1264 2139,1264 2243,1264 2348,1262 2453,1262 2558,1260"
                         HEIGHT="183"
                         WIDTH="2123"
                         VPOS="1148"
                         HPOS="449">
                  <String ID="string_region_1644594497332_5171l11"
                          HEIGHT="183"
                          WIDTH="2123"
                          VPOS="1148"
                          HPOS="449"
                          CONTENT="op die dator den intrest eteert den inresn"/>
               </TextLine>
               <TextLine ID="region_1644594497332_5171l12"
                         BASELINE="428,1424 530,1413 633,1405 735,1396 838,1390 940,1386 1043,1382 1145,1380 1248,1378 1350,1377 1453,1376 1555,1376 1658,1378 1760,1378 1863,1378 1965,1378 2068,1378 2170,1378 2273,1376 2375,1374 2478,1370"
                         HEIGHT="191"
                         WIDTH="2082"
                         VPOS="1269"
                         HPOS="412">
                  <String ID="string_region_1644594497332_5171l12"
                          HEIGHT="191"
                          WIDTH="2082"
                          VPOS="1269"
                          HPOS="412"
                          CONTENT="daer van heeft geloopert seder 5 xber 1722 als"/>
               </TextLine>
               <TextLine ID="region_1644594497332_5171l13"
                         BASELINE="454,1514 556,1511 659,1508 762,1506 865,1504 968,1502 1070,1500 1173,1498 1276,1496 1379,1496 1482,1494 1584,1494 1687,1492 1790,1492 1893,1492 1996,1490 2098,1490 2201,1490 2304,1490 2407,1492 2510,1492"
                         HEIGHT="144"
                         WIDTH="2084"
                         VPOS="1380"
                         HPOS="440">
                  <String ID="string_region_1644594497332_5171l13"
                          HEIGHT="144"
                          WIDTH="2084"
                          VPOS="1380"
                          HPOS="440"
                          CONTENT="oock van de   op vlaenderen die tot noch"/>
               </TextLine>
               <TextLine ID="region_1644594497332_5171l14"
                         BASELINE="474,1630 575,1624 677,1622 779,1617 881,1614 983,1611 1085,1608 1187,1606 1289,1604 1391,1602 1493,1602 1594,1600 1696,1599 1798,1598 1900,1598 2002,1596 2104,1596 2206,1596 2308,1594 2410,1594 2512,1594"
                         HEIGHT="175"
                         WIDTH="2068"
                         VPOS="1484"
                         HPOS="460">
                  <String ID="string_region_1644594497332_5171l14"
                          HEIGHT="175"
                          WIDTH="2068"
                          VPOS="1484"
                          HPOS="460"
                          CONTENT="als ue behent is continneerende sijnde seer bejde"/>
               </TextLine>
               <TextLine ID="region_1644594497332_5171l15"
                         BASELINE="480,1750 573,1739 666,1731 759,1724 852,1720 945,1716 1038,1714 1131,1712 1224,1710 1317,1710 1410,1711 1503,1712 1596,1712 1689,1714 1782,1714 1875,1716 1968,1716 2061,1716 2154,1716 2247,1714 2340,1712"
                         HEIGHT="181"
                         WIDTH="1888"
                         VPOS="1601"
                         HPOS="465">
                  <String ID="string_region_1644594497332_5171l15"
                          HEIGHT="181"
                          WIDTH="1888"
                          VPOS="1601"
                          HPOS="465"
                          CONTENT="cup. aersten op rekent van de vervallen"/>
               </TextLine>
               <TextLine ID="region_1644594497332_5171l16"
                         BASELINE="460,1856 561,1852 663,1848 765,1844 866,1840 968,1837 1070,1834 1171,1830 1273,1828 1375,1826 1477,1824 1578,1822 1680,1820 1782,1820 1883,1818 1985,1818 2087,1818 2188,1818 2290,1818 2392,1820 2494,1820"
                         HEIGHT="155"
                         WIDTH="2062"
                         VPOS="1724"
                         HPOS="445">
                  <String ID="string_region_1644594497332_5171l16"
                          HEIGHT="155"
                          WIDTH="2062"
                          VPOS="1724"
                          HPOS="445"
                          CONTENT="intresten sult gelieven te remitteeren ue can"/>
               </TextLine>
               <TextLine ID="region_1644594497332_5171l17"
                         BASELINE="472,1974 566,1967 660,1962 754,1956 848,1952 943,1948 1037,1946 1131,1944 1225,1942 1319,1940 1414,1938 1508,1938 1602,1936 1696,1936 1790,1934 1885,1934 1979,1932 2073,1932 2167,1930 2261,1928 2356,1924"
                         HEIGHT="221"
                         WIDTH="1909"
                         VPOS="1828"
                         HPOS="458">
                  <String ID="string_region_1644594497332_5171l17"
                          HEIGHT="221"
                          WIDTH="1909"
                          VPOS="1828"
                          HPOS="458"
                          CONTENT="nu gemackelijck uyt maeken hoeveel die "/>
               </TextLine>
               <TextLine ID="region_1644594497332_5171l18"
                         BASELINE="456,2088 562,2081 668,2075 774,2069 881,2065 987,2062 1093,2060 1200,2058 1306,2056 1412,2054 1519,2054 1625,2052 1731,2052 1837,2050 1944,2048 2050,2046 2156,2044 2263,2042 2369,2038 2475,2032 2582,2026"
                         HEIGHT="241"
                         WIDTH="2154"
                         VPOS="1904"
                         HPOS="440">
                  <String ID="string_region_1644594497332_5171l18"
                          HEIGHT="241"
                          WIDTH="2154"
                          VPOS="1904"
                          HPOS="440"
                          CONTENT="emporteeren: Ick wensche dat de in commoditeyt "/>
               </TextLine>
               <TextLine ID="region_1644594497332_5171l19"
                         BASELINE="468,2206 566,2198 664,2192 762,2186 860,2180 958,2177 1056,2174 1154,2171 1252,2170 1350,2168 1449,2166 1547,2166 1645,2164 1743,2162 1841,2160 1939,2158 2037,2156 2135,2152 2233,2148 2331,2141 2430,2136"
                         HEIGHT="209"
                         WIDTH="1992"
                         VPOS="2039"
                         HPOS="451">
                  <String ID="string_region_1644594497332_5171l19"
                          HEIGHT="209"
                          WIDTH="1992"
                          VPOS="2039"
                          HPOS="451"
                          CONTENT="aen ue deene met godts grate magh cesseeren"/>
               </TextLine>
               <TextLine ID="region_1644594497332_5171l20"
                         BASELINE="472,2298 577,2296 682,2296 787,2294 893,2292 998,2289 1103,2286 1209,2284 1314,2281 1419,2278 1525,2276 1630,2273 1735,2272 1840,2270 1946,2268 2051,2266 2156,2266 2262,2266 2367,2266 2472,2268 2578,2270"
                         HEIGHT="151"
                         WIDTH="2132"
                         VPOS="2164"
                         HPOS="458">
                  <String ID="string_region_1644594497332_5171l20"
                          HEIGHT="151"
                          WIDTH="2132"
                          VPOS="2164"
                          HPOS="458"
                          CONTENT="en N eersten volcoemen hherssalt mooght wesen"/>
               </TextLine>
               <TextLine ID="region_1644594497332_5171l21"
                         BASELINE="498,2406 580,2405 663,2404 746,2401 829,2400 912,2397 994,2396 1077,2394 1160,2392 1243,2390 1326,2386 1408,2386 1491,2383 1574,2380 1657,2378 1740,2376 1822,2374 1905,2371 1988,2368 2071,2366 2154,2364"
                         HEIGHT="211"
                         WIDTH="1682"
                         VPOS="2279"
                         HPOS="484">
                  <String ID="string_region_1644594497332_5171l21"
                          HEIGHT="211"
                          WIDTH="1682"
                          VPOS="2279"
                          HPOS="484"
                          CONTENT="groete ue van herten en blijve "/>
               </TextLine>
               <TextLine ID="region_1644594497332_5171l22"
                         BASELINE="440,2540 542,2533 645,2527 747,2522 850,2516 953,2513 1055,2510 1158,2508 1260,2506 1363,2506 1466,2504 1568,2504 1671,2504 1773,2506 1876,2506 1979,2507 2081,2508 2184,2510 2286,2511 2389,2512 2492,2514"
                         HEIGHT="245"
                         WIDTH="2081"
                         VPOS="2370"
                         HPOS="424">
                  <String ID="string_region_1644594497332_5171l22"
                          HEIGHT="245"
                          WIDTH="2081"
                          VPOS="2370"
                          HPOS="424"
                          CONTENT="Ghendt JBBde saedelaert Ady 15 sber1724"/>
               </TextLine>
               <TextLine ID="region_1644594497332_5171l23"
                         BASELINE="480,2656 585,2650 691,2645 797,2642 903,2638 1009,2636 1115,2636 1221,2634 1327,2634 1433,2634 1539,2634 1644,2636 1750,2636 1856,2636 1962,2636 2068,2636 2174,2636 2280,2634 2386,2632 2492,2629 2598,2626"
                         HEIGHT="199"
                         WIDTH="2148"
                         VPOS="2499"
                         HPOS="464">
                  <String ID="string_region_1644594497332_5171l23"
                          HEIGHT="199"
                          WIDTH="2148"
                          VPOS="2499"
                          HPOS="464"
                          CONTENT="ue missive dato 13 deser hebbe wel ontfangen"/>
               </TextLine>
               <TextLine ID="region_1644594497332_5171l24"
                         BASELINE="468,2762 574,2760 680,2758 786,2756 892,2756 999,2754 1105,2754 1211,2752 1317,2752 1423,2752 1530,2752 1636,2752 1742,2752 1848,2752 1954,2754 2061,2754 2167,2756 2273,2758 2379,2760 2485,2762 2592,2764"
                         HEIGHT="205"
                         WIDTH="2150"
                         VPOS="2636"
                         HPOS="455">
                  <String ID="string_region_1644594497332_5171l24"
                          HEIGHT="205"
                          WIDTH="2150"
                          VPOS="2636"
                          HPOS="455"
                          CONTENT="met ue mate  dato op Pieter van Dorsien de "/>
               </TextLine>
               <TextLine ID="region_1644594497332_5171l25"
                         BASELINE="474,2866 576,2865 678,2864 780,2864 882,2864 985,2864 1087,2864 1189,2866 1291,2866 1393,2866 1496,2866 1598,2866 1700,2866 1802,2866 1904,2866 2007,2864 2109,2864 2211,2862 2313,2860 2415,2858 2518,2856"
                         HEIGHT="154"
                         WIDTH="2072"
                         VPOS="2757"
                         HPOS="461">
                  <String ID="string_region_1644594497332_5171l25"
                          HEIGHT="154"
                          WIDTH="2072"
                          VPOS="2757"
                          HPOS="461"
                          CONTENT="aen mijn ordre banco £78:3:2 dat niet en"/>
               </TextLine>
               <TextLine ID="region_1644594497332_5171l26"
                         BASELINE="474,2974 573,2974 673,2972 772,2972 872,2972 972,2972 1071,2972 1171,2972 1270,2972 1370,2972 1470,2972 1569,2970 1669,2970 1768,2969 1868,2968 1968,2966 2067,2964 2167,2962 2266,2958 2366,2956 2466,2952"
                         HEIGHT="183"
                         WIDTH="2019"
                         VPOS="2873"
                         HPOS="460">
                  <String ID="string_region_1644594497332_5171l26"
                          HEIGHT="183"
                          WIDTH="2019"
                          VPOS="2873"
                          HPOS="460"
                          CONTENT="hebbe ingetrocken alsoo op giiteret groote"/>
               </TextLine>
               <TextLine ID="region_1644594497332_5171l27"
                         BASELINE="468,3084 563,3082 658,3079 754,3078 849,3076 945,3076 1040,3076 1135,3076 1231,3076 1326,3076 1422,3076 1517,3076 1612,3077 1708,3078 1803,3078 1899,3076 1994,3076 2089,3074 2185,3072 2280,3070 2376,3066"
                         HEIGHT="185"
                         WIDTH="1936"
                         VPOS="2967"
                         HPOS="453">
                  <String ID="string_region_1644594497332_5171l27"
                          HEIGHT="185"
                          WIDTH="1936"
                          VPOS="2967"
                          HPOS="453"
                          CONTENT="partijen sijn gedaen tott &amp; schaede voorden"/>
               </TextLine>
               <TextLine ID="region_1644594497332_5171l28"
                         BASELINE="438,3208 541,3202 644,3197 747,3192 850,3190 953,3187 1056,3186 1159,3184 1262,3182 1365,3182 1468,3182 1571,3182 1674,3182 1777,3182 1880,3184 1983,3184 2086,3184 2189,3184 2292,3184 2395,3183 2498,3182"
                         HEIGHT="173"
                         WIDTH="2089"
                         VPOS="3062"
                         HPOS="423">
                  <String ID="string_region_1644594497332_5171l28"
                          HEIGHT="173"
                          WIDTH="2089"
                          VPOS="3062"
                          HPOS="423"
                          CONTENT="brief soo dat ue cont oordeelen wat ick voor soo"/>
               </TextLine>
               <TextLine ID="region_1644594497332_5171l29"
                         BASELINE="486,3296 590,3296 695,3294 800,3294 905,3293 1010,3292 1115,3292 1220,3292 1325,3292 1430,3292 1535,3292 1639,3292 1744,3292 1849,3294 1954,3294 2059,3296 2164,3298 2269,3300 2374,3304 2479,3308 2584,3310"
                         HEIGHT="181"
                         WIDTH="2128"
                         VPOS="3173"
                         HPOS="471">
                  <String ID="string_region_1644594497332_5171l29"
                          HEIGHT="181"
                          WIDTH="2128"
                          VPOS="3173"
                          HPOS="471"
                          CONTENT="en bagatelle cap bedinghen cohrta London"/>
               </TextLine>
               <TextLine ID="region_1644594497332_5171l30"
                         BASELINE="460,3410 565,3409 670,3408 775,3408 880,3406 986,3406 1091,3406 1196,3408 1301,3408 1406,3408 1512,3408 1617,3408 1722,3408 1827,3408 1932,3406 2038,3404 2143,3402 2248,3400 2353,3398 2458,3393 2564,3388"
                         HEIGHT="159"
                         WIDTH="2131"
                         VPOS="3324"
                         HPOS="447">
                  <String ID="string_region_1644594497332_5171l30"
                          HEIGHT="159"
                          WIDTH="2131"
                          VPOS="3324"
                          HPOS="447"
                          CONTENT="2 uso 334:9 de reden der wissel can ue wel"/>
               </TextLine>
               <TextLine ID="region_1644594497332_5171l31"
                         BASELINE="462,3512 568,3512 675,3512 782,3512 889,3512 996,3512 1103,3512 1210,3512 1317,3512 1424,3512 1531,3512 1637,3512 1744,3512 1851,3512 1958,3512 2065,3514 2172,3514 2279,3516 2386,3518 2493,3521 2600,3524"
                         HEIGHT="169"
                         WIDTH="2167"
                         VPOS="3404"
                         HPOS="448">
                  <String ID="string_region_1644594497332_5171l31"
                          HEIGHT="169"
                          WIDTH="2167"
                          VPOS="3404"
                          HPOS="448"
                          CONTENT="oordeelen waer van daer coemt sijnde het "/>
               </TextLine>
               <TextLine ID="region_1644594497332_5171l32"
                         BASELINE="438,3628 544,3624 651,3620 758,3618 864,3616 971,3614 1078,3612 1184,3612 1291,3612 1398,3612 1505,3612 1611,3612 1718,3614 1825,3616 1931,3617 2038,3618 2145,3620 2251,3622 2358,3624 2465,3627 2572,3630"
                         HEIGHT="164"
                         WIDTH="2164"
                         VPOS="3515"
                         HPOS="423">
                  <String ID="string_region_1644594497332_5171l32"
                          HEIGHT="164"
                          WIDTH="2164"
                          VPOS="3515"
                          HPOS="423"
                          CONTENT="der pernniugeer van de venditie tot ostende vint ue"/>
               </TextLine>
               <TextLine ID="region_1644594497332_5171l33"
                         BASELINE="464,3726 572,3723 680,3720 788,3718 896,3714 1004,3712 1112,3710 1220,3708 1328,3708 1436,3706 1545,3706 1653,3706 1761,3706 1869,3708 1977,3709 2085,3712 2193,3714 2301,3716 2409,3720 2517,3724 2626,3730"
                         HEIGHT="175"
                         WIDTH="2190"
                         VPOS="3609"
                         HPOS="451">
                  <String ID="string_region_1644594497332_5171l33"
                          HEIGHT="175"
                          WIDTH="2190"
                          VPOS="3609"
                          HPOS="451"
                          CONTENT="gertaeden het parteyken op te houden dat can ue doen"/>
               </TextLine>
               <TextLine ID="region_1644594497332_5171l34"
                         BASELINE="488,3826 573,3822 658,3820 743,3820 829,3818 914,3818 999,3818 1085,3816 1170,3816 1255,3818 1341,3818 1426,3818 1511,3818 1596,3818 1682,3820 1767,3820 1852,3820 1938,3820 2023,3820 2108,3818 2194,3818"
                         HEIGHT="151"
                         WIDTH="1734"
                         VPOS="3719"
                         HPOS="474">
                  <String ID="string_region_1644594497332_5171l34"
                          HEIGHT="151"
                          WIDTH="1734"
                          VPOS="3719"
                          HPOS="474"
                          CONTENT="en verwaghte ue ant woort en blijve "/>
               </TextLine>
            </TextBlock>
            <TextBlock ID="region_1644594500100_5174"
                       HEIGHT="3856"
                       WIDTH="2290"
                       VPOS="39"
                       HPOS="2749">
               <Shape>
                  <Polygon POINTS="2749,39 5039,39 5039,3895 2749,3895"/>
               </Shape>
               <TextLine ID="region_1644594500100_5174l1"
                         BASELINE="2760,174 2865,176 2971,178 3077,181 3183,182 3289,184 3394,184 3500,186 3606,186 3712,185 3818,184 3923,183 4029,181 4135,179 4241,176 4347,172 4452,169 4558,164 4664,160 4770,153 4876,146"
                         HEIGHT="219"
                         WIDTH="2145"
                         VPOS="53"
                         HPOS="2746">
                  <String ID="string_region_1644594500100_5174l1"
                          HEIGHT="219"
                          WIDTH="2145"
                          VPOS="53"
                          HPOS="2746"
                          CONTENT="Ghendt Jas de Saedelaer Ady 20 sber 1728"/>
               </TextLine>
               <TextLine ID="region_1644594500100_5174l2"
                         BASELINE="2802,302 2902,304 3003,304 3103,304 3204,304 3304,306 3405,306 3505,306 3606,306 3706,306 3807,304 3907,304 4008,304 4108,303 4209,302 4309,300 4410,300 4510,298 4611,296 4711,294 4812,292"
                         HEIGHT="218"
                         WIDTH="2039"
                         VPOS="166"
                         HPOS="2787">
                  <String ID="string_region_1644594500100_5174l2"
                          HEIGHT="218"
                          WIDTH="2039"
                          VPOS="166"
                          HPOS="2787"
                          CONTENT="conform ue missive 17 deser hebbe ue trato ne"/>
               </TextLine>
               <TextLine ID="region_1644594500100_5174l3"
                         BASELINE="2798,418 2903,418 3009,418 3115,418 3221,418 3327,418 3433,416 3539,416 3645,414 3751,412 3857,411 3962,410 4068,408 4174,406 4280,404 4386,404 4492,402 4598,402 4704,400 4810,400 4916,400"
                         HEIGHT="134"
                         WIDTH="2146"
                         VPOS="307"
                         HPOS="2784">
                  <String ID="string_region_1644594500100_5174l3"
                          HEIGHT="134"
                          WIDTH="2146"
                          VPOS="307"
                          HPOS="2784"
                          CONTENT="bescent op A msterdaen voor ue eken ingetrocken"/>
               </TextLine>
               <TextLine ID="region_1644594500100_5174l4"
                         BASELINE="2796,540 2902,540 3008,538 3114,536 3220,536 3326,534 3432,532 3538,530 3644,528 3750,526 3856,526 3962,524 4068,523 4174,522 4280,522 4386,522 4492,522 4598,524 4704,524 4810,526 4916,530"
                         HEIGHT="188"
                         WIDTH="2148"
                         VPOS="404"
                         HPOS="2782">
                  <String ID="string_region_1644594500100_5174l4"
                          HEIGHT="188"
                          WIDTH="2148"
                          VPOS="404"
                          HPOS="2782"
                          CONTENT="banco £8:3:2a  prete ne schaedt £77:13:4"/>
               </TextLine>
               <TextLine ID="region_1644594500100_5174l5"
                         BASELINE="2804,652 2906,652 3009,652 3111,652 3214,651 3317,650 3419,650 3522,648 3624,646 3727,644 3830,642 3932,640 4035,639 4137,636 4240,634 4343,633 4445,632 4548,630 4650,628 4753,627 4856,626"
                         HEIGHT="202"
                         WIDTH="2081"
                         VPOS="524"
                         HPOS="2790">
                  <String ID="string_region_1644594500100_5174l5"
                          HEIGHT="202"
                          WIDTH="2081"
                          VPOS="524"
                          HPOS="2790"
                          CONTENT="ingestoeten den brief tjen laste heden door my"/>
               </TextLine>
               <TextLine ID="region_1644594500100_5174l6"
                         BASELINE="2804,756 2912,758 3021,762 3129,763 3238,764 3346,764 3455,764 3563,764 3672,762 3780,760 3889,758 3997,756 4106,754 4214,752 4323,750 4431,746 4540,744 4648,742 4757,740 4865,738 4974,738"
                         HEIGHT="190"
                         WIDTH="2198"
                         VPOS="640"
                         HPOS="2789">
                  <String ID="string_region_1644594500100_5174l6"
                          HEIGHT="190"
                          WIDTH="2198"
                          VPOS="640"
                          HPOS="2789"
                          CONTENT="voos ue briekene voldaen ste £100 afƒ35:2 vlaems"/>
               </TextLine>
               <TextLine ID="region_1644594500100_5174l7"
                         BASELINE="2804,900 2910,896 3017,894 3124,890 3230,888 3337,886 3444,882 3550,880 3657,878 3764,876 3871,874 3977,873 4084,872 4191,870 4297,870 4404,868 4511,868 4617,868 4724,868 4831,868 4938,868"
                         HEIGHT="223"
                         WIDTH="2166"
                         VPOS="743"
                         HPOS="2787">
                  <String ID="string_region_1644594500100_5174l7"
                          HEIGHT="223"
                          WIDTH="2166"
                          VPOS="743"
                          HPOS="2787"
                          CONTENT="£175:16: 8 waer voor mij gelieve te crediteeren"/>
               </TextLine>
               <TextLine ID="region_1644594500100_5174l8"
                         BASELINE="2802,1020 2827,1020 2852,1018 2877,1018 2902,1016 2927,1015 2952,1014 2977,1014 3002,1012 3028,1012 3053,1010 3078,1009 3103,1008 3128,1005 3153,1004 3178,1004 3203,1003 3228,1002 3254,1000"
                         HEIGHT="187"
                         WIDTH="483"
                         VPOS="911"
                         HPOS="2784">
                  <String ID="string_region_1644594500100_5174l8"
                          HEIGHT="187"
                          WIDTH="483"
                          VPOS="911"
                          HPOS="2784"
                          CONTENT="blijve"/>
               </TextLine>
               <TextLine ID="region_1644594500100_5174l9"
                         BASELINE="3982,1048 4011,1054 4040,1057 4070,1060"
                         HEIGHT="161"
                         WIDTH="135"
                         VPOS="925"
                         HPOS="3966">
                  <String ID="string_region_1644594500100_5174l9"
                          HEIGHT="161"
                          WIDTH="135"
                          VPOS="925"
                          HPOS="3966"
                          CONTENT=""/>
               </TextLine>
               <TextLine ID="region_1644594500100_5174l10"
                         BASELINE="2800,1158 2905,1155 3010,1152 3115,1150 3220,1146 3325,1145 3430,1142 3535,1140 3640,1139 3745,1138 3850,1136 3955,1134 4060,1130 4165,1129 4270,1126 4375,1122 4480,1120 4585,1115 4690,1110 4795,1104 4900,1100"
                         HEIGHT="267"
                         WIDTH="2128"
                         VPOS="975"
                         HPOS="2786">
                  <String ID="string_region_1644594500100_5174l10"
                          HEIGHT="267"
                          WIDTH="2128"
                          VPOS="975"
                          HPOS="2786"
                          CONTENT="nhed  de sedelaer Ady 2 xber 1714"/>
               </TextLine>
               <TextLine ID="region_1644594500100_5174l11"
                         BASELINE="2872,1310 2975,1306 3079,1304 3183,1300 3286,1298 3390,1295 3494,1292 3597,1290 3701,1287 3805,1284 3909,1282 4012,1280 4116,1276 4220,1274 4323,1272 4427,1270 4531,1268 4634,1265 4738,1264 4842,1262 4946,1260"
                         HEIGHT="255"
                         WIDTH="2105"
                         VPOS="1117"
                         HPOS="2855">
                  <String ID="string_region_1644594500100_5174l11"
                          HEIGHT="255"
                          WIDTH="2105"
                          VPOS="1117"
                          HPOS="2855"
                          CONTENT="ue aengenaeme van gisteren becoeme heden "/>
               </TextLine>
               <TextLine ID="region_1644594500100_5174l12"
                         BASELINE="2832,1412 2926,1412 3021,1410 3116,1410 3210,1408 3305,1408 3400,1406 3494,1405 3589,1403 3684,1402 3779,1399 3873,1397 3968,1394 4063,1392 4157,1388 4252,1384 4347,1381 4441,1378 4536,1372 4631,1368 4726,1362"
                         HEIGHT="179"
                         WIDTH="1926"
                         VPOS="1282"
                         HPOS="2815">
                  <String ID="string_region_1644594500100_5174l12"
                          HEIGHT="179"
                          WIDTH="1926"
                          VPOS="1282"
                          HPOS="2815"
                          CONTENT="met remise p sicht en Pater elonden"/>
               </TextLine>
               <TextLine ID="region_1644594500100_5174l13"
                         BASELINE="2864,1524 2971,1526 3079,1526 3186,1526 3294,1524 3401,1524 3509,1522 3616,1519 3724,1516 3831,1513 3939,1510 4046,1506 4154,1502 4261,1499 4369,1494 4476,1491 4584,1488 4691,1484 4799,1481 4906,1478 5014,1476"
                         HEIGHT="271"
                         WIDTH="2180"
                         VPOS="1334"
                         HPOS="2848">
                  <String ID="string_region_1644594500100_5174l13"
                          HEIGHT="271"
                          WIDTH="2180"
                          VPOS="1334"
                          HPOS="2848"
                          CONTENT="ƒ800:- die geaccepteert heeft vervolgens 8 deser"/>
               </TextLine>
               <TextLine ID="region_1644594500100_5174l14"
                         BASELINE="2844,1636 2940,1637 3036,1638 3132,1638 3228,1638 3324,1636 3420,1636 3516,1634 3612,1632 3708,1630 3804,1628 3900,1625 3996,1622 4092,1620 4188,1616 4284,1614 4380,1610 4476,1606 4572,1604 4668,1600 4764,1598"
                         HEIGHT="180"
                         WIDTH="1950"
                         VPOS="1515"
                         HPOS="2828">
                  <String ID="string_region_1644594500100_5174l14"
                          HEIGHT="180"
                          WIDTH="1950"
                          VPOS="1515"
                          HPOS="2828"
                          CONTENT="te betaelen ue gelieft mij te melden op"/>
               </TextLine>
               <TextLine ID="region_1644594500100_5174l15"
                         BASELINE="2856,1782 2950,1776 3044,1770 3138,1766 3232,1763 3326,1760 3420,1758 3514,1754 3608,1752 3702,1750 3796,1748 3890,1747 3984,1744 4078,1742 4172,1738 4266,1734 4360,1729 4454,1724 4548,1717 4642,1710 4736,1702"
                         HEIGHT="251"
                         WIDTH="1911"
                         VPOS="1599"
                         HPOS="2839">
                  <String ID="string_region_1644594500100_5174l15"
                          HEIGHT="251"
                          WIDTH="1911"
                          VPOS="1599"
                          HPOS="2839"
                          CONTENT="voonsdagh te sullen remitteeren op hollandt"/>
               </TextLine>
               <TextLine ID="region_1644594500100_5174l16"
                         BASELINE="2816,1890 2917,1890 3019,1890 3121,1890 3222,1888 3324,1887 3426,1884 3527,1881 3629,1878 3731,1875 3833,1870 3934,1866 4036,1861 4138,1856 4239,1850 4341,1846 4443,1840 4544,1834 4646,1829 4748,1822 4850,1816"
                         HEIGHT="228"
                         WIDTH="2065"
                         VPOS="1717"
                         HPOS="2800">
                  <String ID="string_region_1644594500100_5174l16"
                          HEIGHT="228"
                          WIDTH="2065"
                          VPOS="1717"
                          HPOS="2800"
                          CONTENT="vervolgens oordeelen noodigh ae 2d den cours"/>
               </TextLine>
               <TextLine ID="region_1644594500100_5174l17"
                         BASELINE="2870,2018 2976,2020 3082,2020 3188,2018 3294,2016 3400,2014 3506,2012 3612,2008 3718,2002 3824,1998 3930,1994 4036,1988 4142,1983 4248,1978 4354,1974 4460,1969 4566,1965 4672,1962 4778,1958 4884,1956 4990,1954"
                         HEIGHT="262"
                         WIDTH="2152"
                         VPOS="1832"
                         HPOS="2852">
                  <String ID="string_region_1644594500100_5174l17"
                          HEIGHT="262"
                          WIDTH="2152"
                          VPOS="1832"
                          HPOS="2852"
                          CONTENT="der wissel hier onder te noteeren tot ue governo"/>
               </TextLine>
               <TextLine ID="region_1644594500100_5174l18"
                         BASELINE="3380,2096 3416,2094 3452,2084"
                         HEIGHT="84"
                         WIDTH="108"
                         VPOS="2027"
                         HPOS="3357">
                  <String ID="string_region_1644594500100_5174l18"
                          HEIGHT="84"
                          WIDTH="108"
                          VPOS="2027"
                          HPOS="3357"
                          CONTENT="26"/>
               </TextLine>
               <TextLine ID="region_1644594500100_5174l19"
                         BASELINE="3340,2094 3360,2090"
                         HEIGHT="87"
                         WIDTH="62"
                         VPOS="2023"
                         HPOS="3314">
                  <String ID="string_region_1644594500100_5174l19"
                          HEIGHT="87"
                          WIDTH="62"
                          VPOS="2023"
                          HPOS="3314"
                          CONTENT="1"/>
               </TextLine>
               <TextLine ID="region_1644594500100_5174l20"
                         BASELINE="2794,2138 2905,2140 3017,2142 3128,2142 3240,2140 3351,2138 3463,2134 3574,2129 3686,2124 3797,2120 3909,2114 4020,2108 4132,2102 4243,2097 4355,2093 4466,2090 4578,2088 4689,2086 4801,2088 4912,2090 5024,2094"
                         HEIGHT="217"
                         WIDTH="2262"
                         VPOS="1981"
                         HPOS="2777">
                  <String ID="string_region_1644594500100_5174l20"
                          HEIGHT="217"
                          WIDTH="2262"
                          VPOS="1981"
                          HPOS="2777"
                          CONTENT="hebbe wel n voor mijn eygen rekeue en geassoere"/>
               </TextLine>
               <TextLine ID="region_1644594500100_5174l21"
                         BASELINE="2798,2270 2903,2266 3009,2263 3114,2260 3220,2257 3326,2254 3431,2250 3537,2247 3642,2244 3748,2241 3854,2238 3959,2236 4065,2234 4170,2232 4276,2230 4382,2228 4487,2226 4593,2224 4698,2224 4804,2222 4910,2222"
                         HEIGHT="245"
                         WIDTH="2138"
                         VPOS="2099"
                         HPOS="2782">
                  <String ID="string_region_1644594500100_5174l21"
                          HEIGHT="245"
                          WIDTH="2138"
                          VPOS="2099"
                          HPOS="2782"
                          CONTENT="de vrinsen op hollandt te trecken die om de"/>
               </TextLine>
               <TextLine ID="region_1644594500100_5174l22"
                         BASELINE="2820,2400 2921,2393 3022,2388 3123,2382 3224,2378 3325,2374 3426,2370 3527,2368 3628,2364 3729,2362 3831,2358 3932,2356 4033,2354 4134,2352 4235,2350 4336,2349 4437,2348 4538,2346 4639,2345 4740,2344 4842,2342"
                         HEIGHT="232"
                         WIDTH="2055"
                         VPOS="2228"
                         HPOS="2803">
                  <String ID="string_region_1644594500100_5174l22"
                          HEIGHT="232"
                          WIDTH="2055"
                          VPOS="2228"
                          HPOS="2803"
                          CONTENT="de savantagieuse wissel daer laete legghen"/>
               </TextLine>
               <TextLine ID="region_1644594500100_5174l23"
                         BASELINE="2780,2510 2888,2512 2996,2512 3104,2512 3213,2510 3321,2508 3429,2506 3538,2502 3646,2499 3754,2496 3863,2492 3971,2488 4079,2484 4187,2482 4296,2480 4404,2478 4512,2478 4621,2478 4729,2480 4837,2484 4946,2488"
                         HEIGHT="189"
                         WIDTH="2198"
                         VPOS="2371"
                         HPOS="2763">
                  <String ID="string_region_1644594500100_5174l23"
                          HEIGHT="189"
                          WIDTH="2198"
                          VPOS="2371"
                          HPOS="2763"
                          CONTENT="de resen daer van hebbe ue niet voorg"/>
               </TextLine>
               <TextLine ID="region_1644594500100_5174l24"
                         BASELINE="2824,2636 2862,2635 2900,2634 2938,2634 2977,2633 3015,2632 3053,2631 3092,2630 3130,2628 3168,2627 3207,2626 3245,2625 3283,2624 3321,2623 3360,2622 3398,2620 3436,2619 3475,2618 3513,2616 3551,2616 3590,2614"
                         HEIGHT="209"
                         WIDTH="794"
                         VPOS="2510"
                         HPOS="2809">
                  <String ID="string_region_1644594500100_5174l24"
                          HEIGHT="209"
                          WIDTH="794"
                          VPOS="2510"
                          HPOS="2809"
                          CONTENT="gemeldt blijve"/>
               </TextLine>
               <TextLine ID="region_1644594500100_5174l25"
                         BASELINE="4072,2722 4112,2718 4153,2715 4194,2712 4235,2710 4276,2710 4316,2710 4357,2710 4398,2712 4439,2714 4480,2715 4520,2717 4561,2718 4602,2720 4643,2722 4684,2722 4724,2724 4765,2724 4806,2723 4847,2722 4888,2720"
                         HEIGHT="236"
                         WIDTH="844"
                         VPOS="2547"
                         HPOS="4058">
                  <String ID="string_region_1644594500100_5174l25"
                          HEIGHT="236"
                          WIDTH="844"
                          VPOS="2547"
                          HPOS="4058"
                          CONTENT="adj 6 ber174"/>
               </TextLine>
               <TextLine ID="region_1644594500100_5174l26"
                         BASELINE="2792,2758 2842,2753 2892,2751 2942,2748 2992,2744 3042,2743 3092,2742 3142,2740 3192,2738 3242,2738 3292,2736 3342,2734 3392,2734 3442,2733 3492,2732 3542,2730 3592,2728 3642,2728 3692,2725 3742,2722 3792,2720"
                         HEIGHT="202"
                         WIDTH="1027"
                         VPOS="2626"
                         HPOS="2778">
                  <String ID="string_region_1644594500100_5174l26"
                          HEIGHT="202"
                          WIDTH="1027"
                          VPOS="2626"
                          HPOS="2778"
                          CONTENT="ghendt J6: de Saedelaer"/>
               </TextLine>
               <TextLine ID="region_1644594500100_5174l27"
                         BASELINE="2838,2858 2946,2852 3055,2848 3163,2844 3272,2842 3381,2842 3489,2842 3598,2844 3706,2845 3815,2848 3924,2850 4032,2852 4141,2855 4249,2858 4358,2860 4467,2862 4575,2864 4684,2864 4792,2862 4901,2861 5010,2858"
                         HEIGHT="199"
                         WIDTH="2199"
                         VPOS="2734"
                         HPOS="2825">
                  <String ID="string_region_1644594500100_5174l27"
                          HEIGHT="199"
                          WIDTH="2199"
                          VPOS="2734"
                          HPOS="2825"
                          CONTENT="met he missivr 4 deser oitangen remise op de wedue Pedro"/>
               </TextLine>
               <TextLine ID="region_1644594500100_5174l28"
                         BASELINE="2868,2956 2973,2955 3078,2954 3183,2952 3288,2952 3394,2952 3499,2954 3604,2954 3709,2954 3814,2956 3920,2957 4025,2958 4130,2960 4235,2960 4340,2962 4446,2962 4551,2964 4656,2964 4761,2964 4866,2964 4972,2962"
                         HEIGHT="188"
                         WIDTH="2134"
                         VPOS="2844"
                         HPOS="2853">
                  <String ID="string_region_1644594500100_5174l28"
                          HEIGHT="188"
                          WIDTH="2134"
                          VPOS="2844"
                          HPOS="2853"
                          CONTENT="van weenij hijs in Amsterdam uyt sevillien 8 Augui"/>
               </TextLine>
               <TextLine ID="region_1644594500100_5174l29"
                         BASELINE="2846,3066 2949,3066 3052,3064 3155,3064 3259,3064 3362,3064 3465,3064 3569,3066 3672,3066 3775,3068 3879,3070 3982,3070 4085,3072 4188,3072 4292,3072 4395,3072 4498,3072 4602,3072 4705,3072 4808,3070 4912,3068"
                         HEIGHT="186"
                         WIDTH="2092"
                         VPOS="2965"
                         HPOS="2833">
                  <String ID="string_region_1644594500100_5174l29"
                          HEIGHT="186"
                          WIDTH="2092"
                          VPOS="2965"
                          HPOS="2833"
                          CONTENT="11dd £330½ a 125 banco £182:5510 die opgisteren"/>
               </TextLine>
               <TextLine ID="region_1644594500100_5174l30"
                         BASELINE="2848,3178 2955,3178 3063,3178 3170,3178 3278,3178 3386,3178 3493,3180 3601,3180 3708,3180 3816,3182 3924,3182 4031,3184 4139,3184 4246,3186 4354,3186 4462,3186 4569,3186 4677,3186 4784,3186 4892,3184 5000,3182"
                         HEIGHT="206"
                         WIDTH="2179"
                         VPOS="3060"
                         HPOS="2835">
                  <String ID="string_region_1644594500100_5174l30"
                          HEIGHT="206"
                          WIDTH="2179"
                          VPOS="3060"
                          HPOS="2835"
                          CONTENT="niet als £ ue schaede hebbe connen intrecken renderende"/>
               </TextLine>
               <TextLine ID="region_1644594500100_5174l31"
                         BASELINE="2854,3300 2952,3300 3051,3299 3149,3298 3248,3296 3347,3296 3445,3294 3544,3292 3642,3292 3741,3290 3840,3290 3938,3288 4037,3288 4135,3286 4234,3286 4333,3286 4431,3284 4530,3284 4628,3286 4727,3286 4826,3286"
                         HEIGHT="142"
                         WIDTH="2001"
                         VPOS="3216"
                         HPOS="2839">
                  <String ID="string_region_1644594500100_5174l31"
                          HEIGHT="142"
                          WIDTH="2001"
                          VPOS="3216"
                          HPOS="2839"
                          CONTENT="£180:14:3: ingesloeten den brief ien laste heden"/>
               </TextLine>
               <TextLine ID="region_1644594500100_5174l32"
                         BASELINE="2844,3406 2945,3404 3047,3402 3149,3400 3250,3400 3352,3400 3454,3400 3555,3400 3657,3400 3759,3400 3861,3400 3962,3402 4064,3402 4166,3400 4267,3400 4369,3398 4471,3397 4572,3394 4674,3392 4776,3387 4878,3382"
                         HEIGHT="185"
                         WIDTH="2064"
                         VPOS="3283"
                         HPOS="2829">
                  <String ID="string_region_1644594500100_5174l32"
                          HEIGHT="185"
                          WIDTH="2064"
                          VPOS="3283"
                          HPOS="2829"
                          CONTENT="maet tocheen en voor ue en door mij voldaen"/>
               </TextLine>
               <TextLine ID="region_1644594500100_5174l33"
                         BASELINE="2864,3522 2966,3516 3068,3513 3170,3510 3273,3510 3375,3508 3477,3510 3580,3510 3682,3510 3784,3512 3887,3513 3989,3514 4091,3514 4193,3516 4296,3514 4398,3514 4500,3512 4603,3510 4705,3505 4807,3499 4910,3492"
                         HEIGHT="187"
                         WIDTH="2075"
                         VPOS="3407"
                         HPOS="2850">
                  <String ID="string_region_1644594500100_5174l33"
                          HEIGHT="187"
                          WIDTH="2075"
                          VPOS="3407"
                          HPOS="2850"
                          CONTENT="ste £100 a 35:3 vlaems £176:5 waer voor mj"/>
               </TextLine>
               <TextLine ID="region_1644594500100_5174l34"
                         BASELINE="2850,3646 2915,3645 2981,3644 3046,3642 3112,3640 3177,3639 3243,3636 3308,3636 3374,3634 3439,3632 3505,3630 3570,3630 3636,3628 3701,3626 3767,3626 3832,3626 3898,3626 3963,3624 4029,3626 4094,3626 4160,3626"
                         HEIGHT="212"
                         WIDTH="1339"
                         VPOS="3503"
                         HPOS="2836">
                  <String ID="string_region_1644594500100_5174l34"
                          HEIGHT="212"
                          WIDTH="1339"
                          VPOS="3503"
                          HPOS="2836"
                          CONTENT="gelieve te crediteeren die blijve"/>
               </TextLine>
               <TextLine ID="region_1644594500100_5174l35"
                         BASELINE="3372,3784 3416,3780"
                         HEIGHT="109"
                         WIDTH="79"
                         VPOS="3705"
                         HPOS="3353">
                  <String ID="string_region_1644594500100_5174l35"
                          HEIGHT="109"
                          WIDTH="79"
                          VPOS="3705"
                          HPOS="3353"
                          CONTENT="2"/>
               </TextLine>
            </TextBlock>
         </PrintSpace>
      </Page>
   </Layout>
</alto>
