5183 3942
533 68 2137 203 Francois Teuraerts present tot Brussel Ady 7 Augusti

2423 175 205 141 1786

532 157 1215 178 in sthuybrecht in de Berghstraet

551 237 2012 191 in antwoorde net issive van gisteren ben blijde te

533 357 2029 154 sien ue ed. mij sulckx asseurantie geeft dat soo voor

532 466 2038 184 den vervallen intrest als voor de Capitaelen ende d

569 537 2068 238 voordere inresten van den decharge brief van

543 664 2067 163 ten laste de leden van vlaenderen in coste daeghen

546 783 2071 193 expeditie staet te becoemen. ick sal dan het succes

544 881 2053 199 verwaghten: ue acceptatie aen mijn ordro van

566 993 2098 209 ƒ1500- courant valt 24 deser ick groetens en blijve

1804 1120 627 189 Adij 7 ditto

508 1126 974 219 Ghendt J de saedelaer

555 1231 2006 193 met t ue missi ve primo deser becoeme remise ofp

539 1373 2087 161 Jean Joseph Grange van £155:4:2 waer van voldaen

537 1446 2006 149 ben heden is mij vertoont alhier den brief men

503 1571 2082 178 layte daer ue my mentie van maecht hebbe den

522 1652 2112 191 selven geacquitteert ƒ1 £100 aƒ 135:3 £176: 5

539 1776 2017 188 en ue heeft hem gequittantseert hier ingesloeten

533 1885 2059 156 soo dat ue mij hier voorens gelieve te crediteeren

526 1998 1959 148 van den anderen s £150:-: ns gelijckx a ƒ £35:3

521 2098 2012 157 macke nera Gods lot onse twee chinge vaeders

559 2208 2048 195 gelickiern gearriveert san hoepe de selve heden

534 2327 2021 142 oft morgess sal vobiinck de hate sullen coemen

540 2465 2187 158 ick geloove de wissels wat sallen stapper worden

546 2537 2191 180 door dien van hollandt al wat sal geremitteert

542 2655 2154 182 worden voor de venditie ick hebbe een parteghen

546 2757 1981 202 van 17 actses in d. ccompf. a 15 prets advance

512 2898 2107 165 at gelot. het schint dat ditto comp. noch al wat te

535 2967 2010 180 ben nm en dan sal bjbrenghe dat den heere

531 3096 1956 181 gosieve te lavoriseeren: so groet ende blijve

1811 3182 831 181 Adj 13 Augnd. 1735

483 3188 966 190 Ghendt J de saedelaer

482 3301 2210 141 met ue missive 5 deser hebbe ontfangen rendise op cater

486 3399 2146 156 PLowden ƒ 400: - & sicht die dato 9 geaccepteert taett

1506 3486 171 73 l

499 3473 2226 152 miis ue mij meldt op tmsterd te remitteeren soo oordeelen

502 3586 2126 126 mijn licht te wesen ue dt heden den iouts des wissels

529 3663 2176 125 te noteeren tot ue naersight sijnde als aenden voet

493 3754 1517 112 deser ue groetende blijve

4035 47 905 181 Ady 28 August 1725

2791 56 1055 180 Dermonde francois Teraerts

2795 162 2078 190 p ue missive van 26 deser remitteert ue mj ein brife

2801 254 2249 201 van 4 julij 4 usos 4 gber aenstaende eerst vallende op dheer

2807 379 2168 201 admodiateur Bossonts tot Brussel van ƒ 1200: courant

2835 510 2120 185 gelde op reken van ue acceptatie van ƒ 1500: 24 deser

2807 613 2206 187 gevallen soo dat daer noch resteert £300: ende 24 sber

2831 733 2156 183 valt noch ue acceptatie van ƒ1579:14 soo datter sal

2822 835 2212 205 resteeren ƒ1879:14 courant gelde boven dat ick noch over

2822 965 2093 161 de twee maenden moete waghten alvoerens de

2829 1074 2223 174 weerde van de ƒ1200: voorschreve te connen ontfangesn

2830 1216 2232 171 ick sien voorders met chagrin dat ue gemaecke conditie

2850 1293 2104 152 over dnten de charge brief ten laste de leden van

3568 1400 67 100 e

2838 1411 2187 175 vlaenderess van ge door de selve heeren leden noch

2838 1521 2141 175 niet en is volgrocht. ick bidde ue nu wederom naer

2820 1651 2029 193 ghendt gaende dat het niet alleen en magh sijn

2831 1754 2093 155 voor het eerste pagement maer dat ue magh

2827 1870 2132 135 assignasyes oft eecceptaties ende depesches becoemen

2849 1964 2187 158 voor de andere jaerlycksche betaelinger en crossen

2830 2087 2179 186 daer by op den voet soo als het ie geproieeteert heeft

2825 2197 2226 131 ende waer van ue mij eopge behandight heeft waest

2838 2353 2168 136 jaerlijckx sulckx sollcitaties te moeten doen waer

2840 2423 2220 168 uytersten miserabel. in gevalle ue in dier voegen

2838 2540 2020 176 acceptaties oft assignaties becoemt gelijck ick

2832 2636 2173 150 vertrouwe laet die gedepescheert worden aen

2833 2748 2231 182 mijn ordre oft aen d'ordre van Juferou Broekemgus

2843 2830 2243 146 het is indifferent. ick sal dae van ue d wijt guend

2834 2945 1977 133 vant passeerende advies verwaghten dat godt

2854 3038 2194 150 verseene favorabel magh pleses ende tot eynde van

2830 3141 2221 192 die droeve lanckdurighe sacke dienen. ick groete ue

2849 3295 601 153 en blijve
