5226 3994
280 83 2096 198 Amsterdam franc. Rousseau Ady 29 April 1723

317 188 1969 227 it antwoort op ue aengenaeme 26 deser

293 318 1998 183 segght ick meer en meer onder vinde het seer

287 429 2198 234 moiglijck is sich in onbekende affairens te engegeeren

314 538 2149 201 oft sich te int resseeren op ue eerste propostie

323 653 2144 213 hebbe ue geanttwoort wat een preuve te willen

315 767 2119 195 nemen ende dat mijne twee broeders daer toe

320 865 1996 185 niet en inclineerden door de suite van ue

295 1015 2072 168 advisen siende het mont met int gheel salvon

312 1099 2134 245 Sdisto soude coemen cirea de  consenteere

320 1198 2085 226 met myn schoop moeder ifte aenveerden te

305 1334 2081 173 meer ue d. melde ditto somme van sy de

304 1432 2190 180 tot tijde betaelt moesten worden in antwoort

305 1526 2099 187 trecht ue iustantelijck £600: met het gene

335 1666 2036 205 ick ue geremitteert hebbe en mijn schoon

308 1758 1981 204 moeders goet vinden van nu af ons ½ sus

262 1867 2191 196 =monteerende ue is. gelieven te considereeren

323 1979 2145 205 dat de redenen bij ue geallegneert in my medt

317 2093 2083 222 plaessche connen grijpen ende dat ick niet

335 2178 2080 254 geern sonder voorighe kennisse betrocken

337 2316 2065 208 worde oft mijn selven intresseere want ick

318 2412 2017 221 hebbe sedert en jaer atwee meer occasies

366 2524 1968 266 gehadt te disponeeren als ick geoordeelt

335 2648 2110 222 hebbe mijne convementie te boesen alhoewel

315 2755 2037 247 Ick my reguleere om noeyt buysen staet te

342 2805 2132 271 wesen an £3 a £ 4000:- te conmen in voorderen

354 2996 2030 228 a demande echter dat brecht de mesures

362 3113 1996 190 metteir ue vratos sullen ter presentatie

366 3225 2012 192 voldaen worden want ick noeyt cost en

366 3323 2057 230 accepteere gelijck reets deschiet is in dde £300

375 3461 2005 173 ordre surraen tol dandere en is mij noch

377 3561 1996 198 niet gepresenteer te aengaende den

352 3690 2023 216 persoon van don Joseps Rousals ben

2670 97 2122 150 blijde ue daer ten uytersten van voldaen eneee

2715 191 2194 191 geasseureert is het is oock noodigh want het en is

2681 284 2140 208 geen clegntien buyten slants smant conteent

2683 399 2105 201 soo groote capitaelen ti skeeren te meer hij

2670 488 2168 161 sich selven voor ½ wiet invrisseeren ende ue

4006 622 165 100 13d

2696 629 2187 183 aen hem van nu af in de  geremitteert

2675 733 2239 203 haft soo datter rweynighsaen sijn connngent

2653 869 2252 132 sal mantieren. met ditto hier daer over te

2668 967 2149 144 schrijven vinde voor mijn deel van weynige

2663 1074 2135 197 mit te wesen aengaende het employe Godt

2670 1198 2265 204 geve het maich volgens op gevinge lise cedeeren

2668 1302 2255 213 en animo couttibueerenom bo volgende saeten

2650 1431 2183 203 te verdobbelen daer men met godts gratie niet

2671 1549 2219 195 aen en sullen manheeren ingewalle soodaenige

2636 1661 2272 235 favorabels rekeningez en advantagies becoe

2666 1770 2213 206 men dogh ick en roepe niet geerne mostelen

2673 1891 2165 256 voor dix aen laut wesen de directie bejft

2650 2027 2185 248 dan aen ue ende den goeden uyt val aen hodt

2669 2145 2095 250 gevoelen en ben van hertiy verwaghtende

2672 2250 1360 201 wat verders sal passeeren

2640 2355 2174 212 London Lab hedt thet Scanven en omr SAdd Jn 1723

2661 2537 2167 180 je vous ayt envoyée ma oeur le 24 du passé

2660 2612 2197 182 pour recevoir mon capptal de ter £2000 lotterr

2645 2765 2261 166 Ammiies et quoy que ie n'ay vre j'esponce j'espere

2653 2826 2213 207 quelle vous sera bien pasvenne et que l'aurez

2652 2965 2101 197 receus ie vous ay demande en mesme temps

2652 3082 2247 193 vre advis et bon consiet pour reipaces mon

2636 3181 2255 198 dit argent et te vois m lhonneurd de vre lettre

2660 3293 2107 220 eschipte a mon frere det Damel gerarde

2653 3427 2231 112 que preferes a touts aultres sonds la comage

2920 3531 1387 98 dostat au p½ de 76 a 97 frot s cn

4375 3511 369 171 15 doto

2645 3553 1687 184 du su pour ce quil me begaurze

4153 3650 390 79 alestsin d

2640 3649 2208 168 diray que ie le trouve bon aussy n cas que lon

2663 3765 1928 157 pors lestre asseuree que les cap al serez
