5197 3942
428 62 2065 140 Dermonde Francois Geraerts Ady 3 jul 1724

427 175 2031 248 Jodt hebbe in wederon den van ue neier te

448 301 2039 186 beantwoorden als 2  28 en nrien 5 deser

461 432 2025 180 en niet alle ue devoiren sende mavimente

437 531 1979 151 en voordest ue niet de saeken gaen aesster

458 603 2135 218 waerts in peaetsche van voorwaerts de leden

447 723 2118 180 hebben geconvenieert en sijn eneellente heeft

446 835 2072 227 geagreeert de ondste schueden voor af contant

419 958 2118 196 te betaelen als van de leuronier vier van der

492 1074 2025 179 regtart contant en dan vervolgens jaerlickx

484 1172 1809 203 een met den intrest a rato van 5 pr

432 1273 2132 250 sijnder onder schilden als ue de charge brieft

448 1373 2114 236 heeft ue ed. my selfs nier masseureert

2341 1479 102 94 ds

441 1495 2014 238 tie hebben dat ditte de charge brief vos

458 1597 2072 204 door de leden is aengenoemen by het eerste

470 1718 2016 196 pegemenst contant voor alle anders te

402 1839 2015 181 sullen worden betaelt t wat valter nu to

470 1909 2033 232 gracteerent dheer baron loots heeft

485 2064 73 120 s

462 2047 1995 218 in die sal contant besaelt worden

461 2167 2109 217 informeert ue daer naer ue de laet ick

479 2291 2104 187 qpisleyden en met woorden payen: ue daet

490 2416 2044 196 voyages, on costen en moeyten ende men

470 2551 1915 158 renvoyeert un telkens om mostaert

462 2615 1971 194 het is waer het en sijn mijne affairens in

457 2712 2019 219 hibetantne niet maet dent echter ick en

431 2877 2176 176 mijne geassoeneerdent leyden soo voor caitael

377 2969 2187 210 alt tniicst en niet uet daerom ick pretenteere

428 3065 2087 211 een ejnde van dat werck oam ue retat

424 3185 2093 190 hebb ick niet geageert dat mijn beeter en

444 3297 2159 188 soo banck ick nilt en ageereen can ick geen

462 3401 2040 169 intrest als van ue vraeghen: ue laet on

468 3562 2068 151 in more wel weetende wat somme van

462 3626 2171 187 intresten ue nu ons schuldigh is daerom

492 3749 2114 147 het is noodigh ick ue do monderinghspreke

2796 55 2191 188 biddende voor de considerane die ich tien

2814 170 2016 162 regaurde gebruyke ue e en minsten soo

2805 271 2166 154 veel disereie gelieve hebben van ons voor ons

2777 377 2178 224 intressen te courmerez a fwaghstende blijve

2776 502 2099 214 London Isaae Delpesch Ady 8 Julli 1724

2798 620 2126 250 faure d'occasion je ny plustobt bren faire

2823 751 2154 161 responce de l'honneur de la chere vre  8bre

2847 897 1936 201 dernier la quelle j'ay reccu en sontemps

2769 976 2219 255 et dont jayt  bienaise de voir que v a.

2789 1092 2239 216 at este prompt sansfait des desvoiss que vous

2804 1213 2113 237 avez seu la bonne de faire pour voy

2792 1339 2135 229 celle cy derechef pour vous prier tres

2791 1502 2199 180 instament  avoir la bonsée vous traies

2778 1624 2183 203 porter au comptoir de la banque vous

2775 1736 2252 189 informer de mapart et vous si ie suis

2778 1861 2175 207 y creditte pour deux rille eing cents

2781 1957 2189 227 livres spailiags den senir aete i en

2793 2077 2167 223 envoucer vre declarasion a lordinair

2804 2220 2190 203 voor m'obligerez qui ne manqueray pas

2793 2291 2233 273 vous en faire payeer les paix a l'ordinais

2794 2446 1611 229 get autt en toutt es ooccasions

2764 2567 2091 210 Ghend t  de saedelaer Ady 11 juli 1724

2784 2626 2221 242 met ue geeerde 5 deser becoemen het briefien

2788 2793 2129 165 £43:18: op  quiva dat geaccepteert is

2788 2889 2253 210 en op 20 deser moet betaelt worden ingesloeten

2794 2986 2099 228 den brief t £450:- a ƒ35:4 men lase heden

2801 3108 2220 205 door mij voor ue reken ingetroeken en voldaen

2789 3199 2189 227 waer voor mij geheve te crediteeren de corste

2800 3330 2076 211 blijft mij noch daeghelyckx bij groete ue en

2763 3499 448 189 blijve
