5215 3936
461 69 2150 143 worden genoteert onder anderes p de donderdaght

447 135 2168 180 laeste gasette van Amsterdam De Engessche costind

455 235 2090 192 Compt 149 p de saturdacghs en 148. het advoese

459 342 2098 204 van mijn vrindt van London meldt dat ingevalle

443 449 2071 225 het parlement den intrest coemt te regileeren

466 564 1841 221 op 4 prete de publique sondsen sullen

455 680 2079 163 intallibel monteeren sck ben mede van dat

447 797 1961 205 gevoeken en geerne willende mijn Engelsche

436 905 2156 163 bost indische compl aetien van dnglent ponden

461 981 1963 203 sterlings by dese occasie soo coeme ue dd

450 1101 2096 192 uyt redene hier vooren gemeldt bij tijde daer van

435 1216 2045 201 kennisse geven en oock mijne commissie tot

464 1317 1884 171 desselfs vercoop salvo het divident van

415 1412 1969 174 kersemisse laest voor mij tot aenhoudert

436 1525 1972 212 en vustigh prete tot london contant ster lings

441 1666 1806 196 gedt bij het transport te betaelen tijdt

428 1732 1988 216 bedingende om mjne procuratie en ordre

444 1836 1954 193 aen mijn vrindt aldaer te connen senden

421 1955 1933 214 ick semiseere ue den minsten prijs dat de

424 2048 2106 199 self de socke afte setten ue recommandeerende

462 2176 1825 189 voor de rest sich selven te irformeeren

435 2276 1956 183 mijne advantagie te behertighen ende te

443 2402 1860 151 willen waernemen als eygen echter by

453 2474 2006 176 veranderinghe die soude connen voorvallen

428 2600 2192 200 en soude niet geerne sien de occasie esc

371 2717 2072 187 en als e mijnen boven gelsmiteerden prijs

443 2831 1990 132 ende conditie soude connen bedinghtn tot

418 2937 784 187 ue governo ben

418 2958 2103 270 hensrian Cuapse de soedelaer Ady 21 Janu 1724

442 3121 2115 189 Ick hebbe met drocheyt vernoemen i&. ue de

418 3217 2192 206 missive 4 deser het afsterven van ue ooirsten soone

420 3360 2170 211 25 jaeren out ick bidde en verhoepe den hoeden Godt

452 3465 2130 208 sijne siele in genaede sal hebben ontfangen ende

426 3587 2165 166 ue gelieve te vertroosten. het is eenen swaeren

442 3687 2025 192 slagh voor ue d te meer hij capabel was

2710 46 2087 189 oom ue 30 ende de familie te onderstennen soo ick

2732 175 2104 186 oordeele dogh Godt is wonderljck in sijne wercken

2728 263 2201 198 ende in den menschop dese weereldt te besoeken

2706 383 2176 173 Ick hebbe het selfde sot onderstaen twee maenden

2743 497 2214 189 voor mijn huysvrouwe salighers af steven heeft d heere

2712 599 2076 188 my van mijnen eenighen gelieven te priveeren

2729 698 2030 138 ende van dese weereldt scholen: hoe meerder de

2713 756 2185 250 droefheyt te matighen en sijn selven aen hodt te onder

2728 903 2261 152 werpen is het geluckighste en salighste en is het gene

2727 1014 2227 200 ue recommandeer veoemende tot ue laeste van

2723 1125 2210 144 22 deser segghe de drij ingesloete remises voor ue

2714 1243 2263 166 Reken te hebben ontfangen als eene £110:: et Jean

4907 1362 99 83 l81

2729 1342 2215 206 Bopt. Cogels waer van voldaen bet. twee opeAinssend

2742 1455 2192 188 als ue trato 16 deser dato op Pieter van Dorstens

2770 1584 2229 144 Erven en willem van Brienen £100 banco 4 gevallen

2773 1686 2098 188 30 den laesten dagh ende brief fadix 30 gber n t

4928 1813 91 126 ley

2759 1800 2175 198 30 deser vallende ap mendes da coste en eiisterd

2728 1926 2232 180 £ 300:- a 122 vanc0 £152:10:- dogh die en hebbe

2735 2010 2203 195 gisteren niet ingetrocken alsoo tot f avance voer

2762 2153 2037 181 den brief gesaen is en cou4 ¼ a  sal sien

2748 2248 2167 185 degent donderds om die in te trecken den besten

2745 2358 2189 179 moonelijck wij hebben heden brieven var Lan don

2712 2460 2297 192 deser waer bj tegens mijne copieere de wissel gevallen

2747 2567 2257 204 at coemt oop tntwerpen : 5 vallende of sAmsser

2752 2710 2212 161 ƒ35:1 a 335- soo dat alles contrarie lrort tegens

2717 2799 2209 185 verwaghtinge de twee brieven toten laste bij mmij

2739 2890 2190 163 addres waer van ue nu mentie macht neme in

2727 2983 2269 208 noutie ick versocke ue de indelit het vinden

2751 3141 2231 126 mijn deer gesondene gekent te adviseeren en het

2733 3206 2271 155 saldo mij daer bij coemende te willen remitteeren

2732 3321 2155 140 om van de gepasseerde reken een eynde te

2742 3434 1755 177 maeken in verwaghtinge blijve
