5202 3942
469 53 2191 217 genoemen wij voor geene schoede ot fangueroens

494 161 2010 158 te vreeken hebben en sal mj rapentheren

504 272 1932 172 met het geval want ick ren wel dat het

487 402 2011 144 sal mijscoemen tot a noete saturavenurs et

506 495 2004 185 nihil capimiss. aengaende ue laeste dato 27

505 635 2042 127 en cart mij niet genoecksaem verwonderen

531 730 2049 179 over lesen en geconsidereert hebben doalle

468 832 2015 178 mijne missives ue r dien aengaende

468 932 2155 164 niet soo veel precauties sorgh vuldigheyds en

474 1040 2024 154 vertronwen in ue persoen geschrven

2487 1077 180 128 2

486 1183 2178 131 te hebben dat ue e bij het erste monvemae

476 1267 2186 172 on te parsyen in de ongeliets op cosp

476 1359 2196 183 London tot een hondert der vrssigh coet

488 1518 2060 141 afts setten ende dat noch op ste tot

439 1644 2154 175 london oft lieveren dat considereere

1816 1696 417 122 20 Aprsl

468 1721 1343 195 oude sue te moeten wesen

1776 1740 791 175 mey no vo ftil0

501 1816 2124 197 daer ue  p mijn laesten 16 daeer versocht

497 1932 2039 181 hebbe de novo sich niet te preipiteeren

479 2037 2153 192 alsoo mgne advises gedroeghen die sondten

486 2151 2014 178 moeten monteeren door dien de intressen

474 2267 1973 205 geverael bij het parsament op 4 prete

457 2360 2040 165 sons en geredmeert te worden en boven

414 2487 2168 194 dien de cappitaalen di'oogher loopencke

485 2605 2007 207 afgeloftt te worden het beycht en en

485 2682 2160 202 de coopers on p Lon d stelle valst eer shien

448 2825 1908 223 prete sullen profiteeren sonder een

450 2908 2049 195 auijver weerde te betaelen ne et sat

450 3034 1936 189 sonder vinden ende ick sal tot london &

461 3175 2158 148 myne vrinden die het my geadviseert hebben

473 3293 2193 169 selaeckelijck wesen nieste min ick sal leveren

482 3387 2183 202 en mijn woort presteeren dogh gelieve huy

472 3504 2042 178 te weetep de coopers door den mackelaer

431 3650 2171 128 doeu aen te segghen sij maer en hebben

499 3764 1827 109 nevent het trauteost rot london de

2401 3760 281 132 autsohe

2769 47 2242 191 coopsonnie te weeten van mijne duysent ponde

2793 140 2174 209 sterlings a eenhouderten vostigh prese vjffice

2785 271 2090 165 hondert penden sser linys te doen betaelen

2790 422 2217 141 de rest naer advenant oft dat het tsomm sport

2807 513 2202 176 niet en sul geschieden sulckx  de mnussse

2786 651 2227 175 die ue  de gegeven hebbe te weeten contant

2772 752 2252 201 sterlings nevens het tronsport te betaelen

2789 858 2244 212 nu diene te weeten oft dinsenne d 2d eAri

2819 997 2199 196 niduue oft ude stiel ende dan sal ue heden

2806 1120 2227 197 tegens acht taghen nevens de myne voor dan

2807 1226 2194 204 geinttresseerdens de noodighe procuratie

2805 1351 2167 205 senden en ordre een onse frinden die ue

2804 1474 2179 169 d nevens de coopers can examineeren

2807 1595 2085 205 ende ten selven tijde gesaement tuck

2813 1710 2162 222 afsenden d'ax corde weesende op datter

2792 1820 2235 200 geen voordere enschant bij voorwal touten

2784 1948 2269 165 lasten off tiey en soude counen geformeer

2791 2049 2230 193 worden daer gaets buyten en vats bevreyt

2833 2179 1968 183 wille wesen voor ooveel het niet

2820 2279 2194 211 contant maer op tiodt vercoght is alhoe

2824 2386 2215 190 wel op ue de missive n antevoort deter

2823 2575 2098 166 niet din sal mankeeren als een eer lijck

2794 2619 2182 218 main doen moet mijne vin des he se

2815 2747 2247 216 en mijne sincero ordres te communiceeren

2806 2853 1988 198 ick groete ue Ed en bes van herten

2949 2973 354 124 Ahonia

2747 3008 1097 174 z onder scawen en compe

4039 3010 886 186 Ady 5 ril 1724

2788 3110 2135 141 ca que ie mesuis donne l'honneur vous addresser

2775 3228 2238 151 le 18 mars dernier doibt apey pres servir de resttonce

2791 3304 2157 191 a la greable vre  l quelle jay recep depiry

2783 3414 2202 144 si noy q au resganrd de la lotterre asvenir dont ie ne

2804 3516 2114 198 souhaitte pas y estre vnt ressee n'ayaut jamais en

2796 3597 2169 173 faveur dans aucunne lofferie et ne trouvant pas les

2794 3682 2178 179 conditions favorables cepandant ie vous aij de loben
