5197 3942
460 63 2031 216 Ghendt JB De Saedelaer Ady 14 Julii 1720

499 175 1966 216 ue aengenaeme beyde 12 en 13 deser hebbe wel

487 305 1978 199 ontfangen ider met eene remise als p eersten

474 409 2113 217 ƒ972:- wisselgelde op J Bapt tjlinck geaccepteert

473 522 2055 213 morgen 15 te betaelen N. tweeden £ 900: wisselg

437 630 1986 226 dato 17 d dato op eter lordel die heden

468 768 2106 211 geaccepteert heeft. het noodigh wort versorght

467 907 650 138 en beijde

437 982 2097 266 Ghendtt Bde Saedolaer Ady 22 juliu 1722

462 1131 2043 211 hebbe de 14 cour geschreven desenmot het

481 1234 2121 204 op senden van den boet ien laste 15015:-

467 1350 1951 229 aƒ735:3 vlaems £268:13:10 heden voor gde

426 1478 1989 228 Reken door my geacusseert waer voor

437 1559 2003 208 my gelieve te crediteeren. her stranden

464 1703 2006 204 Fant schip van China de marquis de CBrt

463 1765 2046 268 en veroersaeckt hier geen cle valterair

455 1895 2067 218 ick oordeele het verlooren: godt verleene

459 2016 1984 218 beeders. het schent dat niet alleen de

443 2128 2008 243 Menschen, maer dey hemel tegens ont is

448 2223 2066 262 Godt gelieve alles te verbeeteren. blijve

1528 2359 1024 227 Ady 2 Augusti 1724

406 2392 964 220 GGhendt JB de Saedelaer

431 2518 2088 154 beyde ue missives 22 en 30 pasto. hebbe ontfangen voor

425 2619 2158 139 detwee remises bij den cersten als £100: o jinmeraet

453 2740 2060 199 en £49:13:1 op  vtijlinck hebbe ue gecrediteert ende

427 2841 2177 202 voorde £50:-: p den naesten p  quiva 28 passé

429 2953 2105 210 dato hebbe acceptati becoepmese ingehoeten den

445 3079 2149 157 brief ien laste op gisteren voor ue Reken geaegoit

409 3185 2160 199 tdert 1 £150:2:- aƒ235:1 ƒ 263:2:6 waert voor

436 3295 2183 201 mij gelieve te crediteeren. Godt sy danck dat het met

437 3452 2181 146 het schip le marquis de btie soo wel is afgeloopen

423 3572 2203 133 ende voort aevement vant schip van bengale

458 3635 2182 160 darel den serden die voor sijne goddelijcke genaede

481 3714 2122 147 vertrouwe salve binsney de have sal coeme

2822 77 2068 180 heers droef het voordal vant schpp Capseyn Joseph

2817 172 2189 147 de ghuselle voor de geintresseerdensiende hogh droever

2836 292 1968 185 boort aen boort sijnde volck Godt gelieve se te

2821 421 2009 164 vertroosteer en alles ten besten te heeren blijve

4115 521 867 185 Adiy 14 Augn 1724

2788 522 987 211 Ghendt vannes Macque

2824 613 2086 207 Soo fals ue d my voor syn vertreck belooft hadde

2799 757 2184 195 hebbe ick van dagh tot dagh advies verwaght en

2830 868 2141 185 ordre vd de laekens aen ue  te moogen afsenden

2816 995 2113 168 echter tot nu toe geene becoemen en niet weeternde

2826 1094 2111 205 waer aen sulckx dependeert neme de libertoet ue

2814 1225 2164 173 p desen noghniel te versoeken die vrinsschap

2820 1313 1763 218 te doch welck afwaghtende blij

2770 1427 2234 255 Ghendt Jacobus BautAdy 17 upii 1724

2796 1574 2217 223 wij hebben gods lot adfussement en redelijcke condines

2790 1721 2247 195 met clheeres leden vereregen noopent de levrantiy

2785 1823 2227 160 der degimenten ende het s my a leet dat ick

2768 1945 2265 164 den de charge brief van 1 oinder ue  en

2778 2060 2200 184 de voor oute reknt daer niet onder en hebben

2804 2158 2178 212 begrepen want alhoewel die contant behoorde

2793 2279 2227 184 bethelt te worden soo onder vinde nu vaer nger

2795 2410 2225 201 conditie de wesen als bij de levranties door dien

2793 2550 1972 177 Dir geraerts sicn laet saynen en met

2793 2609 2265 184 woorden consenteeren soo ick mij moet iabeelden

2796 2745 2204 174 want over die en is geen contraet oft aenne

2787 2878 2126 213 minge over den intrest t chaeren heden als

2799 2960 2011 222 van de leurant ies. ick bidde ue ed sooveel

2795 3096 2024 198 goetheydt gelieft te hebben sich eens te

2793 3217 2168 155 informeeren hoe de laeken van die nantre

2804 3290 2169 272 gereguleert sijn i de keeren leden ende hoe

2783 3419 2219 228 Ick mij moete gegraeghen ten requarde van

2798 3537 2192 226 der Geraerts Waht te soude geerne daer over

2815 3649 2156 240 apparsement hebben DH. Geraets seght my
