5215 3936
421 57 2153 197 aengaende de rekene van provenue des 53 ballen

395 169 2107 172 se govie wollen en can daer niets van brecken

437 299 2093 143 vooraleer de generaele rekeninge van medop

445 350 2013 202 en oncosten tot in Amsterdam hebbe ende

436 473 2111 142 daer om conserveere ue gesondene rekeninge

420 574 2149 187 om alles te saemen hebbende een juste rekente

408 748 2136 115 daer van te connen formeeren. ick verhoepe

412 828 2128 163 het beeter sal uijt vallen met de gearriveerde

418 905 2144 177 pila van borsa valt ue ves sich gelieft in te betden

428 1008 2099 140 ende dat den heere ons voorder intrest sal

419 1144 2192 179 gelieven te conserveeren ende salvo te brenghen

413 1233 2147 129 om bij het nieuwe aenstaende jaer met goes en

428 1320 2001 153 animo de saeke te conmen ternemen

413 1439 2049 183 het gene ue de met veele volgende toewensche

434 1560 2142 182 in prosperiteyt tot contentement en saligheyt

398 1656 422 196 Elyve.

808 1751 1125 206 etd morren Der

665 1965 1358 254 Lesparcque Cvirginis

930 2140 593 255 Marie

670 2273 1360 234 honorem et Glossiam

1009 2464 783 207 Anmo Domini

1053 2599 721 245 1724 a

361 2774 2187 214 Dondermonde rancois Teraerts Ady 12 janu724

386 2880 2063 181 ue Pmissel van 27 past. hebbe wel ontan

349 2989 2086 197 =aen vervolgens verhoede en verwaghte n by

419 3097 1999 212 de veraedeinge de heeren ledon tegens 16

360 3205 1897 195 deser sijn doghwit sal connen bereghen

401 3352 1925 147 en satisfactie becoemen dat hodt geve

375 3416 2134 191 middellerwijl en gelseft ue niet se consideneeren

413 3548 2084 171 dat bi ond afrekenthye ue het vollen cappstael

405 3639 1878 157 der twee bekende de charge brieven soo op

442 3718 1993 155 vlaenderen als brabant is vergoet ende dat

2821 48 2063 201 de intresten van beyde ue in sijn eygen persoon ons

2821 157 2145 207 schuldigh is soo wel aens deccapitaelen alwaert de

2812 277 2052 205 Capitaelen dnt bij dheoren leden ende de staten

2827 407 2158 210 Jan Brabant voldaen wirden ende mij dunckt

2838 574 2128 171 nmet opredelijck is daer ick noch passemie neme

2830 653 2162 180 van ue de capstaelen met te doen rombouiseeren

2819 771 2131 205 gelijck ue verebligeert is dat ick ue provisiondel

2796 912 2171 211 maer dien vervallen int rest vraeghe want ick

2813 1027 2106 233 en socke selfs geen int rest te betaelen daer ick

2796 1131 1897 168 selfs aelde in te voorderen hebbe daerom

2783 1247 2032 223 gelieve hier over consderatie te gebruyken

2796 1356 1862 212 en pr eerste ditte vervallene ntresten te

2800 1494 2110 208 remitteeren wensche ue recproque het seligh

2775 1612 1437 200 ingesrede jaer te blijve

3041 1743 130 105 1d

3961 1735 951 200 Ady 14 Jani 17264

2795 1748 937 207 adix Rouis Calle boist

2854 1887 1999 193 geschreven over famiere raeken ende geee

2848 1986 1221 197 verant woorden surect

4321 2027 130 156 2

2712 2087 2279 222 Amsterdam Franc Rousseau Ady 24 Januario 1724

2793 2214 2113 221 wed. missiver 30 past en 15 deber hebbe wet

2783 2344 1998 191 ontfangen my ip den laesten adviseerende

2760 2458 2231 207 de twee bekehde scheepen van hilbao satiswaeren

2801 2574 2088 189 daer hodt by ever gedanht te meer dat ick niet

2773 2680 2051 158 en wiete een winter sai soen beheeft te hebben

2799 2785 2127 201 daeghelijckx, soo onder hemgn aen soor meer en

2786 2899 2162 186 rampen als dit ick moete deniscerue geen advies

2758 2986 2067 203 heeft van de aflaedinge der resteerende evollen

2773 3148 2233 144 voor soo veel geen tijdinge van ue ee in boedeme

2751 3201 2236 203 ick wensche suschx magh geschreden om de pareije

2758 3313 2063 180 te saemen en in eene rekent begonst te connen

2782 3397 2147 207 sien sluyten waer toe den heere gelieve favorabele

2788 3524 2198 154 en spoedighe occasie te versiener: ick remassieere

2782 3640 2119 102 continueel by de gasetten de Engalsche fondre

2794 3762 2006 92 rayn 4 a 5 prete hoogher als tot Tooedon
