5192 3942
429 49 2062 193 want ick moete geldt hebben ende verschaften

446 159 2101 187 couste quil consie tonue asverns ende basoeder

414 268 2087 189 langer dilays daerom bidde ue edy niet meer

449 367 2009 202 te amsseeren maer u by oft presseerende

422 505 2101 209 gevol te secoureeren het welck ue andermael

392 581 2128 264 van herteyn recommanderende afwachte eende

432 770 599 188 adu18

393 773 2083 316 hens Joannes Maeia Ady 25 April 1725

396 914 2100 225 voor soo veel casheelijck het gelijck hadde de

383 1052 2147 199 dato is sabruarrie aest r matthiys dagh te spreken

408 1171 2081 188 voor ue vertreck soo hadde taer gemaeckt

440 1287 2007 186 ue ed. voor maesschey te siey mits ue moert

444 1402 2121 219 gegeven hhebbende en dencke niet ue de sedert

418 1491 2167 202 alhier is geweest ende desen om ue ed. maeyhngh

421 1632 1962 143 te maeken soo veel goetheyt gelieft te hebben

419 1731 2077 208 biy ue overcoemste mij eens te willen coemen

432 1836 1939 176 spreken ende mj den versochtendienst te

408 1961 2032 180 willen doey het sij mijne resteerende goederen

423 2035 2015 202 te coopen oft in commissie de seffel te willen

432 2183 2085 195 cenefiereeren waer bij ue sijne ndvantagie sal

429 2269 2055 182 vrnden en my plaiser doen sonder ue schade

408 2403 1992 177 want tt daer van soeke onkast te wesen

414 2484 2107 182 out b het de moeyte niet weerten is p phe

429 2611 1982 169 vendue suliunt te doen ick sal troghten ey

429 2717 2088 174 contentement te geven ende in alle voorvller

429 2824 2143 209 ue  geciprokelick dienst te doen die blijve

313 2939 2279 219 London Scawen en Steckdale Ady 26 det vr 1725

390 3047 2077 221 je vous ay donne aavis le 5 du courant p lostende

384 3170 2222 235 que javois pris la resolusion  aire vendre mes

372 3310 2212 167 £1000:- aesions dans la comp. les juder

393 3413 2122 158 orsenvales et que mon coms d Amsterdam lebs

377 3523 2207 187 franc Rousseau lavois effecice au prix de 150 pn

369 3625 2222 168 touts couvert du quelle ie vous ay addressee ma

390 3734 2116 148 procure et ordre de date 6 d vous suivre

2720 64 2238 145 lordre diud its Rousseau et les livrer moyenn dent

2787 160 2190 193 avoir receu coutant les  £1500: j'espere que ls ditte

2763 295 2122 155 mes deux lettres vous serois bien &ayvemices et que

2768 386 2162 174 laffaire sera passee en conformitie de mon ordre

2761 496 2204 139 st intention et que vous aurez  caite pour mon

2763 635 2224 126 compte laditte somme pour le presentt sont aures

2744 697 2205 178 la bontce n'en disposet des ques a cce que receverezs

2760 835 2261 138 ma responce ett ne solution atte adant vre advis point

2775 902 2264 169 ce prl sera passee en tre tempsie vous prie du cacu

2785 1018 2064 165 esn tres intrament a me vou loir advancer les

2757 1118 2279 150 aogens et me donner vre bo consies port pouvoir

2752 1205 2115 193 remp laeer sur des sonds afsenres bedit excepital

3589 1311 1274 171 &roe annities de bngce

2783 1348 767 149 si bien que les

2778 1414 2130 214 que lon va rembonner je ne souhaits pas as

2794 1543 2230 198 faire nes venir le dit argent et ie suivray es voloenter

2752 1696 2221 149 vre bon consie lade dans dont ie me surt tous jours

2780 1764 2218 146 bien trouvee et aunaravant ie 8 ou dis poseray pas

2774 1892 2241 97 ie vous le recomande de grace et vous en auray

2739 1983 2288 169 de Lobligaion Li bieng a vre famille pour ouisoils

2776 2088 2215 187 car comme jay quittie de conmerce de manu factures

2771 2213 2210 119 ie doibt bssserr linterest de mon capitel et de

2760 2288 2262 184 ne seandans ces quarisers a faire de s empdr conve

2745 2417 2185 148 niables et on a mys deu  das cette coulonceure

2736 2527 2233 171 du temps assez euiserable  jaurder et lauver ce soes

2742 2617 2188 138 Lon te gaigne et posde jauspoe fois a gargcer des

2737 2765 2191 130 cappital. vous connoiss  p la monsi ur

2765 2812 2249 171 bttenvoy et ie me tie l vous et vous recomme

2759 2915 2263 181 de a me vouloir le conder eu mes gessiens. chez vous

2744 3069 2281 133 il y a det monens que nous n avons pas et nre boches

2767 3125 2231 172 depens de not bons tuis quils beullient bien avoir

2763 3233 2123 178 leste bante que jespere que ne me refiterez pas

2694 3338 2308 183 s d'austant que si bonts temptence ie vovray ie ne resuse

2742 3438 2254 206 ray nes a vre grace est a vre chere famille vendre

2762 3534 2177 203 Debvier on ie leray capable pour ce que m'avez

2759 3651 2136 206 des moigne et que jayt epersmeuxe p la lange

2793 3763 2173 128 tres p ondence en vre chere rapeille pour ainsi
