5215 3975
400 83 2054 177 versoeke de betaelinge te voorderen en mij in

413 159 2099 214 reken t crediteeren noopende den decharge

399 267 2128 169 blief van no onder ue fibbeustende verneme

410 373 1946 212 van Dhr Feraerts dat hij noch geen effeet

428 478 2024 207 van betaelings can becoemen van de leden

417 593 2123 190 niettegenstaende hij mij asseureert alle menscheliek

391 681 2154 188 devoiren aende renden oft het waerreden

431 804 2100 157 hy conpnneert sijne devoiren te doen verneme

442 889 2070 208 geerne want andersints sal ick verobligeers

379 998 2132 167 wesen soo voor ditto somme als voor andere

431 1115 2105 141 van levranties mj competeerende pri con

399 1203 2126 195 mesures te nemen en selfs te ageeren want

377 1325 2073 157 die maniere van handelen mj niet aen

371 1386 2063 213 en staet en met alt bij tijde van ergere

405 1524 1696 223 condine staet te worden blijve

360 1615 2049 252 Ghendt JBede saedelaer Ady 23 Aulir 1723

469 1730 2072 232 voor de remise die ue mij dato 19 deser remitter

367 1874 2112 192 des op Pater oorden ƒ800:- d sicht hebbe

394 1988 2036 220 heden acceptatie gevoordert en mache notie

413 2109 1939 151 van den tbricf turen laste by my addres 31

384 2216 1844 183 deser vallente van st £110:11 a 35:7

404 2281 1976 235 miss ick wat stercke empsoge gedaen hebbe

407 2453 2041 170 en doen moete hadde wel gewenst ue het

389 2550 2008 161 stot van mijne provenne mijnser vercoghte

400 2650 2028 204 laekenen hadde gelieven te remitteeren

416 2773 2051 149 niet sijnde dal moeten paiie hebben

413 2885 1977 212 hebniste gegeven vant afsserven mijnder

413 3001 1650 205 huysvrouwe op 23 pasp blijve

342 3112 2139 202 London le cher Jho: Scawess Enoup s Ady 28 July 1723

398 3232 2008 216 Jay recen sobligiante vre dor  du courant

320 3359 2042 203 e say communiqne a mes freres et belle

404 3434 2071 200 mere nous vous avons beaucup dobligations

408 3556 2046 210 pour vre boutee mais comme nous l'ommey

378 3671 2085 157 Je strangers nous n'osons pas nous rismor

417 3782 1777 114 dans des su  pr

2667 118 2283 129 neausmoins avoir la bontee pous vouloir ddrau

2680 177 2045 194 connoistence des temps on temps pour des

2689 278 2265 200 employees solides quelles pourroieut le preseter

2707 422 2124 167 attendant ce quil le spattere jouchant i

2685 500 2130 206 divident et partage de la comp. du d

2705 616 533 171 ie me ditt

2651 676 2095 214 Amsterdam Frand. Rousseau Ad 5 bry 1 1723

2684 838 1967 161 noed. missives dato 12 en 26 Juli als 2 deser hebbe

2681 946 2105 179 ontfangen waer bij sien noch weynighe seckereyt van

2669 1043 2195 171 ons emploge hebben de propsstue van ue vrint van de

2670 1141 2184 171 partije tot bilbas te vercoepen coemt my vremt voor

2674 1261 2205 168 naerdemael hem bekent is dat dese onderneminge tot

2652 1365 2146 157 een proue dient om by gevolgh van sijde grootere

2659 1434 2069 205 em ploye te dien ende daer het sakers & de selve

2651 1536 2142 191 tot Amsterdam meerder sal rendeeren daer

2666 1678 2085 130 nochte op tijdt nochte contant en pretendeere ick

2678 1740 2250 183 nochte mijn schoonmoeder niet sulckx sal geschreden

2661 1842 2221 204 naer soo spoedigh m oogelijck voor Amsterdam afte

2665 1941 2215 179 laeden ende te laeten asseureeren. ick vertroude dit

2656 2064 2029 139 mede ue sentiment te wesen ende ue dee hem sal

2663 2182 2141 129 schrijven de eerste post en hij dese onse ordres sal

2665 2268 2214 161 achter volghen ende niet contrarie doen andersinrs

2659 2331 2031 144 en sonde niet veel reden van genoeghen heben

2662 2446 829 137 blijve van herten

2665 2545 996 191 Gheydt Jde Saedelaer

4018 2491 889 230 Adj 5 Aaguir 173

2652 2641 2259 193 Ick hebbe beyde ue missives primoen van gisteren

2669 2754 2149 145 ootfangen en ue briefie op wed kops tot haer een

2653 2898 2276 127 in Amsterdaem te betaelen d sicht hollams courant

2658 2960 2206 178 ƒ417: alhoewel ue t cost niet anders als tot 4

2665 3075 2151 171 ue schaede ingetrocken vrees ende naeste post wel

2656 3169 2220 177 5 prete sal loopen door dien in banco pars gedaen is

2664 3299 2226 163 hetis wonder dat ue sich niet beeter naer de wissell

2660 3379 2253 195 informeert want by vallende cours noeyt als schaede

2683 3505 2237 152 en can gedaen worden London 22 sos ƒ35:1 blijve
