5202 3942
412 54 2082 189 Know all men by these presents that I Peser Mesyn

428 155 1962 195 of Antwerpp merchant hove made ordaines

423 263 2092 216 authorised inowens, constitnted and appointed

444 392 2130 176 by these presents de ma ordan, ausnosise importer

455 489 1950 184 constiude and appoint  shomas Scawey

436 593 1997 211 London Knight and alderman mj nie certain

429 719 2090 154 ano Lawtill attorney for me in my name for my

443 807 2009 210 me and on my behalt to selc assigne and

422 934 1929 215 transfer one thousand pounis creditin the

431 1047 2062 199 principal stock and ftund of the ansted Company

445 1125 1962 217 of merchants of England tradiny to the east

422 1261 2060 213 Gudies o any part or parceelt here of to such

429 1369 2036 212 parson  persons as shall buy and jaccept the

375 1476 2118 218 some any to receive he monney for the some

404 1574 2088 232 for medand in my name and for my ure aus

364 1670 1968 205 upon receipt there of acgoittences or ther

421 1742 2015 240 s'afficient dischargle for the some for imdand

415 1858 2072 210 in my name of other wise to make signand

423 1965 2081 277 give as occasion shall beoor requine hereby

410 2095 2111 268 ratyfyeing and confirming sand holding for firnt

390 2201 2069 199 Caust prevocable all ano whatsoever my sard

421 2349 2137 186 attorny shall le gally doe p cause to be doune

414 2450 1889 228 un geniabout me prenisses byvirtre and ue

389 2531 2121 269 puisueauce of chese presente in wiitness where of

377 2633 2092 279 the Laid PPeres Melyy have here iito set my

381 2769 2202 227 hans and seal of Antwerto the 6 day of April

399 2895 2098 217 one thousand leven hundred and fous quolt winte

2160 2956 417 223 sislyn

424 3075 428 144 new s

1500 3029 770 213 Peoro belijy a

2552 3161 68 102 4

404 3125 763 190 seales and delivred

403 3247 720 158 in the presence of

449 3368 561 181 geteekent

418 3436 608 150 Jacobus Elias

377 3544 952 185 JRapt Cogels Lesevil

414 3634 754 199 A van Jongerloo

436 3687 1124 191 notarins riblieus au

2753 97 2034 133 Amsterd. Franc. Rousseau Adg6 Apri 1724

2794 148 2195 182 ick sien dan bj ue dde misside 3 deser onse partyen Engelsche

2784 276 2169 151 oost compsacties tegent 20 courant afgelevert moeten

2786 376 2211 148 worden ter conditie van de volle coop somme contant bohet

2801 460 2209 158 transport tot Londen te betaelen: ingesloeten ten dien eynde

2778 568 2057 190 mijne procuratie en mijnt swaeghers de man van

2792 683 2100 170 £1000 en N £500:- in eenen openen brief

2797 777 2201 213 voor dhr Thomas seamen in London die bij ue ordre oock

2792 896 2136 182 alsoo onder ue couvert getiett laeten afte gaes ten

2794 1036 2190 115 selven postdaeghe ende sijne als de coopers hunne ordres

2811 1108 2181 148 sullen senden gelieft die te examineeren en oock dese

2775 1230 2245 157 in hout der missive want wille naer dan in voor geene

2782 1343 2161 124 disputen oft quertien gerarandeeren ick meyne alles

2781 1412 2189 189 behoorelyck forme en wel is de se wee partijck

2821 1523 2156 157 geloopen te weeten capstael 1500 ½ a 150 prese

2802 1615 2192 173 £2250:die contant nevens defleveringe aen de

2802 1734 2216 126 heer scawen moeten voldoen worden voor onse gehene

2812 1813 2172 172 de twee parteykens ider £500:- van mijn broeder en

2775 1921 2174 183 schoon moeder sjn onder aen ander wint looden

2794 2018 2185 195 sij senden mede de hiunne aen wed. heden soo dat ue in

2812 2142 2191 162 staet sal sijn als de coopers gelieven bidde my van

2816 2228 2223 158 den ontfanck deser advis te geven: ick blijve v mjne opinie

2778 2328 2198 137 delngelsche soudsen genervelijck faveur suen nemen

2789 2430 2206 129 redene ue meenigh naeh geatanceert ende ue  d sal

2771 2535 2253 182 bij de suite het affeet bevinden ten waere subite veran=

2755 2635 2262 163 deringhey voortielen dat geen men ic can verwaghten

2751 2720 2213 149 nochte voordien verneme oock alles de gearriveerde

2754 2813 2267 187 wollen vercoght hadde het is vrij veel aen eenen persoop

2765 2943 2042 156 gecrediteert oock het doet my plaiser ue van de

2742 3019 2276 149 luffisantie soo gerust is de weerde ver vercoghte segevie

2778 3161 2107 127 vollen moet nu gaen incoemen soo vertroc

2777 3190 2270 148 gelieft mede bij occasie de rekeninge  de ter partyje te senden

2771 3317 2250 130 en ap wat tijdt die te betaelen sjn naer mijn calcula

2762 3426 2107 135 die sal ick nochte mijn schoonmoeder geen iut rest

2773 3498 2185 133 vant geldt connen vinden soo vreese hodt verleene

2793 3598 2174 121 betert en rewaere ons voor malhenren en gelieve de

2787 3685 2127 128 resteerende salvo te brenghene groete ue in blijve

4486 3779 171 93 d
