5248 3994
331 77 1959 218 je my engageray esperant que le poutrez

369 83 2029 314 exccuter en peu afin que ie puis profiter

327 283 2066 232 du divident de st Jcan evenir esty estre

376 418 2046 189 spressce avant le partage porr avoir en

375 522 2051 214 mes me temps mes Ammppes et mes acttont

379 609 2114 252 sur mon nom provenant du preper sond

387 746 2141 263 voyant que me pourrez procurer de somme

393 879 2143 182 & galis vous aurez labontee le faire couvant

402 992 2104 177 occasion et a propss a en acheper misme

395 1090 1881 203 vous aurez de e bontee ay adpres e

377 1187 2104 239 angmenter le cappital pour ce que ie trouve

403 1332 2105 211 son en compt pour ven que tout songet

387 1424 1979 209 tant en etanuines & en achous si vous

357 1546 1981 227 auriez acheptee comme daustres ontfat

1531 1672 102 71 dber

396 1653 2014 248 ad il ne mauroitt astee desauteable

395 1772 1968 194 un quart pur on moins dans ces sortes

406 1901 2030 208 demploge ne puis rien faire quant onne

388 2002 2057 224 prevois pas de boulverlements ou de rabais

371 2131 2057 193 de coelte quence car ie ny a pas non

363 2218 2053 243 plus d'assparence jusques a present de

374 2260 2032 285 grand rabais non plus quue de grande

374 2470 2058 174 augmentation voor recommandaut encor

363 2549 2072 251 mes intrests et attendant de vos nouvelle

363 2721 504 207 ie me dit

313 2768 2240 249 London h. Scawen en Tonur. Ady 2 Juin1723

372 2920 2054 232 je vous ay tescript le i du passeé en responce

366 3073 1963 175 a lhonneur de la vre  ditto celoerrte hur

356 3164 2000 198 je recoive celle dat ie 28 may p uelle n

331 3280 2093 176 ladviser d'avoir acheptee et faite pres prer

389 3372 2019 218 en esme temps sur mon nom pour dres

359 3503 2009 186 £2000:- acsions du sud portant avec les

386 3626 1934 198 fraix £1952:0 g compies a steur les

397 3726 2103 161 te £1500:- pccedeit et l'augneutatiop

2654 98 2273 141 de 6 ¼ dudit capital £93:15 fait ensemble £3593:15

2647 202 2269 207 dont vous ferez Joindr £6:5:- pour faire la somme

2650 342 2058 175 de £3600:- dont me cmandie vous envoy eer

2685 447 2194 193 procuration pour en recevoir leulement le 5

2657 580 2181 172 divident pour lest Jean asveir ce que ie seray

2667 705 2237 203 ppreuier daustant qu'il ne preste pas puiz

2659 806 2248 249 que le capital soit aussec sur monnot et

2660 915 2294 261 que ne dayez besoing que lors que dt divident

2657 1054 2255 190 le payera apres le  Jean asveir. ie vous en

2659 1170 2190 167 envoyeray unne de la mesme deneur que la

2692 1274 2234 187 derniere la quelle ie croy sustisante et apres

2726 1417 2163 197 le partage attendray ces models des procu=

2696 1525 2061 216 pations comme vous de vrez avoir pour

2692 1646 2184 223 vous les envoyeer en suitte que me marquerez

2708 1780 2204 163 en avoir besoing puis que lachapt soit fait

2691 1890 2127 219 vous ny soindrez plus sil vous plaisit le

2695 2000 2064 193 reste de ce quelie trouve bos sur vos

2699 2119 2203 195 graces mais aurez la bontee me le remettre

2684 2235 2045 213 la mon plus grand advantage possib le

2696 2345 2164 198 et en connes lettres soit sarfuver sou

2654 2472 2247 211 sur Amsterdam ie ne vous crediteray pas

2683 2580 2171 212 en compte avant d'avoir vre advis que

2649 2740 2267 203 les £8:5:-, seront soints afin a le ponvoir

2668 2857 2239 226 faire eu unne parne ensemble j'espere

2683 2977 2015 210 que lem voyes que venir d faire fera

2646 3050 2252 250 bonne  duffisante et que la nation ou le

2659 3208 2227 241 parlement en respondra et sera cautson

2665 3347 2055 183 faut de lun que de lauttre sons pour cent

2691 3440 2113 189 pour cent en ce cas, ie surs et seray en

2684 3582 2132 163 repos care me fie enierement sur les

2688 3686 2090 161 autes du parlement et me ney sur le

2692 3811 2164 97 lon pastement de la natsoy etauloire doin
