5183 3942
523 54 1986 213 Brachene Jan de laet Ady 12 Apriƒ 1735

538 182 1992 222 Ick hebbe ue op rimo juum voorleden saeren mm

524 308 1938 154 op 16 Janmarsi laest geschreven beyde van den

508 413 2077 191 selfden inhout en oft deen oft dander van myne

519 548 1912 158 ftwee voorschreve brieven ue niet en waere

514 662 2046 171 behandight soo schrijve nochmael desen wantick

516 750 2070 164 wille denchen dat ue een man is die een ider een

500 857 2066 158 satisfaetie wilt geven gelijck brouwe luyden doen

527 978 1992 190 moeten: can ue mij geen verder beset geven

527 1074 2056 216 coemt my ten minste spreken ende de crosten

533 1190 2088 185 betaelen dat nu 18 junis aenstaende drij jaeren

500 1341 2019 164 sal worden ick en hebbe noch niemant mijn

502 1405 2056 196 leven sijn goet rijt gewonnen nochte vercoght

512 1507 2081 198 Ick en soude het noch nmet geerne doen soo lanck

495 1635 2065 162 als ick het can met reden dilayeeren daerom

500 1746 1518 167 ssal ue verwachten die ben

424 1846 2162 208 Ghendr BBede Saedelaer Ady 14 April 1720

501 1969 1958 209 mes ue missive van dato 12 remitteert ue mij op

487 2087 2065 179 Barbara quiva dato   dato op 21 te betaelen

496 2217 1987 176 £50:-:t die geaccepteert heeft een addres briufie

490 2329 2088 186 bij den boede brants op 16 te vraeghen ƒ 28:19: met

487 2449 2069 179 ue van gisteren op Jean Bapt Bollen op Sicht ƒ330:

473 2543 2033 215 die maendagh seght te sullen betaelen blijve

474 2682 934 194 Ghendt B. De Saedelaer

1672 2686 929 176 Ady 16 April 1725

502 2787 1966 167 naer ne 14 deser geschreven te hebben becoeme ue

492 2925 2063 156 aengenaeme selven dato met remises als op ciette le

517 3015 2005 155 ƒ 400:- van 17 februare 2 usos die sijn woort heeft

489 3113 2140 194 gegeven ten daeghe te sullen betaelen miss moogen

491 3215 2082 182 vallende ende de moeyte niet weert it acceptatie te

496 3335 1883 163 voorderen voorders remise s sicht ƒ600 op

471 3443 2204 113 hieronimo van scaremjourgh die heden geaccepteert

479 3518 2177 161 heeft ue heeft daer in ongefondeerde opicnie sijnde meer

478 3622 2199 135 alo eene van die naem en gemaekelijck te considereeren

478 3715 2215 174 dat het den betaemden niet en can wesen voor soo veel

2822 45 2169 141 die geappremendeert is van inde maentmeert ende

2790 133 1912 138 ditto 1 wisselbrief de dato 6 Ap uyt leulen

2804 253 2140 163 getrocken s. ingeslooten den brief tjen laste heden

2830 361 1892 149 door mij voor ue reken geaccpritteert n

2804 474 2141 167 ste £200:- a ƒ737:1 vlaems wisselgelde £350:16:8

2834 569 2068 194 waer voorens mij gelieve te crediteeren die blijve

3896 676 987 194 Ady 23 Arrll 1725

2791 686 895 154 Ghendt o de Saedelaer

2830 789 2184 201 op 16 deser hebbe ue afgesonden den brief ien laste

2837 899 2196 195 door miy voldaen st £200 a5ƒ35:1 vlaems ƒ 330:16:8

2816 1013 2201 128 sedert sonder eenige ue mij altoots aengenaeme

2829 1140 2050 144 soo dat desen alleen is dienende tot convert

2805 1225 2056 146 van den alnoch ingeslooten briet to en laste

2826 1325 2147 199 heden insgelijckx door mij voor ue rekene

2839 1416 2224 178 voldaen van at £160- a £135:2 vlaems ƒ 281:6:8

2844 1532 2032 227 waer voorens mij gelieve te crediteeren die

2825 1700 591 172 blijve

2856 1706 1993 231 Thiel roos Bressersappens Ady 17 mey 1725

2857 1871 2106 172 ick ben verwondert geweest dat den persoon deer ue

2862 1983 2202 143 voorleden weeke bij my gesonden van soo slechte doen menten

2841 2107 2101 106 voorsien was. aengaende den coop van die hosstede

2843 2176 2228 127 die hij gedaen hadde behoorde ten minstert te consteeren

2856 2296 2069 142 dat de vercoopster nu wedue en sinderen hebbende

2837 2356 2118 171 maghtigh is een goet te vercoopen en uyt wat hoofde

2835 2455 2129 175 taer sulcken goet is geaemen ick en belaste niet

2837 2539 2189 218 geerne leen goederen: verdert het selfde goet bij den coop

2846 2622 2099 184 l leck in de goedenisse geopignoreert tot dat de coopt

2834 2753 2226 153 so opme soude voldaen sijn hoevcost die man my versee-

2826 2856 2177 156 heren 2 ick bidde ue soo goet te sijn bij het toecoemende

2854 2940 2233 162 als ue gelieft my ipmant te addresseeren dat de doeumenten

2858 3034 1998 152 laer sijn en niets en magh massceeren oock goede

2841 3106 2159 169 luyden en goede hipoteque want ick vertrouwe mij op

2844 3213 2230 168 ul recommandatie het is wonder en seer opsedelijck dat

2853 3295 2150 156 iden ul parochie croisen niet en betaele ende dat sulckx

2869 3347 2193 174 niet en convenieert om 3 prete courant tegens wisselgelde

2855 3470 2007 165 die men treckt ick bidde ue de genoeydens eens te

2865 3561 2161 173 vermaenen en in alle occasien daer tepabet can weten

3333 3674 1238 144 doen sal thoonen te wesen

3249 3712 62 122 4
