5232 3957
401 52 979 195 Dendermonde f: Ceraerts

1509 66 878 183 Ady 30 gber 1729

406 183 2121 159 Ick hebbe in dat a 15 court ue aengenaeme van 12 ditto

395 314 2100 172 op Brussel be antwoort die niet en twijfele oft sal

397 385 2148 162 ue wel ign ter handt gecoemen sedert en hebbe van

417 493 2087 149 ue ed geene missives ontfangen als alleen van

398 580 2029 151 mijn twaegher de man vernoemen aen wie ue

404 675 2108 148 laest helft geschreven dat ue danderdaeghs op

396 780 2077 154 Brussel stont te vertrecken ende verhoopte een

396 897 2098 168 finael eynde tot de betaelinge van den de charge brief

385 961 2005 197 van n teerlanghen ten laste de leden van

401 1061 2091 159 vlaenderen ue van daer niet schrijvende worde

389 1170 2059 199 sck waerhoofdigh ende doet mij resolveeren ue

391 1251 2137 182 desen mijnen voor dendermonde af te senden niet

388 1374 2137 190 twijfelende oft ue sal aldaer de retour van N.l

397 1465 2117 163 sijnde worden behandight biddende sterative dogh

401 1563 2093 162 een eynde van de te droevighe affaires te macken

405 1655 2079 179 want als ue eens met een reentfinnigh gemoet

365 1757 2068 163 de saeke gelieft te considereeren soo moet ue

382 1853 2152 170 nootsactelijck oordeelen dat wij maer niet ue den

406 1955 2108 166 tot en schidden en leyden de heeft de enmreprise

370 2071 2153 198 gedaen ende te voeren ue convementte geconsidereer

373 2162 2091 167 en vervolgens ue advantagie tecoemen wij om

377 2254 2099 181 ue dienst te doen hebben ons geldt ue geas van

335 2370 2178 185 =leert tot eenen moederaeten int rest in verwaght

315 2455 2211 178 ==tinge van op den gestelden tijdt onse pennongen

406 2542 2166 168 te connen toucheeren: het en sijn geen gesipuleerde

393 2655 2116 168 repten maer een ad vancement ue en betaelt ons

393 2743 2124 174 maer a rato 4 en 5 prito daer den lande van waer

400 2827 2132 189 nu alhier genegodeert heeft tot 6 prite en favoraz

343 2934 2151 211 beldere oecasier moet ick vershymen saute dat

400 3044 1991 201 ick die mijne penningen niet en can toucheeren

412 3158 2166 166 verders ue en betaelt selfs niet de verschene crossen

405 3275 2123 154 oft intressen als van ins beleeninge op ue renten

399 3331 2152 220 op vlaenderen van  a 4 prete vervallen 3 xber

396 3489 2175 162 van den decharge brief van  ge ten laste de leden

392 3553 2157 180 van vlaenderen vervallen seders 26 xber et

412 3688 2096 176 ten laste de staeten van CBrabant  oock op

2719 84 2240 155 4 xber een jaer verachtert en mits ick ue soo minnelij

2737 173 2063 161 hebbe aensocht ende te kennen gegeven ick soo bij

2746 238 2223 198 contante penningen verlegen ben soo bidde ue ander

2734 353 2151 182 maek p desen van herten mij voor de bovengemelde

2769 484 2079 169 croisen provisioneelijck gelieft te remitte re

2758 570 2221 173 ende de handt willen aenhouden wij over de capitole

2744 693 2222 182 penninger soo van deen als d'ander gerembourseert

2742 826 2249 145 moogen worden het gene sch sinalijck ue recomeare

2756 925 2161 178 deerende afwaghte ick en twijfele niet oft ue

2744 1016 2199 196 sal dheer greffie van den procce noopende den

2767 1135 2094 200 de charge brief van p in ten laste de staelen

2768 1239 2172 207 van brabant tot Brussel weesende gesprocken

2740 1376 2008 163 hebben niettemin j en manheeren niet de

2773 1465 2130 189 handt aen te houden vap de betaelinge door dhe

2755 1562 2189 156 van sochte versocken die ons meldt d heer van

2727 1688 2251 149 den Broeck hem beloeft heeft peersien te sullen

2731 1782 2149 177 depescheeren maer dat hij niet als dhelft e

2755 1891 2063 177 assignaries op den rent meessorder staeten

2759 1972 2106 199 van Brabant int quartier van Antwerpen

2762 2097 2208 179 en can geven ende dandere heeft op den hent meester

2738 2194 2161 176 1nt quartier van Brussel dat goet vinde ue te

2761 2311 2178 161 adviseeren want voor brussel sullen wij buiyse

2742 2411 2152 203 de provisie van in voorderen noch in ¼ schaede

2758 2507 2106 198 van wissel vervallen daerom vint ue geraet

2759 2642 2124 167 saem en tot Brussel coemende soude en deten

2748 2738 2053 139 solliesteeren oft dheer van den broeck soo veel

2746 2807 2150 187 goetheyt niet en soude gelieven te uldien van de

2734 2919 2093 161 totaele somme van   den rentmeertr

2730 3039 2071 167 at apartier van Antwerpente asligneeren

2755 3091 2176 169 anders sullen wy verobligeert wesen aen ue soo de

2709 3210 2225 176 provisie als verlies van wissel datter soide connen

2737 3316 2060 160 wesen in rekeninge te brenghen daer is de

2740 3415 2239 164 parochie van Balken onder het lands van dermonde

2729 3499 2212 168 die geerne eenigepenningen alhier soude lichten

2745 3613 2238 188 en hunne oude lasten tot minderen intrest bedinghen

2734 3728 2207 152 en qujten imant mijnder vrinden die ich het niet
