5236 3959
2558 111 2037 187 tournuge  de saultre CAdy 8 janvier 1723

2585 213 2145 229 J'ay receu l'honneur de la vre 4 gbre Jay vert

2588 351 2244 221 que v.g a trouve daccerd le compte vous envoyée

2552 473 2199 193 dont il me vreme de reste  ƒ 17:18

2574 581 1798 244 j joint que vre as a reccu du S tevenars

2582 712 1011 229 en diverses parties

4242 710 593 165 34:10-

2722 820 2028 266 Busenmibee en argeur de lae ƒ482:8

2548 1000 1628 233 y de duit pour avoir payée a la veufez

2594 1133 1635 200 Sinton donne. ƒ9:

2542 1244 1483 213 ƒ50: argent courant moderatieu au

2555 1373 1491 181 Sstevenars que je luy accorde et quz

2537 1470 1778 221 vous plairad lay faire tem de change 42:17 ½

2554 1602 1421 182 8 courant que ie vous accorde pour

2548 1706 1773 251 port des lettres faisant de change 6:18½

3792 1825 96 103 ben

3936 1821 801 230 53:1: ƒ 53:18

2574 1955 2184 271 ie me vinne anaviande change £ 397:13

2591 2141 2217 169 que jespere que trouverez souist et les quels je tiseray

2565 2254 2213 213 sur vre gracce p la pleniere occasion pr solde

2595 2404 2193 175 de tout comptte r insemble vous remircian

2564 2492 2239 171 de la bontes que vous avez en a mon esgaure

2567 2613 2218 186 et les piennes que vous avez bien voueu vous

2586 2730 2176 187 dogher pour me rendre service vous pouvez

2599 2830 2156 205 bien considerer que sy suis intressee cependant

2578 2934 2301 172 un bonheur den me quit a ce prix Dieu me gaurde

2566 3059 2267 210 pour lasvenir ie n'entreray & luade mal siz dans

2583 3187 2206 188 le commerce de manutaemre ie vous salue de

2591 3315 2247 188 mesure mons. de Rasse et vous souhaitte touttes

2562 3404 2161 206 sortes du bonhent en cette nouvelle tmee

2582 3526 2239 203 et beeccoup suvantes et suis en touttes occasions

2596 3676 1633 132 oy me rouveres lexpatle
