5215 3975
382 57 1918 219 Amsted. Franc Rousseau  Ady 8 Julii 1723

445 189 2058 187 ue drij aengenaeme 14 ½ 21 past en 5 deser

421 293 2003 153 hebbe wet ontfangen en taute van matcrie

434 419 2039 118 met beantwoort betrestende alle  de

419 536 2070 147 ccompoi ni casie de aint asine ue heeft becoemen

416 618 2072 196 noopens ousen incoop der wille die spanen

422 730 2017 185 sijnde noch veer van daer om iets dienaen

365 855 2059 151 gaende ons met soude merst van te comen

405 947 2053 189 beloeven. den tijdt sal het laeren. ick hebbe

399 1048 2078 180 sulckx allleess op ue aenraedinge willen doen

413 1161 1912 186 en laete alles aen ue dircctie sijnde mij

407 1307 2041 129 genoechsaem als men van onsen corp

397 1367 2061 166 dent moogen geasterreert wesen wat

382 1477 2018 208 Ick altijdts viant ben van buytens landt

422 1576 1998 158 veel te lieeren. niettemin ick vertrou

387 1684 1876 150 met Godts hiepe eenen goeden ueslagh

385 1790 1870 176 miss ue goede en groote fience in den

358 1886 2090 228 per soon en aende capairtijet van ue hier

402 2008 2051 182 boven gespecissceerden vrindt het waere is

390 2116 2079 196 wensohen geweest hij present hadde connen

403 2204 2095 212 wesen bij het scheeren der schaepen wasschen

369 2343 2087 135 een afsenden der wille want den principaelen

399 2472 2022 146 beeter invigileert als den bedirnaer de sacue

361 2570 2128 196 soo voorgevallen sijnde moet men patsene

390 2684 2119 192 hebben in vertrouwen alles wel sal succederen

398 2797 1945 133 verwaghtende nmet verlangen de suite

386 2917 2000 177 te vernemen ende de reheninge van de

370 3020 1961 194 juste quantiteydt als oock ue intentie bij het

410 3139 2025 189 afschepen naer costy wegens de assentantie

398 3241 2045 204 want het afgaen vant jaer ordinair ongestog-

327 3370 2061 161 =mog4 wesende wel meriteert voor soo eene

387 3530 1928 151 partje wat precaistie voor alle voor

393 3606 2102 152 vallen de rnemiss. ick sien het ariveme

410 3714 2064 169 ay est oostindische retour schepen waer

2691 68 2189 186 in veel costij en peper. wat wille ue segghen anders

2711 206 2152 142 als dat de cremers langs de straeten int cort met

2708 340 2167 141 cosfij they peperh te sullen loopen ende dat de

2693 430 2114 162 experientemeer in meer doet sien en leeren

2691 539 2044 174 dat alle necotie onder mijnt wort en meer

2685 645 2233 190 schaede als profijt staet te rendeeren vervolgens

2707 810 2236 142 waer prresent meer conste te wesen sijn capot

2708 905 2147 152 te contorveeren als over 25 a 30 faerell was

2704 1029 2182 135 een cappitael te winnere wij beleven de

2698 1076 2224 203 yler et eeuwe Godt geve de beeter nisse e

2707 1204 2214 212 ue tot mijn leet weeken part geven hoedet den

2695 1362 2217 167 goeden godt op 23 pass van mijn huysvrouwe

2705 1454 2209 178 heeft gelievent disponeeren naer eene siechte

2707 1583 2139 133 en acht maende sonder de voorsche met

2714 1701 2137 199 de welcke het den alver hooghsten behaeght

2694 1832 2217 151 heeft haer in my fange jaeren te beproeven

2693 1931 2220 195 Ick recommandeere haere siele in ue gebeden

2701 2050 1970 176 en ben van hersen niet versoeck prompt

2694 2177 2169 175 voortsganck voor sen in geleyden opondon

2708 2273 893 187 gellve te geven

3621 2313 1093 231 AAdi 16 6e 171

2675 2386 905 170 Ghendt Jacobus Baut

2687 2472 2150 183 sedert dat deere gehadt hebbe ue d. hier testen

2700 2641 2247 136 heeft het godt gelieft op 23 pasto van mijn huysessnne

2696 2734 2147 149 te dispo neeren & de drabheyt ende de voorvallen

2728 2839 2167 116 hebben mij belet ue d. aerder past te geven

2699 2916 2189 170 te meer watende mon onck sulckx gedaen

2696 3027 2224 150 heeft ende ue de absent wat met het voor gevallen

2715 3150 2189 187 toft Brussel ick recommandeere haere sic

2728 3263 2167 164 in ue ed gebeden ende mede uyt mijnen naem

2737 3386 1921 136 aen de i te willen part geven

2720 3472 2195 155 neme de liberteydt ue ingesloeten te senden mijn

2713 3576 2076 211 quittantie van ƒ300:- lifrente icn mijnen

2707 3667 2113 139 lijve gevallen seders 28 gber laest ten laste

2739 3802 2042 103 t copsoir van r Walrliers waer
