5202 3942
463 79 2041 128 di celles at eschoir ie ne croy pas que cela le

442 152 2227 165 fera avant le 29 xbre as veir. de vois y enspite

467 241 2058 208 de vre advis les fonds prenment fateurs lls

455 361 2169 169 de vendent presentement eA Amsterdam

428 470 2158 191 la compt des n des 150. le sud 177 la banq ue

458 599 2103 184 21 et le m. magine quils hausseront encor

465 713 2121 199 comme les dividentes sont payees de la compe

446 793 1941 218 det judes et du su ie vous ay debseseez

487 913 2072 178 compe nonveau pour unne denye tc

459 1000 1947 251 des ydes eschen moeh derenier tt £40:

468 1093 2048 215 et pareillement pour celluy du sud £54:-

470 1223 2090 198 en comme nous sommes au point de demie

470 1341 2115 189 pars et de nouvoir recevter bientostunne

464 1496 1839 187 demie Année dintrest escheant des

461 1518 2003 231 Ammiier du sad de parielil Scomme de

461 1693 2164 206 £54 :a me sera plaisirme pouvant

483 1793 2089 219 re mettre en bonne lettre aux environs

433 1916 1920 227 de  £140: pour les raisons vous

475 2020 1992 184 avancees p mes dernieres lettres vous

472 2113 2058 240 m obligese c'est cequiz soffre pour le

477 2262 1666 210 present et que ie suis touttoups

432 2380 2123 221 Ghendt JB De SaedelaerAdy 16 meert 1724

482 2505 2017 211 bij ue misssve dato 12 courant hebbe becoemen

503 2628 2074 181 remise op Andre Bertine van £187:10: waer

502 2736 2176 193 van voldaen ben en ue d. rekeninge gecrediteert

464 2846 2192 185 ingesloeten den prima en den seconda gequitten

467 2965 2096 189 heert taen laste door mij voldaen 1 £100:10:

452 3075 2039 207 e  35:6 vlaems £178:7:9 waer voor mij

465 3189 1645 200 gelieve te crediteeren die blijve

406 3280 2209 187 Amsterdam Franc Rousseau Ady 16 mert 114

490 3408 2124 153 hebbe ue 3d 9 deser large geschreven waer aen

498 3528 2029 150 my gedraeghe sedert remars ceere bij de

505 3616 2172 176 gasetten de Engelsche oos. comp. a 150 gene-

479 3749 1915 133 geert wort van o dogh sulckx en

2619 3761 71 122 18

2765 53 2172 153 verwondert mij niet want daer is reet s2 prets

2787 147 2110 166 van het aenstaeede divdent verschenen ende

2781 266 2173 149 voor soo veel door al Engelsche brieven verneme

2749 376 2212 166 dat het parlament geresolveert blijft de sondsen

2776 495 2133 183 van het landt tot 5 prep loopende possliefe te

2773 601 2139 167 rembousseeren soo blijve by mijne voorgaende

2767 717 2259 163 resoluie ditto en andere sondsen moeten monseere

2789 832 2214 198 het welck noodigh oordeele ue d te adviseeren

2803 946 2206 167 op dat ue sich gelieve te conformeeren bij den

2780 1061 2170 143 vercoop ue  door ons gerecommandeert

2792 1198 2164 130 en de sich niet se willen preppiseeren daer

2806 1305 2175 156 alleen op resteeteerende van de occasie tot ig

2827 1389 2159 140 waer te nemen als men oordeelt geenverder

2807 1459 2156 182 animositeydt onder de acnomsten te dicon=

2815 1567 2147 173 vreeren waer soo ons deynd der sittinge

2764 1680 2222 178 veent parsameert veel sicht sal geven want

2797 1798 2195 196 Ick en can niet bedencken oft mijn selven

2790 1877 2198 229 fondeeren wij voor eerst voor een ooslogh te

2797 1990 2005 232 vreeken hebben ick blijve van hee n

2780 2100 2245 235 Ghendt Jan De Saedelaer Ady 29 meert 1724

2757 2229 2113 231 p e  misste 26 deser beedeme twee

2772 2343 2128 190 remises voor ue Presieue als op noe hellin

2773 2466 2202 208 ƒ 1000: -dato 26 gevallen ik  michesens

2789 2605 2253 163 en hillis ƒ200:- op sicht bj de selve geaccepiert

2772 2759 2237 147 dato is waer voor de noodighe sorghe sal

2795 2838 2248 210 draeghen: het is het gene noodigh oordeele

2812 2952 2172 201 ue  te melden ende dat bee van herten

2779 3092 867 173 in alle doccasien

2762 3120 2268 221 Amsterdam Franc. Rousseau Ady 30 meert 1724

2785 3285 2170 226 Ick give mij deere te beantwoorden ue c

2789 3413 2151 163 aengenaeme missives 16:24 en 2½ courant

2798 3525 2190 189 aengaende den vercoop det wollen confor

2767 3628 2143 184 meere mij als voerens gemeldt de nckende

2995 3730 1896 137 en dechsaeme is recausies sal heb been
