5205 3994
274 77 2219 133 op dh Heurico kelkent £100 die heden tegens den

285 181 2175 161 lavout mij geseght heeft te betaelen t attr

308 281 2127 184 ingesloeken den brief nen laste heden dodr mij voor

320 415 2121 172 de rekeninge voldaen s £100 ½ aƒ 35:7 -

306 499 2128 221 £177:1824 waer voor mij gelieve te crediteeren

308 635 547 203 blijve

185 681 2168 313 Gendt J de Saedelaer Ady 3 Aril 1713

362 798 2007 254 om  paste was aen ue mijneer laesten waer by

347 930 2020 201 ue gelonden hebbe den brief men laste als dien

360 1050 2070 241 door mij voldaen van suff £500: aƒ 33:7 £ 177:18:4

390 1206 1999 144 ingeloeten den laesten heden adgeljckx door mij

396 1276 1971 235 foor ne reken. voldaen van dhf £100:8:8 a

320 1419 2158 192 33:9 vlaems £179:10:5 degh vraeghen £179:10:6

306 1517 2159 243 dat hebbe overgepasseert biddende mij onsom

341 1633 1965 202 te crediteeren & verwaghtende de versochte

358 1762 1142 195 rekeninge blijvve

258 1842 2045 232 Ghendts Lancois Teraerts Ady3 April 1713

376 1998 1984 209 ued mistives beyde van 19 et 14 ast hebbe wel

317 2119 2127 192 ontfangen en wel weetende datte met de teessdaeghen

376 2233 2048 170 Lilss can afgehandelt worden en hebbe die niet

357 2332 2100 197 eerder beantwoort eerst geliefde ne mij te melden

372 2449 2058 157 dat bij de afrekeninge van dheer van Reveren

362 2572 1990 165 ooch goet soude waerschjnelijck wesen om

389 2676 2046 216 dieu de charge brief inte trecken ende contant

390 2780 1995 191 te voldoen p netlaesten naet ue aehter waerts

403 2896 2013 188 ende meldt mij dat de leden daer voor sonder

338 2991 2176 221 retencreeren ende dattez daer over aen dere

320 3108 2086 215 Gant soude schrijven: ick en hebbe met niemant

361 3214 1985 202 advies noodigh. ick hebbe de resolune aen

347 3332 2070 162 mijn selven. ick en moete nochte en desmien

189 3445 2132 165 geene nentert maer contant geldt om te

363 3563 1979 193 negosieeren: ick hebbe mij deene gegeven

341 3671 1805 209 ue het mondelings eenigh maek te

2637 122 2113 125 commimieeren maer mj sunckt dat het een

2648 157 2193 212 werck is als met de voorgaende decharge brieven

2625 281 2201 201 sonder eynde het sjn ue affeirens soo als ue d

2667 446 2142 157 behant is maer niet e onse gelieft ons maer

2625 518 2252 190 perningen te procureeren ick sal ue den decharge

2649 629 2230 156 brief weder om transporteeren: ue can remen

2644 749 2147 192 aenveerden ende behouden oft vernegeneeren

2636 864 2201 181 als wij voldaen sijn soo alst ue degelieven doen

2638 958 2013 229 Ick bidde maer om een eynde van dulcke

2632 1036 2183 267 fachense affairens t hebben het geene ick due

2640 1184 2236 209 nogh m ases opt aldersericuste rcommandeere

2655 1309 1912 177 die naer etrdaele groetenisie bege d

2633 1397 2244 235 Ghend 13 de Saedelaer A 19 Apri11723

2615 1537 2198 243 ue beyde missi ver 7 en 14 deser hebbe ointfangen

2639 1687 2233 161 met ider een remise van £500:- op Pater plodediss

2621 1790 2184 205 als id sicht geaccepteert dats 12 en op d' licht

2621 1922 2202 226 geaccepteert op 15 deser waer voor sorghe sal

2605 2046 2174 235 draeghen Ick hebbe genoteert den brief van

2606 2197 2261 201 £100:10:- a ƒ736 br mj addres vallende 23 deer

2607 2308 2239 193 Ick verwonders ue de goetheydt et heeft aen my

2606 2421 2256 198 mijne beloofde rekeninge te lenden dat ue ander

2593 2541 1293 206 mael bidde en blijve

2587 2662 2178 177 Amsterdam francRousseau Ady cy Aprit 1823

2587 2783 2289 197 Ick hebbe beyde de ne 26 paste en 12 deser wel ontfan

2575 2969 2273 134 gert en aen mijn schoonmoeder den inhout gecomn

2593 3026 2284 196 niceert siende pr ue laester het emploge der wollen

2583 3149 2217 200 naer ue genoegher geschiet hodt sij danck ende het

2584 3292 2292 158 gelieve sijne genaede het sefde verder te conerveerier

2599 3361 2187 207 ende tot vricht te brenghen wij sullen ons met

2592 3473 2097 193 ½ int omploye voor dese segle passeerren soo

2589 3584 2246 147 als ue dh met mijne voorgaende geadviseere hebbe

2606 3697 982 195 blijve van herten
