5215 3942
443 52 2246 204 Lobligation pour vre bonne nelination et advis ra

467 167 2099 161 sur le consiel des mer Amis tayd entix pis la

486 271 2172 186 retolution a vendre mes mille liutres aetions dans

486 384 2207 211 la compagoris des spdes ortentaeles en Angletert

501 476 2000 224 ce que mon us le lieur tranc Rousseau

419 566 2159 215 et Amsterdam at affechice pour mon compte

2276 680 133 98 p

498 724 2098 167 au prix de cent canquante pourcent a fivrer a

489 808 2112 240 sonverthre les livres de aditte comp au tout l

480 915 2032 239 de le mois payable argent comptant entre

499 962 2123 240 vos mains avant le trantport tellement que e

498 1156 2145 162 me trouve obliyce p. celle vous en donner advis

479 1229 2179 190 et prier vre geete vouloir uivre  ordre du e

464 1351 2107 203 ieur Francised Rousseau pour le transport sonds

490 1438 2046 241 couverte de qui vre grace recevrad ma lettre

521 1567 2011 177 et procure les quelles leront datee du jour de

524 1666 2026 231 detmain P de ce mois monennant que vous

497 1755 2081 205 vous ayez asseuree et receu le totat cappisat de

514 1880 1929 244 quinle eents livres sooelings ie dit ƒ 1500:

472 2007 2193 218 ault iemant point lqnels il vous plaire passer

485 2102 2054 201 et melaings bon en ccompte et e donner

495 2182 2105 233 advis ma procure lera de la teneur avec deux

511 2292 2126 224 desmoinys et unnotaire comme monfret Jean

480 2394 2178 242 michiel vors at en voule le pramiser de cemais

500 2522 2095 233 pour son compte pour vre gouverned ie vous

441 2625 2104 262 Aprie de gracee puiss voy eu pas de manque ue de

443 2741 2196 240 e deffault atin que ie ne sauttre pas dintt rest auely

1433 2860 50 105 d

483 2872 1986 213 saus argent comptant authe & vos mains gaois

500 2991 2083 182 asseuneme point faire le transoort cat on ne

493 3067 2117 259 peut en je temps comme le nrimagine prendre

504 3193 2136 205 trop de precannon je vous salue et suisen

516 3330 945 178 bouffel occasions

540 3448 1960 204 op den selven brief door mijn swaeghts de

540 3549 1919 217 man geschreven als aen dandere sijde

546 3694 804 160 sat volghen

2835 53 2115 208 ie me refere a ce que mon bear frere vous marque

2832 169 2001 155 at prie vous regler a ladvenant pour mes cibecy

2845 280 2066 178 couis livres d'actious dans le mesme compague

2836 412 2107 175 vendue pr. le Sr franciseo Rousseau pour mon

2847 526 2143 175 comste of au mes me prix faisant la somme

2848 626 2049 166 de ipt cents einquante slivres. je suis du cour

4083 749 397 130 signe

4250 800 594 165 doede man

3040 752 933 248 Londer Covert van

2875 906 1968 175 Dhr franises Rousseau versonden om onder

2860 1011 2098 178 lhet sijn af te senden aen thomas scawen en comps

4048 1124 926 244 Ady 6 aApril 1724

2816 1150 1144 222 Lonvon thos Scawen En bough

2866 1297 2055 176 nous nous reserond entierement a celle dhier que

2859 1395 2081 183 nournons commes donne lhonneur vous escrire

2877 1527 2138 180 6 Ostende, cllloyey vous parviendra sont conveze

2829 1609 2207 187 Deurs nis e S. Francois Rousseau de Amsterdam

2832 1733 2186 181 avec les deux nostres procurer necessaires en suitte

2856 1838 2144 164 il vous plaira suivre lon ordre pour le transport

2833 1963 2184 141 demisse livres et cincq cents de nos actions dans la

2831 2073 2084 192 compagirte des Jades drientales a londres nous

2860 2158 2094 194 appersenanter vendue a cent compante pour cent

2844 2266 1969 220 faisant la somme de deux mille deux cents

2817 2362 2121 190 leinquante livres sterlings les transporter en livrer

2846 2419 2188 214 ensuiste moeyenant que vous soyes a faureé ou aurez

2832 2546 2168 242 receu les, fdpotal entier scavoir deux mille deux

2835 2668 2176 179 cents canquante livres sterls et que nour ces sassie

2806 2759 2171 203 bon en somme aultrement past cest que nous

2827 2898 2183 157 tr ouvous oblince vous adviser et que nous sommes

4232 2980 618 171 sonder teekent

2805 3005 1240 163 avec bien du jr'espects

2865 3074 1893 247 Copye van de procuraties & excelyn

2809 3146 2142 243 soo van mij als van mijn swaghe & de man

2821 3329 2003 209 deman in den selfden brief ende van eenen

2825 3465 2033 158 reneur af gesonden tot het volghen van de

2835 3546 2197 178 ordre van e p. Rousseau tot het transporteeren

2815 3642 2183 169 van £ro00 voor mij en ƒ500 voor mijn swaeghen

2793 3721 2246 169 luidende de mijne van woort tot woort als volgen
