5215 3936
741 49 194 99 ƒ 111

407 54 2206 185 Amsterd franco Rousseau Ady 31 Januarni 1724

435 158 2157 169 In antwoort op ue aengenaeme i  nooende

390 302 1969 129 den vercoopt mijnder duysent ponden sterlings

406 375 2135 199 RostAndische Compagne eActies In London geve my

394 456 2237 202 deere te melden dat het divident van kersemi

430 577 1921 180 gereguleert sijnde blieft voor den vercooper

430 666 2125 218 en soo tot london vercoght wort en ick resteeteere

432 770 2078 224 bij de gesette van costy van saterdagh oogtd

443 889 1997 185 tenes 149 restanten dat ick aenneme sonder

443 972 2104 210 het divident wat het is of met mijne commisse

449 1095 2036 204 is tot een hondert en vostigh perceitte oft wat

453 1222 2035 173 ue meerder tot mijn advantagie soude connen

428 1303 2014 204 bedinghen in london stereings geldt nevens

435 1409 2093 240 het trans port contant te betaelen salvo het

412 1526 2072 212 divident voor mij en als w ed. daer toe een

459 1635 2003 219 coemen bi dde de occasies niet te versugmen

395 1738 1970 199 want met over en weer schrijven verliest

456 1837 1917 219 men de leve ende dat en soude mij niet

356 1931 2213 196 a engenaem wesen - eehter vernemende datter

459 2041 2005 205 wederom anrmo a costy is en meer by premio

436 2138 1977 192 op leveringe vercoght wort als reel daer

430 2258 2050 190 soude oock wel toe inelineeren als depenue

458 2363 2019 178 de moyte weert waere dat ue dijt een hondert

417 2467 2156 176 en vijssigh prets coopprijs tegens mij eenitien

459 2575 2011 200 perceitte premie conde bevieghen dat soude

433 2687 2042 149 my oock agneeeren daerom gelieve mijn intrest

445 2802 2137 180 waer te nemen ende positiet de occasie voorcoemen

377 2893 1967 192 de te vercoopen sonder verder schrijven

396 3006 2109 205 doende het acoft het ander naer geraeren

400 3127 2087 160 sels oordaelen sal het alrijdts approfeeren

427 3211 2188 218 alle mjne Engelsche fonssen staen in mijn elgen

432 3324 1980 179 naen h'oodatick procuraire in forga n de te

444 3457 2155 163 patseeren en sende ue dat met geerne doen tensij

464 3543 1973 171 sijn affeet can sorteeren daerom gelieve bij

453 3639 2041 158 vercoop te conditioneeren een post dagh njdt

476 3769 2101 99 van supijven een antwoort te hebben waer aen

2708 51 2244 141 niet sal manheenen op ue aevhes deer eposedagh daer

2735 143 2152 148 naer de behoorelycke procuratte en advies aen mijn

2740 251 2211 175 oiendt voor londen ue prompt toe re senden waer op

2716 373 2121 185 daer ue ende den cooper te gelijck ditto brieven voor

2747 492 2181 111 London met de ordres sult connen laeten afgaen

2750 571 2217 193 dat aen den cooper oft aen de saeke un geende rande

2757 682 2247 146 manieret eenigh het mimste preiudiie een casseeren

2755 789 2259 199 want soo dia den cooper gecocht heeft vint hy advacttege

2767 912 2118 168 hij can oock vercoopen  een is nergens door

2774 1015 1977 171 belemment ick recommandeere e bidde noc

2774 1105 2164 172 anderenael datter nietten magh worden dershonden

2755 1231 2105 177 ick hoge dat godt de wee gearriveerde bilbap

2780 1337 2189 192 vaerders voor rampen n de haevens sal gelieven

2780 1462 2109 131 te bewaeren want voor waer de

2760 1568 2196 185 worden continueel en daeghelijckx swaerder en

2752 1668 2192 142 swaerder. het is wonder dat ue de van outen

2747 1779 2208 165 vrindt noch geen politiue schrijven heeft oft hy

2767 1893 2163 188 de resteerende ue vollen sal afsenden oft voor sijn

2790 1976 2225 217 paert behouden voor soo veel ue di mij gaasteere

2744 2122 2281 153 reert heeft hen die naengaende te hebben gesehreven

2762 2231 2110 151 ick groeteeno van herten en voort gene nopense

2781 2357 2225 113 mijne commistie sal passeeren advies verwaghten

2738 2427 2211 180 de dat den heere favorusel geliever te versienen

2771 2555 406 145 blijve

2784 2580 2101 206 mijn broever dansel cerario considereerende elles

2775 2726 2152 201 dobbelschrijven en port van brieven conformeert

2803 2858 2047 149 hem aen dit mijn ordre ende versoecht ue s voort

2812 2940 2057 191 sijne als ick ue recommandeere voort mijne

2781 3048 2050 212 daer is advies de connes van spequiere sijne

2803 3208 2127 146 Rijken geresigneert te hebben aen eeu nfaute

2807 3282 1851 181 sijnen soone den prince van asterrie

4169 3384 82 86 d

2782 3381 945 211 g hendt JBde laederaer

3973 3403 1013 168 ls Febraa. 1724

2831 3470 2146 211 Ick hebbe voorlesen donderdagh ingetrocken de

2793 3576 2207 169 tovee vooren gemelde ue remsses op Amsterde

2801 3694 2084 125 als op mende da costa 300:- a 122 banco

2836 3793 1712 71 £ƒ 52310 a ½ ue advance £552:87: e8
