5215 3957
331 56 2175 156 maer selfs ue getraght hebben te disponeeren dit

339 130 2261 159 nu te laet daerom het aen denheere op te geven en miet

354 273 2187 126 het voorgevallen sich te vergehoegen is het eenigh

356 348 2144 157 dattor bij dese consonemte voor ons overighis voor

371 437 2159 156 het vercoopen en beneficeeren van oolse geseghde

383 552 1992 153 wollen uft reden van mijn weynighe hen niste

397 662 2154 184 en  ue om moogelijck niets melten ue moet

391 755 2145 160 weeten wat daer in te doen is oft langer te waghten

392 852 2174 150 oft prompt te vercoopen de sacke ue toevertrochet

377 985 2177 163 waerende en sal bie ons noeyt contradiete leyden

379 1054 2008 148 ende en gelieft maer alles te doen met goet

385 1171 2061 136 overlgk en naer geraeden sijnde seer wonder de

399 1213 2121 175 willen in spaxken daeghelijckx moesteeren cn

373 1335 2165 185 sells de primeseyote in hollandt soude moeten

382 1442 2015 220 asetten tot 34 st soo ue gecalculeert heeft bij

387 1578 2095 210 gissinge die souden bij incoop met de onesien

377 1644 2118 212 costen oft uyterlijck een pligver meer bedinghen

404 1781 2050 145 mette mire alst ue geraeden vint passeert door

396 1891 2098 174 alles want het is beeter vercoght en berouwen

405 1999 2024 188 als te sehouden ende noch eerger icn naer

392 2068 2057 194 maels te berouwen ick groete ne van herten

388 2188 2026 210 en ben met veele genegentheydt altijdtson

354 2321 2145 189 Amsterdam Franc. Rousseau Antwerpen 13 xber 1723

384 2423 2028 215 hebbe my geere gegeven ue d. op 8 deser largo

379 2558 2185 172 te schrijven sedert ontfange ue aengenaeme

384 2667 2149 157 leven dato tot antwoort dient dat het niet

399 2759 2025 191 wonder was ick swaer hootdigh ben die ditto

397 2857 2124 210 negoie onevaeren ben volgens ue gesondene

400 2978 2142 166 casculane ende notite van prijs courant stat

392 3093 2184 170 maekenie en alle de ven vallen considereennde

386 3209 2187 164 ick ue leul van tijdt tot tijdt mijne gedaghten dien

397 3290 2175 174 aengaende hebbe geuijt voor soo veel don josh

404 3401 2065 216 Gensala volgens ue d. mij meldt van de selfde

418 3545 2158 172 gedaghten moet sweten willende sijn ½ intret

400 3607 2175 178 van de natgescheyrte wolen tot gilboa vercoo

364 3741 1987 123 8 es4 ue slijoeg sal te laet coemert

2476 3785 95 104 d

2731 43 2204 157 maer disto heer hadde de gainsche partye moeten

2739 159 2209 148 behouden ende aldaer vercoopen alt hij beteeren

2755 250 2144 196 oecase te gemoet sagh te weeten contant geidt

2754 356 2143 181 wannher en is henm niet gepermitteert de parige

2751 472 2178 211 te scheyden ende naer hem te besouden daet uyt

2752 593 1968 183 dat hem gelieft voor soo veel hij gedrijen in

2748 696 2240 212 compt geassocieert sijnde sulcx voor prealasel

2758 817 1988 216 toestemminge niet en vermagh te doen

2747 930 2217 219 alvoerens te resolveeren dienaengaende ende ue

2769 1053 2103 230 d mijne approbatie te geven moet men de

2767 1195 2133 191 suite afwaghten aengaende den vercoop

2769 1299 2168 238 door ue Ed gedaen van de 13 baelen segovi

2781 1419 2077 162 wollen tot 35st moete ick denken dat het

2740 1529 2261 213 lornment oft qualiteydt der ete ien ontbrecht

2739 1636 2042 214 en ue 5d. reden heeft daer van af te schepp en

2748 1750 2093 241 want de wollen 2 stl faveernemende

2746 1874 2218 229 soude het mij wonder gevet ue vaer soo sonde

2767 1990 2106 269 van sijn afgescheyden echter geve mijne

2765 2102 1267 202 p robatto en bljve

2724 2283 2224 166 Landermonde Francois Beraerts Antwerp 14 xber 1773

2739 2346 2042 199 men seght de leden van vlaenderen van Brussel

2740 2485 2117 164 vertrocken en een keer naer ghendt sijn gaen doen

2701 2558 2198 202 soo dat dancke a mede tot dermonde sult wesen

2714 2684 2299 184 gerwestet ende dat desen mijnen bj het arivemem

2700 2798 2270 189 der brieven ue sal behandight worden seynde

2704 2901 2249 183 ue segghen volgens ich uyt den brief dooreen aen

2714 2999 2265 170 mijn waeght e man geschreven can reiercken

2699 3091 2259 187 dat ue ed. genacht en gelieft te nemen op mijn

2691 3222 2291 166 redelijck vessoeck ue ne sots meenigh moet gedaen

2684 3302 2282 180 en acquitteert nochte casspitael noch inte

2706 3417 2244 188 ende dat en can soo niet blijven duren waert ick

2693 3530 2121 154 beute seer y contaite eingen legen

2712 3607 2217 197 ue weet en eersten dat de beleeninge door mij ende

2717 3726 2161 123 mijn schoon moeder van wisselgelde ƒ 320 f4: 13 tot
