5183 3942
549 78 2038 145 Ghendt JB de saedelaer Ady 28 Augusti 1725

551 177 2044 164 ue missive dato is deser hebbe ontfangen met remise

605 297 1945 167 op Pedro van Diest st £30:- aƒ 35:3 £ 123:7:6

589 383 1909 198 waer voor ue d. rekene gecrediteert hebbe oock

577 499 1983 168 ontfangen die de dato 24 cour. met andere remise

573 624 1993 147 van 31 1de dato heden den laesten op soanne

547 706 2096 140 de piranda van £100:- die desen naer nisdagh

569 851 2060 121 heeft om geldt doen coemen. ingesloetenden pet

591 914 2002 153 tien laste heden door mij voor ue Reken. voldaen

564 1022 2015 178 van th £150:- aƒ335:3 vlaems £264:7:6 waer

560 1158 2007 120 voor mij gelieve de crediteeren en in alle occasien

545 1243 1414 193 te disponeeren van die blijve

474 1359 1220 182 London thomas Scawen entomp

1837 1365 826 191 Ady 29 detoust 1725

574 1509 2105 168 Je trouve vous n'avoir escript de purs le 28 vre dernier

540 1586 1902 153 n davoir receu depuis ancunne de cheres vostres

529 1717 2072 169 cependant t'espere que jonissel du ne parfaitte danet

536 1798 2024 183 et que cette la rien ie vous partiendre dans tes

533 1891 2099 196 estat dont ie vous souhaitte la continnation pour

550 2001 2181 158 longes Annees ie trouve sur mes livres d'avoir bon

525 2102 1971 160 a vre grace depuis le denier saldo et des dividents

546 2222 2076 121 recep sis pues apresent  £335- et comme ie ne

534 2344 2029 138 scay demploye j'espere que ne me refuserez pas

538 2440 2173 135 faire bon 3 pour sent a la demande comme sont des

504 2525 2121 153 aultres a leurs Amis dicy. ie me plaigne de n'avoir

530 2669 2038 112 Suyve vre consiel et de m'avoir laisse parsuader le

520 2729 2147 165 contraire et ainsi avoir vendue mes aitions dans la

542 2843 2052 129 comp. orientate d'Angleterre dont ie vois marque

501 2957 2124 151 le prix des ces actions a 174 ples gasettes. il est vray

521 3047 2158 168 Jaytencor bien reussi pr vres conduite d'avoir remitace

536 3143 2198 154 le capitul dans les actions de la banque quelles marpar

517 3253 2088 161 a 138 et celles du sud ay 22. il est timpossible a

519 3398 2150 105 prevoir lasvenir et p. consequence tres faut a manquer

508 3458 2097 153 a des bons coups a faire pr excmpie touchant la

493 3554 2192 102 comp d'ostende pr ces deux vaisseaux arrivees de la

514 3639 2205 174 chipe elle sera de dommage de tout quelle a soufferte

515 3745 1926 106 jusques ie prosent et serat encor en advence

2810 93 2072 118 affaire de frengall se remettra pass a peu et les trois

2784 135 2266 163 vais scause quils sont encor dentrs retournants bien letrince

2814 246 2169 180 quelle vienne ces actions quelles vaillent presentemenre

2796 353 2097 169 14 a 15 prito dadvance pourroient monter a 5pr

2804 460 2216 156 oultre les bons dividents quelle sera capable e faire en

2806 571 2218 139 del cas. ces sont des speculations et elles merisent bien

2821 663 2125 192 qualque attention d'auitant plus que la paix est

2809 756 2176 189 faitte avec lespaque si ie vous puis estre utilex

2820 879 2093 194 quelque chose sogez parsuace que me trouverez si

2816 965 2198 184 bien que pour vos etanis avec une exactitude pour

2821 1097 1418 178 vos sett rests en touttes occasions

2805 1180 2161 194 Bruxelles Joan Bernard Bechemont Ady  Dre 1725

2881 1327 2030 165 En responce a la lettre du 30 du passé m'escripie et

4721 1376 380 124 ensuitte que

2877 1430 2176 159 vre nops p mons.  misson vre beau tress et

2856 1535 2046 140 vous sommes convenue lors que jayi en l honneur

3671 1616 1432 112 eteto en  op lese  peions sur m'on nom e

2875 1661 2097 168 voors parser estant icy ie vous ay debite en compte

2872 1734 1947 194 pour le montant de six actions dans la comp.

2869 1856 2098 172 d'ostende que mons. noe hellin at achepte de moy

2890 1961 2025 194 pour vre compte scavoir ¼ du cappitael payée au

2892 2069 2040 184 Caissier de la comp. en argent de change £750:-

4555 2174 359 107 „ 130:

2882 2191 1203 179 les 13 prete d'avince

4579 2249 281 152 ƒ880

2834 2344 2035 232 Sur quoy deduit £280:- que mons. rochellin m

4753 2481 212 79 ome

2866 2477 2094 187 paryez vous me restez redevable £600:- que vous

3138 2573 1355 104 psfaisantr avez casirie pourrois avoir

2855 2593 2217 134 me payeyez quant    avancest encor

2868 2721 2190 98 a la comp pour les dittes six actions   vous

2898 2785 2100 135 en duposerez touts les jours qu'il vous plaira

3351 2898 1703 117 soo niet  voortisgegaen voight hier onder

3385 2947 626 140 de rechee comiey

4523 2959 160 133 do

2845 2967 2181 200 Bruxelles Joan Bernard BBekemont Ady C. sbre 1725

2868 3116 2152 165 en responce a la lettre du 30 du passé m'escripte en vre

2874 3219 2141 177 nom pr monsieur &misson vre beau frere et en suitte

2883 3304 2184 189 qui j'ayt en a hopneay de vous dire estanti qu vous ay

2882 3405 2099 177 debite de dato 23 de toust pour le montant de six

2875 3510 2052 164 actions que mons. noe helin et achapte de moy

2881 3546 2162 216 pour vre compte du  du Capital payée au caisties de

2875 3721 2085 82 la comp £750- et trieze poutient d'avance £430:

2886 3788 2200 71 tarsant ensemble £8:- sur quoy deduis £280:-
