5197 3942
1422 64 75 66 29

455 62 2063 165 van vlaenderen van ½ in ne bekent die en can

444 170 2086 170 nochte en magh in het aseorde van de levrantic

472 264 1959 157 nmot begrepen worden: ue 5d selfs heeft mij

467 371 2038 177 van lange tijden geseght dat den de change

452 498 2100 137 brilf vsij voor de le traitties sal betaelt wee

458 599 2019 156 ende ue daer van verseekert waert inder

469 710 1884 163 voeghen dat het soo veest en goet wat

463 780 2024 179 als contant geldt in caste en tusschen beyde

430 880 2021 166 dit fsaineert als vat den berinnen ende de

439 983 2058 222 intresten verloopen en worden waerderen

437 1099 2027 178 swaerder permitteert my ickeue d segghen

426 1213 1933 220 magh geene genoecksaeme devoiren en

465 1320 2094 209 doe nocte gedaen en hebt oft wel ue ede

425 1444 1990 219 sich met woorden laet vergenoeghtn

464 1537 1986 204 daer ick geen sapsfactie over en neme

445 1661 2022 177 want voor leven en sterven ick staen

458 1774 2010 172 voor de ballen soo over het Cappitael

472 1884 2081 196 als den intrest dat ongehoort is daerom

452 1994 2058 177 versoeke ue et van over te coemen den

452 2111 2094 210 intrest my te vergoeden en saemen raer

458 2230 1950 221 volegen den het lea traghten te

408 2309 2138 219 sthen ofte de voorderen want dat maer

440 2447 2025 190 contant wesen oft ue ge moet het ons

449 2583 2032 150 rembouiseeren: aengaende den de charge

439 2667 1977 206 brief vons in op brabant de £25000:-

426 2779 2178 172 bewesen op den geent meester van der bieken

432 2926 2168 139 int gedartier van Antoverspes sijn in gevoort

373 3036 2229 197 dert en uu de rekent daer van nt last

401 3180 2185 175 sedort Tomu laest dandere ƒ25000: op

441 3270 2101 182 compptoit van den Reut meester van de velde

440 3322 2178 233 sit quartier van Brussel hebbe op ue advies

442 3514 2125 167 doen is voorderen ende gecondisoweere tot

496 3633 2064 178 piet schaede alst al sal betaelt wesen

462 3750 2148 114 on½ ier contant in spesile  silvere mit

2751 58 2253 154 wisselgelde te betaelen soo dat met pre

2782 194 2108 170 en coet bedient wordern ue asseureerende

2783 287 1878 183 alst van mj dependeert niet en moet

2779 445 2111 141 ongerust wessen oft sorghe draeghen ick

2784 499 2006 205 verlange maer hetlte spriset hoer

2787 615 2237 194 eerder hoe liever versoekende considerane

2804 754 2171 164 te gebraghen en ons voor onse vervallene

2775 858 2105 168 intressen te fommeren ende de beloofde

4115 976 113 77 10

2795 970 2105 174 somme op Brabonst  te leveren

2819 1077 1978 198 om daer uyt af te reckenen ende me

2792 1202 2089 195 adfisteeren ick groete die en blijve

2801 1316 2147 201 Ghendt J de Saedelaer Ady 26 Junii 1724

2835 1432 2147 197 door indisposiie en hebbe e ede missive de ditto

2826 1553 2085 185 17 deser niet connen beantwoorden eghter

2824 1662 2139 179 van het ingeleyde briefie op p aser londen

2806 1750 2097 204 ƒ600:- het noodigh versorght en ue dde

2818 1880 1840 198 Rekene dato 28 daer voor gecrediteert

2807 1995 2214 143 heden becoeme ue aengenaeme van gisierien

2812 2100 2046 177 met ins gelijckx een brefie op Paser lorden

2815 2209 2223 206 van ƒs00 op  sicht die heden geaccepteert

2777 2325 2264 190 heeft in banco heden favance voor de brieven

2815 2439 2076 235 gedaen en niets hoogher tot ue governo ue

2822 2561 869 196 groetende sb be

2775 2667 2108 217 Ghaudt  De Saedelaer Ady 4 Juliy 1724

2815 2809 2152 173 met ue missive dato 2 deser becoeme remide sicht

2803 2924 2060 187 op Jfvroiw Joanna de purande £150:- die niet

2806 3032 2150 208 geaccepteert maer heden beloeft heeft te betaelen

2829 3171 2111 159 geloove wederom sonnen sullen wesen want alle

2802 3228 2183 211 brieven buyten de borse sijn daer aen subieet ende

2796 3334 2239 198 niette min ick moete voor ue in silvere iinte betaelen

2804 3463 2085 179 Ick maeke nota den dotej brieven door de

2797 3514 2203 210 bij usy addres geaccepteert en de sende ue ingesloeten

2789 3662 2087 142 dien 26 April vervallen heden voldaen saf £ 100

2804 3748 2246 137 a 7353 elaems £176:5 waer voor mij gelseve te yec teeren
