5197 3940
415 59 2142 188 van tijde tot tijde regulierelijck op cortinge geldt

424 152 2085 175 te aendens dat is in wederom p deses mllycken

409 272 2081 174 geleden: gelieft den brief naer te sien die ue my

399 386 2121 167 dato 14 gher laest 1 heeft geschreven ende

408 544 2043 140 diesch aen ue man duto r t hebbe bean

419 568 2019 263 woert ende alles wel te considereeren ende

426 716 2182 236 vervolgens aen ue beloften naer te coemen want

423 837 2094 194 andersints moete ick den wegh van juspengaen

445 946 2063 180 en aennemen om niet alleen mijn epet

435 1074 2007 129 maer oock mijnen reeht eerdighen inpesid te

439 1184 2071 146 becoemen want het is on gehoort gelijck ue my

441 1296 2069 156 gelieft te traeteeren op doo een voer ca

448 1383 2076 165 saeren aen loopen alot ick voldaen sal wesen

452 1466 2060 173 en mid delletidt meer inrest leyden als ick aen

443 1558 2054 209 de vercogite goederen geprofiteert hebbe dde mij

454 1667 2059 190 nt reehte sullen aen gewesen worden daerom

455 1776 2034 225 gelieft aen ue beloffen te voldoen ende mijne

419 1870 2052 250 patsentie naer rechtveerdigheydt te beloonen

411 1990 2063 162 ende van tijdt tot tydt gelde te senden oft voor

459 2101 1936 201 mijne rekene aen dher stephen Rousseau

446 2219 2095 218 te betaelen gelijck ick laest inge sendre ven heebe

426 2314 2079 194 oft ick sal is cersie den int rest pretendeeren

436 2444 1991 219 ende ue t man doen adsourneeren om

434 2539 2113 183 eeen eynde te conmen becoemen tot ue ende ue

460 2651 1802 225 mant geverno afwachtende blijve

350 2756 2212 242 Brussel weenel Paulo Je Broyeer Ady 24 April 1724

408 2879 2042 203 aen heer ue man saligder 2 berlaest geschreven

418 2996 2153 223 hebbende verstonde ick hj in slechten staet was ende

400 3135 2118 175 naer datint den heere hem ude dese weeeedt geroeen

412 3213 2208 242 hddes wenschende hem de eenwighe rise ende dathde

387 3353 1976 211 ue geltefde te vertroisten hebbe ick geraetsaem

445 3462 2182 220 gevonden ue vsverders niet te asfligeeren doch

449 3576 2176 176 alsoo alle weereltsche affairent eens een eynde

435 3719 2036 163 moeten hebben, soo bidde ue 2  ditts mijn brief

2757 56 2182 180 van 12 xber 1723 eens naer tesien ende den inhom

2741 147 2204 146 ue willen considereeren dunckende mij onnoodigh

2733 268 2255 162 de repetitie daer van te doen ende ue sal ondersinden

2746 384 1964 197 mijne reehtveerdighe reden van claghten ende

2765 500 2229 171 seekerlijck wel willen consideratte glbruycken ende nu

2770 608 2219 157 voldoen de somme van £21:11:6 elaems wissellde

2773 717 2227 212 die ue mij pp slot rantveerdigh schuldigh is biddende

2769 836 2101 212 my te permisteeren In Antwoort deter die te

2782 947 2230 206 moogen trecken in voldoeninge van Reken welck

2790 1051 2108 211 afwachtende blijve met assenrantie dat ben it

2755 1203 712 201 galle doccasten

2768 1241 2171 256 Lendenmondr Francois Teraerts dy 25 April 1724

2813 1379 2190 238 In antwoort op beydene im is ver dato isen is court

2803 1545 2052 193 segghe dat de experientie mij uuleert tot mijn

2810 1657 2201 159 laet wesen dat men g een menschen meer en magh

2819 1771 2187 198 betrouwen ende dat de goede trouwe in de weetelt

2809 1908 2106 118 udat meer te vinden en is. ue s en moet niet

2802 1980 2146 168 o ver coemen pochte mij spreken over het genetck

2795 2073 2175 177 ue nu soo lanck versochtt hebbe oude dat meer als

2782 2194 2210 185 en reden bestaet om mj de verloopene intressen

2788 2294 2177 156 de remitteeren ofte te doen tellen ue weet her soe

2780 2391 2152 162 wel als ick die ue de selve vraeghe synde van de

2786 2507 2196 191 ƒ500 00 op vlaenderen nu een en een half jaer

2778 2609 2142 210 gevallen op brabant van ƒ50000 een jaer sedert

2780 2705 2211 193 t xber. ick weete dat ue in en dan geldt touckeert

2766 2852 2196 134 ende gienoeten heeft ende dat van goeder handt

2790 2949 2176 180 ick hebbe contantes ten hooghtten noodigh ende ick

2751 3063 2240 166 en can mij niet langer bethoegen nocht een wille

2759 3158 2201 147 15 voor niemant in commodeeren noch te

2759 3257 2167 194 intresten selfs betaelen: heeft ue noore conde

2749 3398 2263 173 staet en van brabant mits bu de selde geaccepteert

2759 3480 2266 197 sijnde gelieft ont die te senden mijn schoon moedet

2751 3589 2232 198 salie aenveerden ende ue het lusplus etaelen

2760 3746 2237 118 ende mj mijne intresten men laste daer  goet
