5650 3895
732 71 2220 148 hebbe seer schoone e  ontfangn

861 126 2071 193 aldemende soortine ve saeckens en went

820 234 2134 238 provisie tot ie dienste ets noodigh hebbend

877 356 2081 184 recommardeere mij in ue goed gonste

911 490 1783 173 als aen t ue heminde en s: e noeder

1965 578 681 166 17 gber 1713

706 623 877 179 Brusselle J.haegens

843 679 2056 217 Ick hebbe al verwacht d'eere te hebbe ven

785 809 2055 202 dat ue soude over geee men men soude

876 913 1952 224 oordeelen datter ten minten met dat

901 1011 2001 203 wenter gaesoen iets tot ue dienst soude voor

894 1104 2058 199 vallen ick hebbe seer schoon en vercch soorte

902 1215 1965 187 ment van alderhande goederen becoemen

870 1293 2059 254 soo laeckens als winter provisie altijts h

863 1442 2078 214 ue dienst en wille newel versoekeren dat

884 1536 2048 227 ick alle sal doen wat in mijn maght

867 1634 2052 248 is in alle voorvallende occasien om ue

895 1765 1997 235 calandises te onderhouden waer op dat ue

901 1879 2044 254 mogh taet maecken ick hbbe de lebe

937 2020 1995 223 genoemen op ue te trecken ƒ 300 aen h

916 2128 2045 205 van noch te betaelen oft aen sijn or die

924 2268 1986 192 bidde soo goet te ijn van die te verheeren

954 2381 1993 219 ue sal mij ten uyt sten verole geerene men

931 2515 2030 175 moet nu endangim vrindin moyelije e val

945 2597 2006 183 len want het is ongeloofbaervnt moegt men

946 2718 1998 218 degenwordigh heeft om sijne negotes met eer

908 2826 2045 243 te connendoy vor dat ick verkoeppen door gots

943 2958 1385 215 genaede eens sal beteren lije

2203 3047 538 180 19 gber 1713

831 3105 976 155 Rottedam D: verbargh

901 3156 2063 177 ue aengenaemeneen 17 deser hebbe wel ontfangen

945 3298 2010 151 oock het pack  N8  N1 paden bortslas sien

928 3396 2021 120 dan te gemoet andere vvanden hebbe advis dat

909 3482 2013 159 I baguell godt danck salve is het pack N928

902 3563 2052 176 sijn boont bidde cito te dipepieren den imh

912 3666 2036 169 24 45 p doogntiens op C 18 ver geredet met £

3029 77 2307 143 casseyen vroppers die mij  nitto costen £10

3031 139 2209 172 11:5 sonder de werde der vrappers eode de mr

3013 211 2255 184 visie en oncosten tot ue gevens ick hebbe ue

3016 339 2272 258 geuyt een geruijmen shet sal patientie noter

3019 452 2238 226 en swijene wegens het ellendigh pack maeriet

3025 578 2227 231 vinde mij soo genaegm meert door dn e

3031 678 2218 259 sortement bij mij hebte van die ge moyne

3019 814 2274 308 soorts dat het mij mnoogelijck is veren

3046 947 2164 249 ick niet inbalde wat prneditie ick

3035 1063 2251 323 daer bij beyde want als men sortindant pe

3028 1193 2239 300 hert soo en conmen sijn volck niet gene

3061 1312 2211 265 ven soo dat ick ue bidde sochete daere was

3030 1421 2245 328 moogelijck is oie syndevn taecke seeen

3058 1544 2197 297 nen wenste mede ue senrement te hhef

3064 1669 2182 373 fe nenmiddelen es ramde

3101 1781 2088 311 om dat het enfrandinaere p res ad

3105 1880 2103 347 de 3 vehoeginge aff te erygen heb soude

3081 1992 2126 324 de uele engelicke nigstee overl

3079 2136 2177 308 lant doen eeeren ende ingevalle ue daer

3079 2258 2168 290 middel toe weste ick soude besorgen anere

3083 2370 2158 315 qiste gereekent door lose rooplede

3091 2507 2160 285 om aen den staet te laeten presenteeren

3087 2594 2058 304 ick bidde ue ue gedaechten daer ver mij

3068 2687 2050 283 een te commiineeen en soo bijve

4464 2816 618 208 22 sber 1713

3005 2938 1134 225 Amsterdam f: Rousseau

3091 2951 2140 325 sijnde sonder eenige van ue mij atijte aen

3111 3110 2127 243 genaeme referene mij aen mijnen laesten

3114 3212 2131 181 van 16 deser dat voor leden post hebbe laeten

3113 3252 2263 282 voorbij gaen en hebbe heden niet connen e

3102 3379 2095 263 treffen alsoo onder de sis met geene brieven

3091 3482 2170 212 te becoemen waeren ingesloeten allien een

3089 3605 2108 216 briefken van 25 ditte uyt sevillie  en

3104 3696 2082 144 half op laude louis de seer mont van 350a

5371 424 122 140 1t:

5335 544 145 154 Lijde

5307 750 212 191 n

5330 957 89 147 j

5337 1082 68 71 h

5400 1143 59 62 Met

5296 1103 139 150 be

5299 1242 100 88 1d Jy

5342 1312 52 71 t

5333 2801 115 152 d

5354 2935 101 139 t
