5350 3889
442 65 2231 115 de  48:5 455¾ pastars plus cint a ll'advenant de

490 95 2116 193 ƒ3 ta7iusques a ƒ6 et ƒ7:4½ draps poir les bleu

491 207 2193 162 et drap de dammes alhordinair bayes de toutte sorte

487 282 2210 203 et prine de merme que bayes deventer et flannels

516 371 2197 220 de  a larges flannelles croise mais les flannbles

526 489 2030 229 de 3 sarges en cherssent de plus en plis

532 606 2053 190 et les compinnnes ne vailent plus psen m

512 682 2052 222 leur 1prix sellement que ie n'en fait plus

571 771 2018 251 venir que les mellieures qui vont bien a

524 888 1956 267 ƒ06:- s: la paix le faise vous ne ferez

500 1026 2181 227 pas mal d'en faire quelque provision

509 1092 2149 237 vos deux bayes deventer diun prix e lordinair

515 1207 2049 203 seront preses au premier jsur et ie vous

512 1292 2181 244 les envoyeray avec uiet piesces que m'ordinne

539 1407 2070 252 a moint que ne m'ordoonniez encor quelque

534 1539 2154 197 chose d'aultre avec ce que ie seray attendant

497 1659 2064 186 vous asseurant que ie vous serviray encor

511 1757 1977 221 au vien prix si vous me voules charger de

508 1899 1962 220 quelque commissionvoyez un puvien la

550 1982 1988 208 baye nouvelle fabrique que il vous envoyée

548 2085 2023 241 pour une espreu v de vre vie vous pavez

517 2195 2148 216 en si ceeneuse marchandise ni a si bon marche jes

556 2295 2108 231 ay de sorte pariille a ƒ38: et 36 pais en cas june jou

538 2392 2147 189 haisse d'avantax jay veu cette affaire et en suitte ia

521 2482 2186 228 fait ma provisiom entant grace au jergneer je p socha

523 2591 2165 173 te jevs ferez particepant a bon marche come je boita

530 2669 2177 215 tez hardinens sar moy et je vs servina, come siis esta

539 2775 2135 164 icy  et vs men aure d'oblegation pst apis a

536 2872 2101 163 toute sorte de manifacture ne peut manque d'en

532 2947 2155 184 herir jay les plus plu assortioent  lon pue de

523 3084 867 140 vs jafuant je me dit

1766 3104 816 189 Ady 5 sber 1712

403 3168 986 190 Bruxelles h De Baue

551 3233 2093 175 desen om ue vrindelich te versoeken van het pack

546 3362 2056 139 gemerckt B. dat aen ue op gisteren pr. beurtschip

548 3459 2109 167 hebbe geconsigneert p ordre ende voor rekeninge

571 3581 2044 135 van Monsr Anthoine D'etoust tot Berghen aen

570 3664 1931 143 him p eerste occasie en soo haest hoogelijck

2851 89 2251 119 op Berghen te willen toesenden ende ue sal hem ende

2833 192 1959 115 mij verobligeeren die blyve in alle occasien

2784 289 911 151 Mons Jaques Masson

4209 293 507 146 2 gber 1712

2809 372 2305 154 Jay receu la chere vre du 26 d'aoirst en son temps je vs denand

2804 459 2311 162 excuse q jay dilaye la reponce de quil jous il m'ateste om

2786 533 2281 130 possible p le grand embaras et affairres sarvenue nmanmoin jas

2787 657 2316 97 danné en teintiere vos carisces bl et jausay soing pr le bayes

2784 699 2337 125 et q vs seriez tres content et tres biensene pr ce quil vs me

2808 763 2304 141 commanderez entretemps voycy incluse des eschent il lonsdr

2805 873 2249 106 draps noirs di beaux et bon marche  vs les avez achpte

2796 922 2271 110 de vre vre vs en pouvez prendre vre assortiment sil vs

2782 1024 2366 147 plaist car vs ne les aurez plus vre vee a se bon machee

2803 1080 2257 127 mesme a un autre je ne les donnerois plus a cepres

2779 1163 2311 154 tout enckene p la cherte de lais vs et il est presette

2804 1248 2213 123 ment tres difficcel a trouves de vere table fins drops

2821 1331 2229 137 de finne lame noims et bleu touttes les maniefactures

2778 1402 2314 136 en cherissent en angleterre de mes me et monteront bien

2788 1519 2214 135 plus si la peant je fasse dont on rn en doubteplas

2791 1591 2268 155 ryoy des eschantillions de draps nouvelle couleure

2795 1651 2247 142 a la mode com me mandez 4 4 et 58 pattas tres

2785 1722 2209 180 jplie draps et a bon marche attendant l'honneur di

2767 1817 2294 198 vre reeponce je me de N99 en 101 a p12. N1or  13 N106:110.11 a ƒ314½

4087 1903 541 138 2 sber 171a

2739 1946 853 156 Journayd. J: de Casse

2772 1967 2259 179 Jayne ceu l'agreable vre de 44 d'aoust en son temps mois his

2765 2069 2249 148 ad le loisir a y faire responce plus tot je veu bien aussivs

2774 2102 2384 179 advoyer quil m'at este sensible qie n en avez esccut de pie

2793 2240 2211 147 vre depart y icy depuis le mois de moy pques au mois

2779 2297 2241 133 d'aonst pr ce q jay deboeuuse je l'ay fait avec t plaisiret

2778 2356 2319 168 mons vre mele me le peusfaire tenir quant il luy plaires

2794 2470 2220 155 soyez bien assiere q je n'ay garde de m'addressu amadi

2800 2550 2370 140 van havx pr cela a moins q mons vre oncle ne n'en

2796 2621 2302 151 voy ce une assignati on sur elle vs le enfore come le trocc

2795 2711 2284 138 verce a propos je feray attendant l'honneur de ve vrer p iy jesper

2787 2799 2279 162 qus tirez le voiage avec consentiment de mons vre onele je vs con

2787 2864 2275 128 sculle de suivre son conseile tous jous et d'evoir es gord pr la pe

2780 2935 2287 126 sonne je vs a tousjours conseille a celu et ne manquez poine

2774 3015 2291 128 de le faire vs m 'en curez de lobligation p apres pr moi

2768 3070 2284 148 watte camp ayez de liuydire: q' jay fait accommodr ex prisu

2772 3157 2251 127 assortiment come il mat escrit et  tout est press ausssen

2788 3291 2201 75 as quil souhaitte d'avoir quelq marchandise quil na

2776 3353 2275 116 p a mescrix et q jp lay seviray si bien comsil seroit is

2785 3411 2265 106 pisent outre quil ne pais faire a a se poauvoir a ca

2774 3479 2278 108 se q les draps sont au ientea de pu n prix et me

2785 3549 2257 139 teront een encor come aussy fnette sorte de mancyf actures

2814 3629 2198 101 d'anglettine si lapoix le fasse dant on n'en doutte plas

2805 3706 2230 92 et de luy servire encor  misme pris come de pass

2796 3772 2195 66 j'ay presentiment de belles marchandises et a bon mache en
