5632 3901
662 81 2103 94 verdraeyse is en can men aldaer mede niet te recht

683 134 2033 174 coemen ick groete ue en sijne beminde van

680 219 2121 164 herten nevens het jouck huwelyck Domine en

703 308 2098 180 wille niet naerlaeten maer hij geeft reden van

700 434 2059 140 laeghen soo ick van dh. ue vroeder desen

688 515 1777 170 doen verneme. Blijve met respect

1877 602 386 112 7 april

559 589 892 163 Brusselle  de moyer

732 686 2039 123 in gevalgeworden soo hebbe den bay en 3 laecken

739 781 2003 145 nevens de 8 twitte flanellen opgepackt in een

753 880 2012 178 pack gemerckkt &58 voorleden woons dagh schep

742 974 2040 176 gedach dat verhoepe ue wel sal sjn geworden ie

754 1066 2018 181 majh rekenene detter 10  aen ider a voor wied

750 1169 2054 179 vance is want en sult die ue leven tot soo geen

765 1302 1945 167 prijs meer coopen ick sald'eere veachte

779 1377 2032 229 van ue naer paesschen te sien ick hebbe oor

793 1500 1989 183 timent ge noch en weert verscceert dstce

787 1592 2032 223 ten eytersten wel sal doen van wat provise

786 1705 2015 217 te coopen daer ick ue van tot e prijs

788 1826 2004 172 sal bedienen heaer onder het factueken bedrae

793 1913 736 168 gende in wess:

1776 1986 1008 144 waer voor mij gelief

764 2047 1996 183 te crediteeren ue mevens s: ue beminde van

735 2123 1120 184 perte gooedende soo blijve

601 2207 902 236 Ghentt Jncob Baut

1753 2240 951 222 Ady 9 April 1712

798 2386 2017 170 tot antwoort opue aengenaeme van gesteren

783 2514 1906 145 ben te vresen ue mij eene partije van

797 2641 1923 143 £2 a 300 st at geeft opp london tot 335:7

773 2716 1870 156 als  suffisante brieven wesen sal ue de

775 2826 1951 155 weerde remitteeren en blijve in haeste

590 2941 2038 198 Amsterdam Francois Rousseau  10 april 710

716 3059 2062 178 ue aengename van 3 en 6 deser hebbe wel ontfange

707 3169 2101 140 negovie doen sonder restc te loopen en canme me

702 3219 2098 161 gelijck niet hieven het is waer dat  Daniel raede

728 3347 2081 102 maesker mijn schoon moeder bedient voor de brieven

717 3403 2059 182 naete ende continiuelijck op tijt remitteerte dat

699 3499 2123 172 hij mede sich soo veel moogelijcke precautiement

691 3598 2096 167 sijne remises wel afte meeten anders en soude hij soo

716 3673 2098 164 daenige considernbe commissie niet hebben maer ue

2970 0 2197 122 d wat teoseraqiilees ce proviile has paif

2969 66 2227 185 moet voor mijn oock wat wesen want uyts

2960 170 2222 198 gelt ende niet profiteeren en can met geene e

2945 263 2217 221 bestaen dafferente parken die ue mij geremitteer

2929 360 2233 229 hieft en sijn de moeyte van schrijven envryein n

2953 456 2243 198 weert echter dat hebbe ick wel wille passeeren ope

2976 553 2148 216 ue te animeeren ende met den tyt te saemen

2958 651 2181 209 negotie te quiken die van beter pecles sal wesen

2967 772 2170 213 het is waer dat de negotie niet van geforceet worde

2974 885 2164 212 maer daervalt imert ne en dan met gelegent

2973 972 2192 267 heyt occasie van motijt daerom hebbe ue eens

3000 1089 2178 249 voor altijts geschreven dat soo daenigen voorvalse

2993 1179 2139 251 niet en gelieft te laeten passeeren ende dat ue

2980 1282 2163 213 mij altijts voor £1000 gelieft te remitteerer ende

2989 1410 2152 200 te betaeken ende daer op recommandere ue te

2983 1492 2173 259 uegeleeten ick wete wel vrinden voorre inde

2991 1592 2144 261 te prifereeren wesen ende dat ehr vervaeder ue

2995 1682 2115 249 naerder als ick moet wesen niet te min door

2989 1753 2188 264 enmeerderinge van affacrens pre senteerens

2937 1894 2169 284 sue profijten ende dat bij voorval recommen

2951 1974 2207 268 deeren alleenelijk indaghtigh te wesen ingesto

2954 2118 2134 224 remitteeren ue dan im vervallen breef op

2935 2199 2224 268 S:B: en Paule Jacomo Cloots £775 banco waervan

2966 2340 2108 251 het noodigh gelieft te procureeren ende dat daer

2952 2446 2178 263 tegens mij met advance op tijt te remitteeren ende

4347 2576 442 219 11 april

2987 2630 871 167 afwachtenie blijve

2911 2745 954 162 Brusselle J:B: alexis

3003 2740 2141 231 Ick verhoepe ue goet retour ende dat het paxke met

3012 2856 2104 158 ue en s: ue moeders goet voorleden saferdagh scheepge

2961 2931 2150 164 daen ue wel sal sijn geworden desen tot het op gende hoder

2963 2999 2174 156 facturen d'een voor ue moeder die haer gelieft te behand

2971 3134 2153 128 degen d'andere voor ue aenden oot dese beraegende

2955 3176 2156 157 in wiss ƒ405: 2 waer voor mij gelieft te crediteeren ick

2977 3252 2176 123 en twijffele niet oft sult beyde tege uytersten content wesen

2982 3325 2134 169 want tot soo daenegen prijs en sal ue nogt iet connen

2991 3414 2156 159 bedient worden niet te min in alle voorvallende occa

3000 3488 2110 164 sae salack alles doen wat in mijn maght oom ue

2961 3582 2071 165 landisie te moogen onderhouden en soo blijve naer

2950 3697 975 121 cordiaele groetenisse
