5313 3889
515 48 1971 145 het is een affaire daerens van conterentie van te

530 134 2004 151 maeken is want daer sijnde veele van geereveert

515 203 2065 187 stershuijken ongeadivisteert ende naer waghtende ende

534 304 1999 169 differente om soo te spreken naer vastende. gelieft

523 375 2093 199 dan niet langer te dilayeeren ende de hooghnoodige

554 480 2052 208 consideratie te gebruyken het gene de crediteuren

545 585 2053 165 verwaghten nevens een letter advies aen die blyve

582 722 647 174 van herten

1605 771 860 177 Ady 14 Jul 1712

377 802 901 170 Amsterd f Rousseau

551 902 2048 165 tot antwoort op ue aengenaeme vvan 11 courant

542 987 2053 173 hebbe ue trato voor de baronetse van seerdael van

573 1096 2028 172 £980:- vlaems wisselgelde geaccepteert ende sal alle

556 1187 2004 170 eer genieten maer verwondere mij ue op 17 & dato

574 1268 2042 181 coemt pary te trecken daermen op cort sicht avance

590 1359 2035 173 conde becoemen soo als andere van die selfde possdagh

558 1471 2063 164 noteeren: ue weet wel dat het in wissel op ¼ preto

584 1576 1946 147 aen coemt ende dichenaels de reden is van sich a

561 1666 2061 156 costij te addresseeren dat nn dis soo eene maniere

589 1751 2000 169 maer meer schaede dan profijt coemt te rendeeren

564 1837 1965 187 verhoepe bij het toehoemende meerder faveur te

563 1929 2049 210 sulen rescontreeren ende naer cordiaele groetenisse

553 2097 389 120 blijve

390 2128 2181 221 Cofterdam John van derheyden Ady 14 Julu 1712

565 2258 1948 186 ue aengenaeme van 12 courant wel ontfangen

573 2344 1949 221 ende geernd gesien ue met mijne goederen blgende

582 2434 2023 183 te despescheeren ende provisionelijck de twee packen

567 2539 2003 197 uyt John Blaxland N11 en 12 p beurtman Pieser

587 2663 1860 197 willemse waeren vertrocken met de laeken

577 2737 1953 197 packen ben het aldermeerte gepresseert en gelieft

598 2863 1996 155 dogh geene occasie te versuymen want het convoij

597 2961 1981 146 is tot ostende mede gearriveert soo dat met de

576 3035 1966 208 mijne geerne de voorhandt hadde ende ue het uyt

563 3139 1957 181 die reden soo hertelijck recommandeere gelieft

573 3222 1960 175 vant voorder versenden mj tegens saterdagh

595 3365 2025 140 advies te geven om mjne mesures naer advenam

577 3450 1589 158 te connen nemen ende soo blijve

4044 0 462 137 2 guls 17

2763 41 758 149 Cadix luw Callebout

2839 92 2240 115 ue aengenaeme van 15 iij laest hebbe het sjnen tijde nolont

2835 208 2257 135 fange ingesloete heeft ue de adimnistatie tot dato heden over ue

2830 252 2253 158 huyen waer bij ue te goet comt ƒ149 courr sijnde wes: £21:5:10

2855 338 2239 147 dic eenen twintighs ponden vjt schellinge thier groote vlam

2841 416 2251 151 wisselgelde soo als ue in reck goet doen en cnditeren ben van

2844 470 2249 166 intentie die aen J: claessens voor ue reck de tellen endrnt

2845 534 2170 195 tantie van te nemen mits dat  mijn broeder Daneelle

2851 597 2214 208 vernime ue bij haer eenige panningen noodigh heft

2870 667 2223 239 ick en twijffele niet oft sult het selve agreeren noopende

2863 763 2227 192 ue niet met het sterftayt van mijn vaeder salger laet

2865 849 2177 197 mijn broeder daer mede geworden mits hy te

2869 924 2220 246 gestelt is soo dat ue mij daer inne moet en

2837 1017 2228 204 niettemen ick en twjffelenierr oft hj sal aen ueve

2878 1092 2207 221 soeck voldoen en uegelant wesen ue sal siendat ick

2898 1185 2160 196 ue in niek goet doen ƒ 42 court die mij behandight

2871 1271 2206 215 sijn door d'erfgenaemen van seckeren levieir verhod

2869 1357 2197 218 tot seelen in vlaenderen die voordesen met ie vaeder sa

2863 1454 2143 221 liger affairens heeft gedaen ende hem soude sijn schel

2860 1551 2176 212 dagh gebleven sonder te weten de jeste somme dende

2846 1622 2230 234 nu guine soude voldoen in gevallen men can de boecken

2861 1746 2200 197 vinden t ende heerine nech geven ende niet wetende

2862 1845 2211 157 waer de boecken van ue vaeder te vandere sen soo bidde

2872 1933 2149 178 mij het ienbaer te maecken ingevale ue daer wee

2878 2014 2174 152 van heeft soo miet mij te aerthoriseeren om het met die

2865 2126 2137 170 heyden ten besten moogelijck af te maecken ende te ae

2888 2135 2192 251 fusteren ick dilayeere de reparatien ende menegare

2889 2274 2107 155 alles voor ue huysen soo als voor aye rachende de

2871 2377 2069 172 negotie ick sien wel datter niets tot advantagie te

2864 2480 2101 157 ondernemen en is vooral eer sodt alnaetsigh ons

2872 2591 2152 132 eenen goeden en generaen vrede gelieve te versienen

2871 2681 2030 144 de brieven op CPadix oft Levillie Sijn seer Schaers

2855 2794 2184 145 ende onder de 119 a120 niet te becoemen waer va

2872 2867 2172 135 de retouren f Amsterdam seer onseher sonden wesene

2883 2962 2113 166 daer geene negosie een iscan ue wel considereeren

2864 3059 2077 158 met wissel eien slecht moet wesen de vrinden

2871 3170 2153 194 groeten ue van herten nevens nichte ue beminde

2874 3264 1191 175 en blijve in alle occasten

2782 3344 2106 195 tournay la vefve B rontar Ady 18 ju lir 1712

2861 3465 2080 118 la mienne du 9 du courant vous sern dans donbte

2871 3547 2080 120 paroenue avee protest de vre derniere remise

2832 3666 2101 103 de 109 escus et frente pattars. il' espere que vous

2836 3717 2088 98 en estes desinressee et rembour se pour le present
