5334 3889
1703 42 420 142 5 acgedsty

415 58 542 146 Geel P: Willems

510 100 2070 201 Ick verhoege dat ue nu beter te passe ende herstelt is als

532 219 1996 110 oock ue dochter het chagreneert mij dat ick ue noodien

494 286 2126 199 frwaert niet eerder en hebbe connen senden het en is mijn

495 382 2137 191 faute niet den ververen heeft niet derder connene

491 443 2142 150 ven alsoo hij soo weynigh goet hadde door het slechteven

501 536 2152 171 tier die is nu droogh maer noch niet gefreseert soo dat

507 611 2173 148 ick hem evenwel van daegh noch niet en can dats enden

513 694 2072 190 hij s goet en schoon tegens de naes te wecke en salder

508 775 2145 217 geen faute aen wesen asser noch iets voorder van ue

515 857 2106 166 dienst geleeft den voorman maer een briefken mede te

493 940 2139 149 geven en miy i alle occasie liber te commandeee

513 1083 432 105 die blijve

1603 1070 706 213 Adij 6 ditto

355 1098 1094 229 Mechelen Jacobus Parduyns

534 1234 1969 176 tot antwoort ot ue aengenaeme van 2 courant

534 1322 2092 186 hebbe ue trato voor mijn broeder Daniell van £39:19:9

547 1425 2013 201 vlaems wisselgade verheert ende ue daer vooren sur

555 1539 2110 179 rekeninge gedebiteert. het is mu leet datter soo weynigh

573 1635 1838 210 in negotie voorvalt en wij nu in soo lange te

560 1734 2094 174 saemen niett en hebben gedaen, ick soude evenwel

553 1836 2046 219 geerne de lemisse onderhouden, hoe weynigh het

566 1943 2034 162 ix oft niet het sal mij altijdts aengenaem wesen

570 2068 1835 193 gelieft mij maer liber te commandeeren

564 2132 1980 181 al watt maer voor eenige bayen oft het gene

552 2198 2141 214 soude connen voervallen hebbe seer schoon

568 2341 1804 193 gerief tot ue dienste en blijve naer cordiaele

573 2459 1723 186 groeteniste als aen jof ue Beminde

1686 2503 779 241 Ady 8 ditto

374 2585 961 196 mons Jacquis Masson

522 2681 1915 212 p lettre de mons. vre beeus frere j'ay reccu

483 2796 2121 209 premise pour compte de la maison moruaire

570 2903 1986 190 a chargge les. Jean estienne van ruyssen

555 3007 2055 174 3 du courant a jours de veue dont 'en ay obtenned

576 3134 2016 138 acceiptation  250 escur en son temps iien

583 3271 2057 114 procureray le payement ie me estonne quiin ne

2031 3336 112 72 sal

567 3340 2074 171 s'offre rien pour vre service et que pres point de

580 3460 1964 129 marchandises. ie ne souhaitte qui d'entreseir

567 3549 1921 190 la connoissence. 2our s peu quis se

582 3648 1980 165 estre faittez moy l honceu de me commander

2825 87 2228 116 cas dans un bout que il manque ious jours quelque

2852 153 2198 143 chose  i'ay de tres belles marchandises de toutte sorte

2837 271 2185 154 en abondence e  pi et ast pr  quoy

2804 362 2230 219 que les manufactures encherissent ie ne manqueray

2835 487 2212 209 pas vous les livrer a vres bon marchepurs que i'en

2840 597 2152 226 ay bonne provision la pasx est immancable

2829 724 2220 178 et nous l'auvons pr. la grace de Dieu plustos

2818 800 2191 262 que nous liirnaginons ce squne donnera le

2863 910 2198 224 resablissement du compere vous saluant

2827 1028 2213 192 comme madimois. vos leurs et le p sigault

2808 1162 1208 197 vre beau mere ie me dit

4073 1268 596 136 8 augusti 1712

2766 1320 521 125 Brusse alle Jtsas

2831 1337 2248 195 op oontfanck van ue aengenaeme van 5 deser hebbe het spaese

2818 1460 2254 122 laecken N 100- a 284. a 312 a ƒ 3:6 ƒ 125:15 wevelgele op gepars

2823 1542 2234 123 ende scheep gedaen gemerckt B. ick verhoepe dat het ue wel

2827 1610 2252 156 sal geworden ende dat ue het selfde naer ue contentement sal

2826 1689 2238 135 bevinden het laecken N92 is vercocht en meer als ue daer

2847 1755 2159 143 voor geoffriseert heeft soo haest het huelsck convoj met

2858 1841 2216 196 godts gratie sal coemen te arriveeren en sal niet mancke

2867 1900 2204 208 ren ue cit advies te geven waer op ue can taet moecken

2843 2035 628 137 ende dat use van

2836 2045 2160 177 sal tesend de helft van dise maent £25 op ue trecken

2757 2168 2056 197 Rotterdam John vanderhijden Ady 8 ditto

2861 2265 2170 195 ue aengenaeme van 2 courant hebbe wel ontfangen

2870 2413 2194 154 met de oncost rekeninge op mjne laeste packen bedraegende

2868 2499 2121 143 hollants courant ƒ290:8: ue abuseert sich in de vraghte

2896 2584 2148 181 ƒ 3:7 alsoo ickd ue mijn brief hebbe duijdelijck gespecuficeert

2892 2679 2164 169 wat de packen in vreght bedongen waeren ende dan

2900 2805 2039 130 en detaelt men geene avarie het gene ue oock niet

2905 2869 2103 171 en sal goet doen. de weerde ƒ6309 is mede wat hoogh

2867 2978 2117 174 aengegeven ende over het costen en sseepen: 32

2880 3102 2011 112 en coemt niet te pas want de packen transstoor

2852 3151 2208 173 worden vant te schip in den beurtman overgehae

2855 3253 2053 182 =ghen. ick hebbe altijdts gecalculeert dat de

2870 3357 2159 145 hollantsche oncosten maer op 2 prito quaemen

2859 3446 2115 124 als alles wel gemenageert wort eelde dete

2888 3589 2140 111 partye beloopt  a 4 prete dat op de goederen

2823 3636 2145 162 niet at en magh. bidde mij eens te adviseeren

2838 3739 2161 96 et e het s voor ue rekeninge oft in commissie
