5661 3880
721 46 2132 152 Sr Jean doeckmans ensemble £384:13:4 argent

754 136 2098 207 sort excusez la liberte que je prenne d'autant

770 242 2015 181 plus que jusques a present je ne peu dere vs

770 323 2070 167 avoir rendue le moindre service ce q je sod

763 421 2001 173 haitterois de tout mon coeus estant cme

790 525 1378 160 a touttes vre chere famelle

2107 641 443 141 22 Juny

641 645 1238 187 Rotterdam Piouys verbargh

789 736 2065 202 dien bij ue van 20 deser dat men het pack gerper

808 829 1999 157 en van shck tot stuck gmeten heeft dat eene

781 933 2073 214 groote preguditie aen die laeckens s mans dat

779 1022 2073 245 geraegn goet moet op doonht en oop den apprest

780 1125 2060 221 vercocht worden is het niet wonder dat men

804 1226 2055 206 in hollant evenwel voor de negotie genoen

793 1330 2061 197 is dat men sulke extors ce permittertence

820 1435 1993 194 dat noch op transctoire goederen het pack

822 1546 2021 272 g eopent sijnde costen luyden hier des verstaende

831 1667 2018 219 niet sien dat sulckeeringe soorten van laecken

813 1773 2033 280 sijn mackt men des put over de weerden op die

830 1913 2028 220 partije dan candir noit goit passeeren oft me

840 2011 2008 212 heeft het maer te benaerderen ende daer sal ul

837 2127 2025 270 tijts excrescentie vallen want niement en

841 2240 2015 212 ontriet goederen als om profijt ende dat en

852 2346 1998 207 comt geen commisen toe gy geene rechte

866 2452 1985 262 ick mejnde dat men  alleen hier te la

849 2570 1982 214 nauw was op de comptoiren en chechanne

859 2677 1982 240 ins pande maer voor waer de dese saimock

865 2819 1935 151 vender want daer en is niet gepexeert ende

839 2914 2018 158 en can men in dese saecke de recht sinngh

828 3026 2033 196 heyt ende de reden niet doen plaetsche grijse

849 3121 1988 208 revaleere ende de commisen hier on

832 3219 2027 245 lijck doen hoeken by de principaelen soo is

834 3304 2012 222 men wel mescrable dee hollant moeten pas

836 3446 1998 196 seerer watt de laeckens estemeeren oft niet

832 3553 2001 179 ue weet be  want ue heeft de oregineele

796 3657 1971 173 faiteere ik wete wel dat ue genochdaem

2996 0 2198 197 sijne dveeer doet  doen sal uk bendeer e

2980 107 2207 169 gerest en wel te vreden maer dien handel

2990 213 2207 233 n can niet als naerdeel voor die negatiene

2965 318 2229 229 den ick hebbe een ider aen gemoediofh omon

2989 429 2075 258 se goederen over hollant de laeten

2990 550 2192 216 comen ende daer langs die van vlaen

3006 683 2093 229 deren te vooerens te wesen ende doodtie

2996 813 2123 247 seylen op hoene dat men in den aege

2975 943 2204 301 bij nequeste eenige faculitijten joude hebben

3012 1061 2156 221 be coemen maer nie sien ick wel dat men

2998 1185 2129 242 sulk sal maeten staecken want op op

3022 1315 2144 205 een transifoor te reght gaet sulcka naer

3016 1402 2106 234 neden en consientie te verre jet sal met

3013 1544 2155 195 patientewachten wat ue sal connen

3014 1648 2185 192 remonstrieren ende te weese brengen bij

3002 1817 2188 162 d' heeren daer over jugewesende ende soo blijve

2995 1916 578 165 van herten

2941 1957 2137 268 Brussel henriy de Pauw Ady 22 junii 1713

3040 2122 2150 198 hebbe ue op gisteren p. beurtschips geconsigneert

3004 2248 2067 214 een parck gemerckt £300 pordre en voor

3013 2387 2152 152 reken van mons. Bassscourt van Berghen

3031 2501 2082 210 gelieft daer mede sen ordre te volghen en

2983 2625 2119 157 twijfele niet oft hij sal ue dien aengaende

3018 2757 2125 122 int passeeren naer huys hebben gesprocken

2988 2865 2185 185 den inhout is 11 engelsche en ialants laeken

3003 3030 2117 157 saemen 12 laekens en 2 blaeyen. ick groete

2960 3120 1253 155 ue hertelijck en blyvn

2939 3173 2158 205 Brussel Henry Rjssels  Ady 22 Junii 172

2999 3331 2108 174 ick verhoepe ue goet retour. ue ldekent sijn

2996 3484 2132 132 op gisteren noch p beurtschis vertrocken

2993 3598 2113 120 in een paxke gemurckt ik met de twee

3035 3688 2114 127 baijen van mons Jean Beeckmans die hem
