5632 3896
678 47 2126 190 datse sullen doen gelijck ue soon voor hun gedaen

680 181 2126 140 heeft en niet en sullen naer laeten ue te helpen

689 293 2136 196 uyt ue loons affairens iedden en bij te staen om

694 415 2151 155 schulden inte maenen alles te vercoopen ende

683 525 2134 149 de boecken bij tehaelen ende soo eenie ballance

710 637 2126 195 te trecken dat niet en twijfele oft sal ue intentie

689 759 2150 198 wesen middeller tijdt weest verseehert dat ick

701 890 1548 184 altoot sal toonen te wesen

718 1005 928 189 PS. in dorto s tout

773 1065 1957 194 ingesloeten op ue versoeck den brief van

709 1206 1302 147 heer de meester Brugge

663 1307 1793 156 Brusselle de wed: vandeborght 15 meij

776 1444 2066 148 Ick verhoe pe het goet setour van mons ue soomen

787 1521 2051 176 Jouffrouw ue dochter ende dat het paeck goit dat

791 1611 1988 181 sij bij mij gecocht hebbe en ick voorleden satr

792 1701 2007 208 dagh mjnolge hun ordre scheep gedeen hebbe

779 1817 2060 161 gemenckt s   5 ue wel sal geworden ingestoet

738 1923 2096 196 de facture bedraegende im twiss & gelde ƒ 1185:16

790 2028 2053 195 waer voor mij geleft te crediteeren ue magh seeke

807 2145 1992 171 wesen dat niet tegenstaende de goederen daerde

800 2247 2028 163 wesen sij noch beter coop als tevooren gecoht ve

770 2364 2044 175 sare hebbe als ick mijne re naer diitie hebb

755 2460 2063 207 gaen calueleeren dan sien ick eerst wat iet ge

791 2578 2047 174 daer hebbe het is onmoegelijck daer bij behoude te

775 2676 2064 201 blijven sij hebben bij een ander ooete laeckens n

792 2772 1998 215 coht ick bidde ue confrontert'een tegens

789 2898 2056 144 dander ende dan laete ne ue sellfs iet

775 2986 2072 205 strjcken aft ick geen reden hebbe ue soo te schrij

791 3097 1974 191 ven ick ben dalstigh om mijne calanten t

761 3226 2057 134 onderhouden ende te connen vercoopen maer

773 3313 2041 177 op soo eenen voet en ist geene negotie doen

770 3377 2034 198 ck moet weder om patientie hebben en mij

771 3499 2066 169 troosfen dat het ue eyndelijck eens sal in her

742 3590 2095 141 en in een ander te goede coemen dat ue rm

779 3689 2055 134 mandeeren en consideratiu te nemen en mj

783 3792 1339 50 all cx lan  en soo ele ul

4340 53 568 139 15 mey 1713

2895 50 1301 113 halle N1colas van den bergen

2951 105 2228 175 ue aengenaeme van 2 des, hebbe het sijnen bij de wl

2997 246 2114 89 ontfangen ick wete wel dat het cantonneeren vande

2988 271 2200 195 tol daeten niet weel goets bij gebrochten heeft maed

3018 360 2158 163 nue salthaest met godts gratie een eynden nee

2951 444 2211 207 ende ick verhoepe det wij met den eersten de vrechte

2962 579 2259 134 vonden vreden sullen gaen genieten de goeder

2970 645 2222 161 dip ick ue vercocht en gelevert hebbe maghie wel

2950 726 2236 207 estemeren want ue leven en sal ue tot sulxken

2940 819 2258 210 prijs niet mier gerieft worden dat ue jagh bijon

2978 914 2109 228 dervindinge gelk ick dat ue daegelijcke sien

2965 1022 2148 212 thre de engelsche goederen van tijt botst en

2962 1110 2187 259 rijs op slaen ue en soude het selve niet wille

2992 1225 2132 200 an looven aengaende de 2 roode byen daer u

2997 1333 2141 240 over claght dat hebbe alvie te voorensgeseyt

2984 1449 2149 189 dat die wat beschaedight waeren ende dat ick

3028 1546 2118 191 ue die naer advenant in prijs stelde die sijn

2998 1658 2098 199 van qualitijt soo goet als men oud onnen

2998 1736 2150 239 wenschen ende ick hebbe ue die naer advenant

2993 1842 2145 211 vercocht want sij sijn erlak in a tot

2995 1933 2134 262 bij de tost sae severtighellen gelooft m

3017 2031 2178 206 mijt daeruijt al dat daer aen beschaede ois

3007 2137 2134 193 ende en consrdereent maer wat daer goetanis

3006 2253 2139 240 ende dat ist nogh merckelijck beeteoop

2998 2326 2183 231 als ick se ue present can vercoopen ick hebbe ue

3003 2533 2174 126 minorie het gene s ue bemende mij gencom

2983 2583 2197 203 mardeert heeft om eenige bayen appaerticho

3015 2710 2167 138 den ick en sal daer niet aen manckeren als

2997 2845 2176 161 mij gelieft staelen te senden dan sal ick dises

3023 2912 2147 164 ue dein verven oock carseyen waer van een

3001 3011 2171 154 schoone versche partye hebte becoemen maes

3031 3108 2130 169 de gaederen moeten generael meer en merke

3004 3197 2163 222 lijck meer costen ue mach voor den toecoemende

2999 3303 2128 180 winter bij tijts wel wat provisie doen want

2997 3376 2139 200 tuweeer dar sal winter goet ten cort coemen

2992 3464 2137 194 soo het sant in auste geraeckt door die de

2994 3563 2153 173 lant luy den in ue guartieen van alles ont

2998 3669 2180 138 loet sijn ende datter heer wnight visie

3350 3739 1809 105 vren goederen ged oft geven wort
