5350 3889
457 57 2191 126 la tlote de londres est arrivée a rosterdam e ne d pas re

485 128 2174 125 vs auries depeche p cette occasions le ballos sas dit ne mon

492 240 2134 118 quel pay de la faire pr la premiere ett as blette sil sois

488 275 2083 172 possible et de procurer cet assotiment a mon plus grand

514 360 2141 160 advantage car il y a bien du temps q vs avez eu cette ordre

505 448 1821 144 atterdart au primier de ss nouvelles je me d

1741 556 449 108 12 sber 1712

386 530 609 146 Lons eA d'acurt

492 597 2191 153 pr reponce a la chere vre du 8 du court voycy l'acte que vs me

491 707 2169 101 demandez on fait tro protest faute d'acceptation ou du poye

492 780 2180 127 ment ader lettes de change mais point a des as so mace

490 874 2122 107 accepte dans teme prinuss ale men a

475 950 2171 108 litaires que payent quant l'argent est en caisse

487 1053 2117 103 pax pas comprendre tuttes a sortes de ch harie

499 1086 2054 150 si mal foudie se facois telle cause a en droit

515 1195 2155 126 japsendrois a cett homme des bonnes manieres il est

504 1288 2120 142 pr possible q vs peiussiez perdu ce pres ces il

522 1338 2039 165 ny a min du tout en faveur de vre partie et tout

526 1448 2110 146 home d'es pres prie facelemert compiendre q vre

538 1531 2043 141 partie n'at auta veu q je vouloir sauve pr le

544 1598 2080 177 megen de cne si la chose est en eet c

529 1709 2041 132 voy me l'avez doornné a conutre jes pere ie

541 1819 2085 100 noesez recu le balliot de marchandise pr la present

538 1866 2145 150 se m Aicvir falre d'avaitace q de recommander l'e

544 1946 2111 142 medition a peer je vs envoyeray copie du compte

550 2038 2173 128 de fraix sur lis assignetcons si bien de mons van leteer

538 2119 1559 137 di ka haye  de mons ye  n ie dis

1732 2193 453 128 14 sber 1712

411 2190 717 159 Gand J: S. Willoeg

549 2291 2159 135 Jay bier reccu en son temps s'arreable vre du 7 du patre cela

546 2389 2122 143 ay pr advvis q je vs addrive pr demain pr Parist ordinair

556 2431 2119 146 un ballot marque 6 pr compte de mr. si mons donne

554 2520 2168 123 tourray il vs plaira d'en avoir soing et de suuve l'ordre

561 2595 1442 152 du s donne sndit estant de bon gbour

1911 2678 451 124 2p sber 1712

419 2684 1073 152 Londen Scauwen et stockdaelen

551 2747 2136 138 ma derniere est du 10 du court la quille jespere vs sea bien

553 2839 2122 117 parvinue de pise vienne de recevoir la tres che da du

523 2924 182 77 29 accr

538 2965 2096 81 9 zber sil ny a plus moyen d'avoir la bonne mescire ser

538 2987 2140 125 les draps il faut avoir patience et suive le reglement

541 3082 2137 135 veus q les draps soient de meillieure qualité et bons a lad

545 3148 2166 134 vencent pre leer prise il suffet vs aures la bonté donc d'accor

524 3214 2149 150 pler le reste de mes ordres de 18 p de draps et pacter ½

558 3332 2138 144 cotton pr enveloppe meir ayez soing mr des bonne coulir

557 3382 2085 141 come e vs ay envoyee des eschantillions p ma derneede

541 3456 2133 129 et coue je vs en envoye encor icy incluse de mesme qje

564 3551 2102 104 ssuis avoir de bons cottons car ceux q m avez envoye p

554 3631 2047 104 les derniers ballots son thop moindre et point vendable

553 3675 2149 166 ne charge point sur oostende mais ven rotterdam si longtem

2810 0 2289 175 spane p par co cquliy voudle

2808 109 2266 128 pouroit sunverlier de dufficulte touschant les passorts vs

2806 183 2315 123 erez la de dans comme pr vs mesme si l'on ne donne plus

2778 271 2326 113 de convoj et q les vaisseaux an fois sont mine de ppo

2811 370 2220 106 aussy sur la holland vs ferez partjr mon ballod ut

2826 416 2186 124 Rossille mais je ne souhaitte pas des tre des premies

2827 493 2229 163 pr voir commets cela vra ce m'estonne qe m'ad

2848 594 2197 122 sez point d'avor peu mon dividement de 3 mois de

5055 623 74 103 oft

2843 659 2269 137 mis actions dans la compagnie des in des escheu est

2825 733 2201 191 jan il yen a quils en ont advis dopuis le premies

2843 796 2269 199 d'aoust je vs prie de le faire regulierement pr l'adved

2839 900 2226 160 nis come a p michiel afin q je vs peus debiter con

2836 993 2206 160 tm en compte attendant de vos nouvelles je me dat

2838 1095 2193 166 encor plus claires pr ces 2 eschantillions et touties

2849 1179 2187 129 l eschantillians sont de bonnes couleures mais prinnce

2854 1267 2260 163 parde sil vs plaest aux 2 eschantillions apport et de

2820 1360 2266 126 coe ces couleures ne vaillent reen et ne sont pas ven

2855 1439 2182 123 dables daris ces quartiers ce prcela q je vs prie de

2814 1532 1048 139 ne m en point envoyeer

4174 1589 592 126 16 sber 1312

2780 1636 716 150 Londe an de Dorpen

2809 1660 2179 231 getraege mij aen mijnen laesten van 10 cout die ver

2817 1767 2261 167 hoepe dat ue wel sal sijn geworden voorde confir

2796 1851 2227 174 meren ue mijn ondre soo voor de colcherter bay in als

2820 1933 2190 196 de s paensche laeckens: a 48 p te saemen te packen

2811 2037 2235 152 in t baeltien ider van 14 p met ½ cotton tot Jardiu

2811 2146 2260 118 leure ende doen  de 4 baeltien te maecken 2 packen

2820 2199 2213 140 soo als de voeergaende afte schepen op rotterdem ende

2801 2281 2246 169 p goede en besende scheppers den nicco te verdaeen

2813 2374 2184 144 niet meer als een pack in ider schip is het nuwe

2782 2452 2267 188 rrglement in risantie ende en can ue de genvoonelijcke

2794 2554 2220 195 goede maete niet becoemen soo moek patienti ne

2802 2614 2235 182 men ende ons aen d'ordranantie gedrae en ick roepe

2811 2701 2178 171 dat het ontaen de qualitijt nacr ue  cant ende don

2813 2789 2188 187 prijs sh soulageren d'eertock gelieft goede sorge voor

2806 2851 2255 187 te draegen woont ick hebbe slechte laecken voor

2799 2940 2269 197 mijs en onder de laeste partye door ue gesondere recom

2803 3017 2254 171 mandeere  de taldermeuwste en cte coure

2798 3156 1146 119 ue advis afiuachtende blijve

2770 3201 2277 140 24 p van N6 a N16:61 214 p van N3 a 7:6 N8 1 11 96510 met

2788 3276 2270 156 en ce derende in die prijsen soo als ue de beste quale tijt endde

2787 3383 1374 124 weerde voor het gelt cont becoemen

2793 3395 2203 148 liever lichter voor dese 2 staeltiens maer niet bruynder

2794 3486 2253 127 dese 4 stuelen sijn goede daer can ue by soorteren

2803 3591 2252 92 naer ue goiebij die ue noch beeter en raender cont becoemen maer

2794 3624 2216 131 van de 2 staelen op sijde op den rossen oftwooden recrende

2802 3682 2140 130 en begeere poset ief geene die sijn alheer on vercoop baer
