5653 3878
719 24 2145 153 compertie hell aes weeene

758 54 2067 192 can ue nmet mider als mijn pack ontflaegen

794 194 2045 194 etijgen door de rechtueerdigheyt vande saecken

787 270 2061 218 en sich selve en moet menig veelbege reden

772 389 2055 148 die ue daer bij can aleeren het is mensche

785 473 2076 249 lijck secker datter mesteie in desen eenslagh

798 610 2096 194 moet wesen dat can ue daen den heer comis

808 678 2092 250 genetael mede wel thoonen en voor honder

826 827 2043 215 die de saecke recht in den grant wel can

824 936 2049 263 uyt polsen ick en wiille daer in niet treder

832 1031 2065 278 maer heeft ue susdaenige sepece soo waerh

830 1175 2026 265 wilmoedelijckx dat men ten onrecht soude

833 1343 2052 171 moeten bloeyen ick recommandere ue mijn

816 1431 2061 249 saecke als eggen dat ick de selve heerterjie

826 1560 2046 216 dicatur hadde daer men nochtans soo naee

852 1682 1966 235 is ick soude daer weynige swaeregheyt n

839 1840 776 171 maecken blijve

659 1881 2194 287 halle nicolas van aen berghen Ady 16 Junii 172

812 2039 2044 206 ue aengenaeme van 12 deser hebbe wel ontfangen

798 2179 2105 185 ende den ingesloet en aen mijn en broeder behandien

819 2263 2003 193 de geordonneerde ƒ600:- wisselgelde sal ick

831 2383 2055 145 Eerstdaeghs op tf Janssens tot Brussel treeken

808 2483 2066 234 mij hebben met laiber gesien dat hetf ue doghter

839 2620 1845 169 in corte daeghen staet over tscbemen wij

809 2722 2066 169 sullen de selve verwaghten ende har lagement

798 2830 2092 232 staet gereet. ick bidde ue dat de selvevont dat

815 2982 2041 153 deppaiser niet nesten doet van op een ander

825 3037 2063 242 te gaen logeeren. met den vrede cam gebeuren

846 3196 2046 200 dat wij ons deere wel eens sullen geven van

835 3310 2020 172 ue iusgelijckx te coemen besoeken aengaende

847 3416 1984 196 de roode bayen daer ue soo over elaeght

831 3542 2060 152 ick en hebbe die int oppacken soo slecht nie

680 3624 2206 203 bevonden niettensins ich en ben soo onredelijck

2949 59 2137 155 niet gelijckx ue bekent is dat ick presendeere dat

2979 169 2067 217 ue op mijn goet soude verliesen oft schaede

2953 307 2114 192 dosen maer ter conparie ick pretendeere ue

2986 431 2056 169 altijts geerne en met seel flaisir in alles te

3014 526 2026 229 das intresteeren. het sal nu mede gaen tijdts

3026 656 1831 199 worden ingevalle ue eenige geverfde

2980 775 2084 220 goederen noodigh heeft Iick hebbe can seer

3002 887 1994 200 schoone partye van car sey ien en bayen

3014 1025 2147 186 becoemen jufr ue dochter can die hier sijnde

3009 1113 2046 206 naer haer contentement versoeken ende

3016 1230 2144 186 staeltiens mede brenghen ick oordeele datter

3023 1349 2147 181 nu met den vrede regent het winser sa soen

3028 1455 2116 230 groot de biet sal wesen want de boeren

3010 1589 2115 139 oft lanstlegden sullen hyn gaen clleeden

3018 1704 2024 190 ende herstellen en de denct het winter

3010 1827 2054 158 sasoen soo als ue bekent is en can

3013 1932 2138 159 men de goederen soo niet gereet maeien

3007 2046 1934 157 ick blijvte nevent mijn heby svrouwe

3018 2164 1479 174 d aen Jofr ue reminde

2931 2266 2143 253 Mechelen Jacobus Paradaens Ady 17 Junii 173

3031 2435 2129 156 tot  antwoort op ue aengenaeme van gisteren

3010 2567 2153 135 soo sende ue ingesloeten twee staelen seer wel

3026 2666 1947 133 accordeerende cort, gene ue my vraeght te

3042 2769 2121 178 betaelen tegens ƒ 2:8 p . ue daer in gaedinge

3041 2901 2151 193 hebbende gelieft int maer te commandeeren

3038 3020 2111 159 als mede voort gene van ue dienst voorde

3008 3129 2099 155 magh voor vallen weest verseekeert dat in

2965 3254 2073 164 elle occasien sal wesen van herte

2924 3355 1989 242 Brussel Joannes Haeghens Ady 17 d

3039 3505 2083 173 naer dat ue de laeste rijse van hier vertrocken

3020 3643 2162 122 wels, soo heeft mij den procurator van de Augustijne

3037 3725 2069 109 silhier voor ue reken getelt ƒ 77:5 wisselgelde
