5527 3906
1704 46 54 74 A

697 52 2247 165 op Gillis fchamis op d sicht pr catse courant ƒ300:

734 144 2206 158 waer voor versoeke de weerde gelieft te voorderen

711 268 2237 194 en mij te crediteeren. men verwaght hier daeghelij

721 366 2159 192 de publicatie tot het eireuleerender spenen

728 480 2161 207 soo als in vlaenderen dat by provisie ghendt

782 603 2160 182 tot sprito doet daelen men weernierom wat

766 708 2119 209 reden sulckx soo lanck getraineert heeft ten sy

754 810 2170 250 uyt eenige formaliteyten soo sommige segghen

789 928 2025 206 den cours dieer spetien en can aentland

751 1023 2223 236 soo ue gelieft te needen geen quaer bij brenghe

759 1154 2174 250 ofter sonmwylen by geval brieven tot redelijcken

739 1264 2178 221 cours op londen te bescoemen waeren hebbe

746 1373 2198 234 die altijdts noodigh gelyck voordeten nogh

784 1476 2180 255 gemeldt hebbe als die van laisfactie wesen

769 1578 2186 238 sulen mij altijdts aengenaem sijn. ue van

785 1726 1260 192 herten groetende blijve

661 1789 2291 300 mon A Detort Ady 18 tor5 1717

818 1943 2151 217 ie recoire la vre dhier. ie vous y feray responce

801 2095 2144 149 au premier car ie suis trop presse apresem

802 2167 2082 192 fricy eschantilions t pslus aprochants

820 2302 2154 150 n vre ces sont deux, liesces qui contien neme

836 2419 2117 147 aux eeuvirons de d ƒ80 enssemble pour vous

791 2517 2106 211 faire plaisir ie vous les donneray encor

800 2645 2152 192 a 36 chattars moint de ƒ222 il ny en apla

831 2758 2145 159 a avoir vous scavez si bien que moy qui les

824 2828 2154 181 marchendises sont encherres. sil vous dussen

854 2957 2097 202 respondez moy cito comme aussy au resquar

877 3064 2087 207 de la baye bleuse de quil poin que vousla

812 3169 2126 187 ouhaittez cas vous ae m'ess faittez aveu une

866 3260 1651 196 mention ie suit en attendant

2126 3381 855 171 Ady 20 Aproll 1714

690 3387 1031 193 Dornick Simos Donné

2901 3542 57 59 o

854 3473 2063 204 ayant reccu lhonneur de la vre du 10 du iourant

844 3607 2123 116 1jay envoyée vre remise a mois Amis de hand pour

854 3671 2100 168 ep procurer le payement de ƒ300:- argent courant

3000 75 2295 134 largent restera la comme les especes comme les especes

3028 178 2288 171 que vous y avez envoyée. ie u'en peu disposer a cause de

3036 257 2306 196 la perte du change commiute vous jay donne a counoistre

3033 362 2243 209 ies suis tres content d'attendre un peu pour vous sou lager

3047 470 2178 176 et voir si ces especes auront coumt p. sey comme eu nous

3035 567 2254 189 promette quelles auront despers ensoar ie ne peu faire

3045 717 2088 147 d'avantage  g m a maarque que le sacq d'argent

3051 766 2188 217 que vous avez fait livrer ctimains, de mons Baut

3081 875 2196 226 a gand doibt rendre compte de ƒ1000: selou le cour

3057 1000 2265 242 que les dittes especes our enflandre sur cela j'ay prie

3085 1108 2228 210 mons Baus douvoir lesacq et de m'en envoyeer le

3075 1225 2065 175 compte. comme il a faites dont vouy incluse

5253 1297 75 107 ƒ

3053 1323 2256 153 exfraiet de la mes me poice cetil ny en a que pour

3061 1436 2192 209 ƒ 968:- ½ on £161:6:9 de change voycl cosiquos

3068 1551 2209 199 cela difere et marquez moy ce que vous souhaittes

3092 1658 2066 202 que i'en passe car ie n'ay quorde d'en disposer

3067 1771 2229 157 avant d'avoir vre respoce. c'est und veritable

3079 1879 2197 154 misere comme on sorbt negotier a present: iispere

3066 1971 2181 238 qui slira mieux et que le tout setaregle ensbres

3075 2090 2054 150 lr un bon pied ce que dieu vieulle. ie ne ples

3078 2186 2163 132 comprendre comment il est possible que ne

3093 2291 2080 202 titez de la marchandise depuis si long temps

3085 2411 2180 144 vous voyez que ie fait toutts mes desvoirs possibles

3093 2491 2082 167 pour vors aninner et vous sauver de pertes

3029 2596 2214 188 du change et ie ne mairgueray Iamgis a vous

3124 2691 2120 190 bien servir ayant toutte sorte d'assortiments

3109 2794 2115 191 imagnable. iespere que nous aurous bientose

3109 2944 2134 135 lhonneur de vous voir ou mad. vre esponse

3341 3026 163 81 nog

3110 3026 2111 180 et que teront quelque chose p cnsemble sur

3097 3127 2094 143 e la ide vous baise les imjairns et suis de bon

3111 3227 321 148 exc

3362 3259 169 130 12d

2982 3261 2260 232 Amsyed: fran Rousseau Ady 23 April 1714

3100 3406 2200 175 beyde ue aengenaeme van 16 en 20 caurt hebbe wel

3094 3545 2198 123 ontfagen . hadde wel gewenst ue my op uss tot g

3101 3646 2194 129 hadde geremitteert op hhendt redente apparn

3096 3715 2205 95 vermeerdert dat de shansche spenent in breb

5353 820 48 100 e
