5650 3895
809 37 2145 179 ƒ888 a 12 se £178:12:1t soude besorgen het ena

820 134 2074 186 hadde al uyt gevonden gelieft mijn advant agt

837 215 2089 210 maer te nemen het  presseert niet ende daer

812 305 2109 286 bryeng mij £100 op londen te remitteer

814 401 2103 265 ue het opt laeghite sal oondec hebbe van

2547 547 343 130 siyndeen

833 529 1857 215 imtentie geweest ue tot dieneynde verder

838 611 2064 240 remitteeren dogh weynigh oft geene brieven wasser

864 715 2060 304 wills als tot  a ¼ te doen soo dat dese bristeyst

861 814 1852 285 hebbe laeten voorbijgaen. wat aengaet de

867 934 2075 255 bewuste affairent ick ben droef ue soo clijnmoedigh

848 1030 1967 266 il ende jaerom en is het wiest altoyts goet

864 1168 2017 249 sijn senvnert oft gevoelen ten placken tegeven

819 1312 2080 193 wat reden connen ue tot noch toe moveeren

843 1401 2012 250 oempositivelijck die affairens te stacken daer

855 1538 2019 228 en te geene negoieijte drijven oft daer maer

861 1638 1942 212 eircomspectie wesen. mij in emploge en is

897 1772 1955 162 van iusdaenigh emport niet dat ue sicn moet

904 1846 2051 207 in swaere crisico stellen ende daerom verwonden

843 1945 2098 222 ly dat ue van eene ende de selfde brieven

849 2062 2097 197 tot £1700 quaeme te aeveerden niettmin

831 2185 2124 204 ick laippouneene dat die wel betaelt sullen

860 2291 1994 200 worden: die inegene en cen voor ue niet

858 2404 2091 236 qualijck u a ue goede mesuresne

852 2513 2096 191 want door de selve wortien verder gerepiteert

902 2610 2043 202 soo dat ue magh rekenen het syne couvanent

873 2755 2075 187 en intrest te oesen, ue diet dat ick ue iamst

882 2845 2010 183 ao veel behertighe als de mijne ende gelt s

891 2968 1931 185 maer resteetie te nemen dat ue sicke voor

894 3082 1985 173 niet te groote sommen op eende de selve

872 3171 2050 214 darsoonen en engageer ende daer en sal

879 3280 2051 219 geene swaerighejdt wesen want ick en sal

907 3393 2006 185 noeydt naerlaeten ue kenbaer te maeken dat

921 3538 1868 128 icknet goede consegennie sal conmen

909 3629 2043 146 achter haeen ende oordeelente con veureeren

3039 36 2112 173 weereltsche asfairens en sy di soude onrult oft

3033 131 2177 172 visico niet te dreven ende daer moet men sich

3035 217 2062 217 in connen stellen oft met geene bemoegen

3041 337 2049 197 st mieuis clistodierircivitatent trustrez

3017 447 2212 184 vigi lat qui custod aut wat ue mj gelieft te

3018 528 2230 239 luggereeren wegen, beleeningen op obligarien

3041 661 2187 207 oft effeeten tot 4 jaers wille geerne mijne

3027 772 2038 192 spaculatie daert over laeten gaen ende ue

3013 867 2213 232 toe segghen voor £1a £2000: - als ick daer

3049 977 2084 179 van cclaistissement en securitijdt hebbe

3049 1087 2212 213 ende dat sulckx met goede conscientie mage

3034 1207 2176 210 geschieden te weeten als men vaste besettinge

3027 1302 2198 230 hadde ende daerom bidde mij dienaengaen

2999 1433 2249 191 de wat large ue ditti henbaerte maeken

3039 1554 2213 172 ende in antwoert deser te laeten toecoemen

3020 1661 2185 174 dese puneten geraweert wee sende en cander

3025 1774 1984 159 niet obsteeren als de tegen woordighe

3029 1898 2082 127 des avantasi eu saivissel die  re a

3046 1984 2120 196 dary schilt watt ick mayst ue wel

3025 2097 2212 162 segghen dat ick niet en sien verder niet

3032 2198 2011 212 ofte begoeme goi te coemen hetis

3031 2308 2220 159 drowigh hier ie lande brussel gaet present

3124 2463 2073 171 t & verlies ue resteerende brieven op

3063 2543 2195 211 rat en Pima hebbe daerom moeten op senden

3008 2662 2243 206 aen ue moeder met ghendt salt selfde weten

3047 2755 1998 206 want brieven tot   peto verliet in

3067 2888 1926 189 abondantie en weyisict oft geen geldt

3067 3000 2065 127 soo dat ue jaere oordeellen watick can

3013 3096 2231 163 profiteeren ten sy alleen neyoie te ueken

3007 3220 2195 164 o hoepe de ellendighe teden eens sullen

3052 3321 2001 188 veranderen dat sodst aen ue en my

3063 3436 2205 181 gelieve te verleengen opdat alles niet mender

3042 3534 1979 147 lecuritijdt ende succels magh weten

3073 3638 1467 195 sijnde van hertene

5321 640 95 105 Busst

5297 780 214 138 m. on

5380 886 90 87 Jw

5319 1115 88 142 gd

5307 1223 57 86 bontn

5319 1298 75 83 1itt

5402 2398 47 70 „
