5630 3890
813 46 2137 133 aen d'ordre h peeter van jock te betaelen op

808 114 2149 210 sgcht recommandeeren het selve gelieft te ver

826 227 2099 163 heeren ende in alle occasien te commen

836 320 1292 205 deeren liberlijck die blijve

2103 384 812 231 5 January 1714

704 436 999 221 Brusselle J:b beijdaels

849 495 2049 259 in longe d'eere niet gehadt ue over te sien ofte

873 578 1999 279 eenige van ue commandes te becoemen ick

881 660 2030 256 moete het aen den slechte tijt mede contre tie

877 810 2066 214 eren die ick verhoepe met godts heelpe eens

874 878 2119 284 sal veranderen andersints waere het om moe

891 1022 1922 201 gelijck de negotie te connen blijve onder

865 1121 2033 247 houden ick neme p desen de lebetijt en

859 1240 2122 258 aeng ue temende van herren tewenscken

880 1370 2009 246 alle segen en prosperetijt in det begonnen

872 1449 2087 247 nieuwe jaer met veele volgende tot conten

872 1560 2073 232 tement en saligheyt en met eenen te ver

892 1656 1950 259 soecken soo veel goetheyt gelieft te hebben

905 1749 2051 251 van mijn grato dat ick op ue trecken ie be

896 1850 2067 253 taelen aen d'ordre r oan hoch van

888 1939 2092 276 ƒ400 o preck op secht te verheeren ue sal

893 2054 2073 260 mij plaeser want het ommoogelijck te gelooven

885 2184 2013 224 is wat moeyte ick hebbe om m en dan bij eente

918 2336 2042 232 crijgen dat men in de negotie noodigh heeft, ick en

906 2409 2060 260 twijfele niets oft daer sal met het aenstaende

896 2522 2067 280 saeroen al its tot ue dienst veervallen met

936 2644 2048 231 ue nu in soo langoneets en heeft gecocht en

914 2756 2083 220 tot dien eynde presenteere ue mijt dienst ue

902 2868 2089 174 verseekerende dat ick soo schoone sortement

807 2973 2196 187 hebbe van alderhende nieuwe moede couleur

926 3082 2059 198 laeckens verschgecnegen ende anders goeder

945 3167 2039 219 naer alvenaht als ue met oogen hien cas

969 3318 879 206 blijve van herten

2303 3319 671 186 9 Jannuary 1714

809 3421 936 159 Brusselle P van Gock

962 3447 2015 211 ue aengemaeme van 19 passato geaf mj te kenne

956 3566 2021 184 datter geen bruven in cou orp hollant als tot

956 3682 2007 160 3 prt waeren te becoemen sedert is dat hier by

3075 0 2272 192 2 pass  e door dien den ages 2 & was pesaelet

3059 54 2259 246 genotiert die e op a 3  a 3 ¼ vs en en ancs

3041 238 2264 129 2 a 2¼ en ½ pe geloove die wissel tegeniht

3076 316 2235 163 ejnde van de macht sullen verenden en want

3086 408 2243 183 de oorsaecke is de sevaerikij t van het casgelt

3099 513 2152 182 dat tot de losterge moet wesen en tens

3100 609 2141 182 2 deser betaelt worden door de geene die

3118 729 2114 185 daer in ne paert hebbe genomen hebbe

3113 825 2212 214 van londen advis dat het briefke van

3127 960 2213 230 2 op a miles philipson voldaenis doh

3128 1082 2194 181 dat hij niet meer als 5 en 6 g voort preten

3133 1197 2128 205 heeft willen betaelen soo datteriets noch

3157 1314 2170 210 male blijft geloove dat de wed: mosse mais

3144 1415 2112 225 nu sal voldaen hebben ende oock dat doeen

3131 1561 2226 202 dan iets op rek sal hebben gebracht in gesloee

3128 1682 2131 193 ten remitteee ue wisselgelde ƒ 1354n5

3146 1796 2135 178 briefkens als aen den volt deser waer voor het

3143 1901 2097 223 noodigh gelieft te besorgen ende in ge

3163 2020 2072 212 men sijnde mij voor tes crediteeren en met

3147 2140 2091 219 occasie iett van securetijt vooreoemend

3159 2261 2121 199 met advance op tijt mij gelieve te remitte

4573 2410 715 131 8 Januan 1714

3147 2402 712 162 aen die blijve

3021 2507 1081 147 Brusselle Chistiaen seyers

3086 2515 2206 192 ue aengnaeme van gesteren hebbe wel ontfan

3080 2632 2235 224 e Ick bedancke va van her te over ue goede wen

3071 2710 2171 214 sehinge ende doen het soo aen ue als aen di ue be

3086 2803 2182 279 mende ende gehele de familliu nevens mijne hys

3095 2926 2115 236 vrouue recersque lick biddende den hiere

3106 3029 2140 238 ue het malcanderen noch veele saeen

3118 3168 2085 176 volgens mioegen reateeeren tot salighyt

3118 3264 2092 226 het is waer gen tijt teer ellendegheris ende wij

3122 3380 2123 173 ons met de hoepe van beternisse door eenen

3131 3452 2135 196 lanck gewensten en nu eyndelijck aenfaene

3157 3559 2093 223 genetaelen vreden verblijden doch ick nebb

3122 3669 2128 147 het ne van veelugaeren ondervondens ende

5301 2945 145 144 24

5336 457 70 111 n

5341 541 103 121 g

5349 777 155 151 us

5370 913 78 110 d
