5274 3889
433 62 2114 165 de draps mais si nous frannez que les manns aller  sant

438 157 2026 140 rencheries ditx may vre sentiment de h'en sauhaitte

459 229 1995 147 poient sunstoit que de faire un emplaye ne pudiesable

463 331 893 161 vous saluant  me dis

1642 359 773 160 adij 8 meij 1712

287 425 1118 159 Mecheles N:C. fay dherbe

493 477 1952 143 ue aengenaeme van 26 passar en drij deser heblewel

510 562 1986 159 ontfangen achter boegens heben vvan den boede 6 vants

499 668 1918 154 inge volge mijne i hem mede gegeven een en

500 732 2016 164 seuijntigh sjudens en retecestgaens wissel gelde dat soude

498 840 2021 111 in voldoeninghe  moete wesen ƒ 71:8- als ul gelieft

502 891 2028 124 hieuste rekl te maeken ben tot 18 dienst et cile londitie

500 980 1961 117 den tijdt san eens beteren en den wede comende sal

514 1056 2062 132 alles als bourens sich herstellen tot dien eynde presentese

519 1154 1469 124 ue mijne dienst en blijve van herben

1894 1202 582 118 ady 7 mej 1712

296 1225 901 141 leeds William oohtson

506 1269 1992 157 Jay bien resen les aggreables tres du 26 mars:2: 12: et 6: du

508 1355 1953 149 court avec facture cannessemet et eschantillions de de nme ballots

499 1426 1942 148 N° 27 et 28 charge pour Rotterdam dans les vaissensise de

530 1511 2032 118 villiam mantle du ballots &29 je n'en fronne pas la connesenmest

530 1562 1972 152 j'espere nonobitant que le vallots sera encore remie en temp lar

519 1631 1979 117 Jusques qu a le cang hans n'avans poient en care de nonvelle

533 1686 1931 125 de l' arrivee d la slotte, an herguard des eschantillions leux de

523 1750 1945 140 N 29 me paraissent assez beaux et bonne marchandise mais 27 at

525 1823 1945 127 25 je craigae que nes drases ie foient trop grossie enfin je n'es

526 1860 1981 143 puis pas jager a mores de les avois ven mais je me plains sort

515 1927 1899 141 dn ballots 26 que jay recen les draps sont li dure delaine es

552 2009 1925 116 groffiere comme des draps de ƒ 2:6 a 3- il vous plaita

523 2071 1897 158 depreparers eulore sepfante dense demse ps de draps 48

567 2136 1889 134 de  3:6 a 34 n'excedant pas et 24 de 4:6: nexcedant

565 2231 1902 121 pas 35 conform en coaleur aux eschantillions cy incluse to us

548 2279 1880 127 genevalement et spoient d'autres couleure a paeter en sise

550 2357 1861 131 ballots Chaque de 12½ avec deux Carisces d'fardelure et les

521 2423 1940 131 deux ballots dans un grand ballots c'est a dire en trois, grand

536 2501 1961 122 bullots oultre je voudrois ien frois ballott de bayes de  48 a

510 2563 1946 122 £50 pas moindres chaque vaslot de 40 ps en tout lent et

523 2631 1896 121 brugh ps mais je veax de finnes bayes je ne requerde ras

551 2684 1876 157 pas a trois en quatres eschellins de bonne et finnes fillrre

528 2764 1900 128 ien foudue et alsomode entrement je n'en vense pas je

543 2841 1867 114 vous le dit sont francy je ne reguard le posent au suite

540 2890 1953 120 de les vense bont exrrmordinaire s'il ay en a soient an

526 2988 1968 99 marche vous n'avez qu'a les faire faire loestres, vous anez

547 3033 1862 127 la belles sagn es du temps assie il ay a rien qui presse

538 3088 1950 163 a chaque ballots de bayes mon y metterez aussij deux y

530 3193 1957 120 de carsee pour fardilute oulbre en ballots de bayes de

554 3245 1906 130 36 de 40 ps de walngley et poient d'autres des plu

560 3296 1928 126 carieuse qu'il gat a fronner aussij vn ballots de 40 ps

545 3373 1968 136 de les bayes saperfiaes comme vous m'avecz envoyez

536 3418 1950 174 pr l'annee passe=, je n'en beux soient de moindre sorte

551 3501 1961 148 comme vous en avez invoies a d'aultres, mais plus tott

563 3554 2007 204 plus fineus si vous les pouvez avait en fin se preschd

2751 54 2230 80 equit y & de suns larreux car de vous ay envoyes de la

2770 114 2233 109 marchandise ordinaite qu commune se les lasseray tout syr

2782 188 2218 125 vve coempte aussij faitte les frondre et dressur. voily remise

2782 237 2215 130 ll  200, du 11 d'avril passe 2 ufaye sur le fr acques

2710 312 2064 166 p chavre in london atendant vre re pouse je me dit

4294 376 734 139 ad 9 le 7 mey 1712

2700 402 1052 154 ondan Scaulren etsoendale

2801 455 2224 141 ma derniere cet du  du court aue c vnes procuration pour mes mille

2798 522 2248 143 liures sty pour que vous allepriez pour mon comptee dans la ipuq

2810 579 2170 182 des judes j'iepere quelle pous sera pastianne pour le present car le

2810 641 2179 181 veut a este tres favorables jen attend bos noavelles et le compte

2792 712 2231 177 doge van kremier depuis je suis rembousse de la lettre de  £100

2799 794 2227 184 sur messes soiton et jaignicer par le protest et le seconde lettre

2798 850 2208 167 que j'avois icy en avoir donne quillance mais the autrefois ne

2799 961 2229 128 manque pas bee m'envoier les letres en mesme temps avec le protent

2789 1028 2253 116 il n'est dont plus necessaire de faire autre deuuse en protent a licheance

2818 1083 2136 144 en las que lette ma lettre jenue enlore en tomps ayex sesulement

2810 1141 2218 148 la voute de me erenvoier la premiet voicy ie cluse vemise de 169:

2821 1195 2141 167 15: 11 du 12 d'ausil e sance et suik cour sur le fr en lambert

2837 1276 2183 151 dont il vous plaita procurer le necesaire et re crediter en compte

2829 1347 2178 166 Jay hier aequitte vre traibe en faveur du lr daniell haete. de

2840 1396 2141 166 : 600, et vous en bebiter en compte je voudrois bsen en ballots

2814 1473 2093 179 de swankins bayes de frente ps de zy ou my rouge comme

2825 1547 2116 157 mane envorez l'annee pasée a 60 avec un demie lobon pur

2825 1631 2096 149 fardesure bisso un ballots de lreate p ance demie leten de

2844 1697 2125 134 tandelure de colchester bayes a l'ixyere blens d'une bonne et

2839 1775 2099 142 fijnne gralite, mais les dernieres qui constent 25 a 26 6 de

2839 1841 2169 155 iplus me viennent trop hault en prise, achetes en ven bonne

2818 1889 2219 188 soite et d'une bonne calite sant pour les ebleherta que les seraahins

2830 1967 2182 161 bayes a vre commodité et a mon plus grand avantage

2830 2043 2155 181 possible car il voy a rien qui presse je n'en ait besoingeg ae

2817 2099 2153 179 anders le mois d'aoust et de sbre pour vre gouverne je

2838 2210 1135 168 vous salve et suis en attendant

4280 2259 632 139 adij 9 mey 1712

2686 2306 1051 135 Rotterdam John vanderrstejden

2822 2356 2220 121 aengename 22 en 26 april en 6 court hebbe wel ontfangen

2820 2459 2152 104 engevolge den eersten vs couform gecrediteert voor ƒ66:5 hollants

2840 2522 2116 92 coust voor den costen op de baele on 8 die het het sijn tijdt

2831 2592 2163 84 wel hebbe becoemen dogh versrondere y3 geene reke court en

2832 2625 2124 145 sendt. ick sal 82 niet remitteeren voor al eer wy te saemen

2832 2687 2039 120 adiastement, hebben want ick wite effen rck maeken nde

2840 2748 2183 121 conscham scheepen en hebbe oeyt geen intrest maer in die bay

2832 2812 2156 129 falle die 168 godts danck salvo melt sijn stee paeken aen boort

2845 2876 2163 133 Willianm mante N27 en 17 van 4 hout en weerde als hier onder

2852 2932 2134 132 dere pack moet inbraeght betaelt voor 24 posintiens 12 stt

2844 3025 2143 120 18 sbij mots dixadvoitare sijn gecoemen gelieft die mij soo

2848 3064 2028 154 haert moogelijck sier een goet bertmar toe te senden

2846 3133 2135 200 souden tanst: daer is naer alle apparentie noch een

2852 3242 2139 152 pack voor mij pant selfde merckt N°29 inde bloete

2828 3294 2176 154 maer reete niet in wie gelaeden gelieft daer naet e

2818 3357 2043 175 te doen inforiveeren ende dan advier te geven en

2815 3487 809 120 afwaghtende soo blijve

2748 3517 1124 117 te aen voor 6 william mans le

2823 3480 2170 226 n°27 met 3½ dosijnkens op 18 ider gereduceert weerto st7 ƒ 98:1:3

4568 3571 398 117 4n ƒ 101:3:6

2820 3626 1417 109 N° 28 met 4 ditto dosijntiens weert sterliate

2834 3654 2016 166 eenighe carseyen vrappers die nieten betaelen soo als u2 bekent is
