5575 3892
628 48 2283 162 dat de ste £10:10 verschenen ot michiel uyt mijne lotterije.

710 142 2208 165 briefies u sal wesen ingecoemen mits dat ue die in rekent

734 217 2188 203 courant noch niet goet en doet de tijden worden slommer

723 307 2197 193 en slimmer en ine sinceriteydt daer en is uyt de ufa

723 412 2031 175 turen niets meer te haelen. hier en daer wort het

744 495 2150 233 aengenaemste couleur uytgchipt ende de reste blijft

746 603 2194 201 ue aen de handt ue en can niet gelooven wat quantie

736 691 2170 220 laekens ick bij mij hebbe en niettegenstaende wille ick

738 832 2102 204 die sien aftesetten soo ben wederom verobligeert

776 937 1959 208 eenige nieuwe moede couleuren te osbieden

2690 1054 57 60 -

771 1046 1935 212 soude geerne  hebben van 38.9 a ƒ110 niet

777 1136 2116 166 excederende in twee baeltiens ider van 12s met een

743 1230 2173 235 ½ cotton tot fardulure en dan in een gepacht als de

816 1330 2060 196 voorgaende oock 24 p van ƒ15:6 a ƒƒ6 en 36:6 niet

788 1415 2126 190 excederende op de selve maniere alst boven gepackt

786 1540 2141 174 te senden voor Rotterdam ende de vraght te bedingen

766 1619 2055 185 en niet aen boort te doen voor dat ue niet dat de

755 1741 2056 193 schippers sullen vertrecken niet meer als eene

1535 1846 171 79 lalt

786 1850 2112 189 baele in een schipp. het sehende ende goede prouwe

790 1932 2104 185 schippers wesen: ick re commandeere op alles dat

791 2053 2090 161 ick op ue vermagh op de goede qualitijdt en breede

801 2137 2102 195 wel te letten oock op de raerste en nieuuste moede

803 2269 2046 144 couleuren en gelieft die met ue staege in te coopen

808 2361 2043 182 en niet te presseeren. voor de soorte van R:6

804 2435 1987 191 a ƒ16 sijn de schoone canneele couleuren en het

812 2559 2114 187 bruijn staeltien dat ue over eenige maenden gesonden

812 2639 1932 224 hebbe goet maer in fijndere soorte niet tot ue

819 2754 2008 246 governo ick en vinde niet veel varstijdt in de

804 2851 2093 198 estaelen die ue mij sendt niettemin dat ue eenen

835 2973 1992 181 boeck bij ue hielde ende de selve staeltsens met

837 3123 1855 145 nombers teekenden dan soude ick met de

821 3176 2064 170 nombers comen aen wijlen wat ick daer uyt

833 3336 2066 129 desireere maer in bes ick verobligeert van

818 3402 2079 178 de selve staeltiens weder te senden uyt den

832 3523 1992 161 royen en rossen absout niet een 6 die sjn

852 3653 2075 144 i vercoop baer alte licht van couleur en begeert

829 3717 1954 124 len ooek niet iseer en daerom nemtt roy y de

2967 99 2340 120 nieuwsse en raerste mengelingen dieder te becoemen wesen

2962 150 2322 166 want ick moetter me bij blevende mede doen passeeren

2971 246 2146 215 uyt den groenen, uyt den rossen, ouyt den gellen oft uyt

2975 376 2094 146 ten lichten reckende couleuren sijn hier presentgants

2980 457 2161 210 gnver cooptaer. alles opt brijgn aencoemende gelijck

2982 569 2037 173 eenige in ue gesonde ne staelen sijn cleijn en wel

2978 699 2180 168 gemengeldt sijnde alderbeste ende daer op most ue

2989 760 2085 218 refbecteeren: ue moet oock het mercn op de

2974 870 2133 200 packen veranderen die syn te seer bekent  i

2984 979 2203 196 toekoemende de connossementen aen ue ordre

2988 1118 2109 145 doen maeken en dan aen my enderseeren

2995 1167 2268 233 p haesten sal sien ue oprekene te remitteeren

2974 1293 1527 172 en voorder schrijven en blijve

2952 1402 2091 187 London scawen et Stochdale. Ady 12 mars 1714

3010 1507 2221 210 jespere que ma derniere du 28 febvruer vous sera

3794 1622 162 84 tia

2990 1659 2247 151 bien parvenue avec remise de  £100:  du court

3001 1740 2250 189 2 usences a charge le S Chailes Bollengeer, ie vous

3004 1840 2102 186 ay prie la vouloir dis compter et m'en faire

3005 1954 2268 158 remise en cas que voules auarantir pour les remites

3013 2051 2276 225 a ½ prete et compte de discompte pour  vo un

3020 2165 2233 192 volcy la seconde lettre faure que lle premiere

2987 2309 2253 164 ne vous soit parvenue avec aulvre lettre de

3009 2431 2161 159 £100:- du 10 du cour sences a charge les

2991 2514 2282 176 Dours la conde vous la dis compterez de esme

2995 2599 2250 176 sil vous plaist et m'en ferez  retours a chuse

5256 2671 107 120 d

2988 2734 2243 172 que ie vois le change de ehez vous p. les dernieres

2986 2814 2282 208 lettres arrivee hier a ƒ37:10 et que ie mimagine

5283 2864 96 116 ane e

2990 2958 2394 177 que cela ne dera pas de duree. attendant ie me

3240 3045 197 100 l

5264 3070 100 91 k

2962 3040 1258 203 Amster. Tranc Rousseau

4208 3039 962 198 Ady 12 meert 1714

5254 3176 111 129 bdij

3036 3218 2104 124 ue aengenaeme van priims en 5 deser sijn mij

3008 3284 2194 177 wel gewerden aengaende de remise van ƒ400:

2997 3377 2143 157 daer bij vermeldt en is geen afaire sal daer mede

3001 3535 2214 109 paneuie nemen. ick tren dat het voor cossj niet

3012 3621 2217 129 lucken en wilt Rotterdam geeft beeter advantagie

2994 3728 2134 83 en het beste van al londn brieven van d

5278 1257 68 125 d

5280 1394 76 96 es

5274 1630 151 161 bon
