5575 3892
752 39 2140 164 ler mons Jan Bapt. oflexis payable le 8 court ƒ200:-

710 156 2181 197 Lud Mont JBapt Bockmans  „ 283:5

717 302 2136 197 Su mons Jcan haeghens au 25 mars „ 300:-

2426 355 467 206 ƒ 382:0

569 503 2293 225 Rotterdam Donys verburgh Ady 5 meert 171

741 654 2098 150 mijnen laesten was 2 past. waer over ben sonder

706 754 2148 198 deere van ue antwoort ende dat nu een maendt

755 865 1984 224 geleden. ick en geloove niet datter laeken sen

767 979 2122 167 affaire smands can overcoemen oock en can

762 1077 2121 186 sick niet bedencken hoe het moogelijck is dat men

745 1185 2125 222 gmandt sulcke preiuditie can aen doen ue weet soo

775 1300 2133 191 wel als ick door de origineele facture wat trante

704 1390 2049 195 daer begaen is ende niet tegenst aende soo

772 1486 2118 261 gehandelt te worden is buyten iustitie, in niet

811 1616 2079 174 een droeve en ellendighe saeke daer men van

796 1725 2131 211 Godt en nanire de libere riviere nevens hollandt

763 1827 2062 206 is hebbende te moeten overslaen ende een

791 1948 2033 184 transitoor recht betaelen ende daer aen noch

817 2036 2014 172 obedices ende soo getraet eent te worden

813 2163 2074 182 het schijnt dat de gront regelse van alle wetten

835 2275 2087 198 onder de voet geraeken want men weet nter

796 2378 2095 165 meer sich addresseeren als neu gepraemt wort

816 2448 2093 205 om istitie te becoemen. ben ick plickrgn dat

809 2592 2097 159 men vounis geeft ende de weerde rembourseert

811 2671 2093 202 ben ick niet plienigh dat men mij mijne goederen

828 2777 1852 201 ourslaet ende eynde van saeken maecht

797 2889 2012 228 pardonneert mijn schrijven want het bitter

830 2979 2006 211 gevoelen dat ick noopende het voorgevallene

794 3154 2053 118 hebbe is de oorsache. oock ishus waer en

808 3214 1957 197 ellendigh goederen aende handt te hebben

843 3310 1899 175 londar daer van te connen disponcer en

843 3424 2074 169 ende middellertijdt andere te moeten om bieden

828 3542 2044 184 en doosel capitael te emplogeeren sonder

817 3633 1850 151 njtslagh te weten. ick bidde ue mijn heer

825 3729 1979 107 laet mij maer seyndde becoemen op diene

2961 85 2307 122 maniere oft dandere op dat ien datrescotre magh

2976 138 1478 184 uyt de weerelt helpen blijve

2995 258 2047 150 is voorssgegaen sonder onderteckent te weten

2960 384 974 164 Brussel Jan Beeckmans

4127 383 896 177 dij 9 meert 17134

2997 497 2177 235 verhoepe ue goet retour den tholbrief aent beurtschis

2986 618 2101 194 sijnde soo hebbe in gevolge ue ordre ue goet voorleden

2993 736 2091 213 woonsdagh scheep gedaen in een paxke gemerckt ½B

2996 846 2221 206 en twijfelee niet oft ue sal het selfde voor ontfanck deser

2995 949 1966 183 becoemen hebben de facture aen den voet deser

2991 1068 2245 187 bedraeghende in wisselgelde ƒ 570:12½ waer tegens op ue

2997 1206 2111 172 versoeck ingesloeten dig briefkens op primo tpril

3020 1282 2203 158 beginnende op 5:6 en 7 usos die gelieft te accepteeren

3000 1390 2234 227 en mij en antwoort weder te s enden her laeste loopende

3010 1485 1985 187 briefken morgen vallende hebbe aen dh Jacomo

3009 1610 2180 159 Rousseau gesonden. ue gelieve dat dan te vereeren

3022 1697 2123 218 en in consideratie te nemen de drj parteykens ue

3034 1832 2180 143 voorleden jaere vercoght en gelevert die open staen

3034 1911 2069 194 als vs lanuarie 1713 het carmosyn laeken £55:13:

3005 2002 2258 193 op 3 februarie 1713 het spaenscn laeken £31:10:

3003 2121 2225 191 op 21 junii laest 2 sijne bayen £14:6:8 ½ te saemen

3023 2244 2067 173 £101:9:8 vlaems wisselgelde iets voorders tot ue

3004 2347 2263 236 dienst voorvallende gelieft te commandeeren die blijve

2968 2459 2144 214 London Livinus de DorspereA dy 10 meert 1714

3010 2563 2216 209 Ick hebbe ue aengenaeme van 22 januarie wel ontfangen

3004 2691 2242 179 en ben grootel can verwondert te sien de antwoort die men

3026 2748 2197 179 van wegens de wed ue van den Bussche ue heeft gegeven

3006 2849 2198 162 sij heeft ten brauwen ende ten genereuten man gehadt den

3010 2922 2213 202 haere en sijne schuldt met sulcke munte te willen betaelen

3007 3052 2226 137 sy nochte haere ninderen en moeten min niet retireeren

3004 3103 2210 187 om op het mijne te leven dat connen sy van het hume

3034 3214 2168 146 doen ick dencke dat men cossy soo wel als hier middel

3029 3327 1999 141 by de handt heeft om duedaenighe om beschaemde

3030 3417 2197 151 antwoort in eenen anderen soon te doen verandeen

3046 3526 2176 128 ick bidde ue my behulp saem nierinnete wesen ende tot

3015 3616 2121 110 antwoort mij met ue goede in sormaire wat men doen

3043 3672 2126 99 can te willen onderrschten ue can van mijn schrijven

4813 3763 68 62 16

3027 3771 1636 61 aen haer oft haer vrindt hennisse geven

5291 2890 85 94 d

5262 2975 111 117 p

5272 3071 104 126 Eln

5261 3334 94 97 n

5279 1244 95 159 1d

5279 1383 83 123 s

5302 1642 102 144 on
