5632 3901
712 44 2145 162 en noch niet te regge become ue boecty da

689 131 2169 178 selven £600 vlarms af ¼ pret £600:15 aen d ordre

726 230 2138 180 hendrick Partwint sicht p cosse die verent het

750 308 2062 170 ende ue conform gedebiteert p ue twerde

734 452 2086 164 remitteert u 350 in twee brieven op

763 515 2059 211 dobbel uss ls £200  £150 op will dan

791 631 2023 206 gonson londen a 35:5 ½ vlagns

752 751 2029 199 £625:1909 dito beyde en hebbe niet ge

799 855 2022 201 antwoort op om dat verwittegh was ue

783 963 2061 222 naer brussel stock te vertrecken van was

793 1070 2024 224 ne ontfarge voorders beyde de ue als

820 1199 2002 166 2 pass met seconde vande bovange

804 1302 2046 212 elde brieven op londen en van gistere

803 1422 2054 186 met verden remis is dervevaert op

801 1535 2051 205 op Jaques wochter van £520 a 35:7

2221 1655 108 77 londe

838 1665 1980 192 vlaems £213: 160 wij sullen tot unto

843 1762 1999 238 aen sien verhoegpende het geluck als diente

806 1889 2037 212 hebbben ue te specken het is mij leet ue ven

799 1999 1977 191 comste tot ue drocfheyt moet eesen godt

817 2104 2025 147 wille de hule van Dir ue vaerder vemh

811 2215 2006 202 tigh wesen ende de fauillie troffen die

814 2363 473 139 en blijee

1992 2470 431 149 3 meij 1713

613 2453 1218 191 Londen Seauwen et tockdaele

727 2544 2073 205 Jay recee les 2 cheres vree du 17 mars eƒ6 du passe

791 2648 2040 186 avec avis qu'avez accomplia mon ondre tant pr

768 2738 2069 141 les colchester bayes que p le draps p vre derniere

765 2852 2090 143 vs n envoyez factures et connossement de dite

764 2938 2058 154 le ballots sans aussy leureusement grrive en

766 2977 2106 237 holande dans le bondeeu soit bene mais  sui

779 3117 2096 176 supris de n'avoir les eschantilions de draps

799 3236 2065 180 susques a a jour je vs prie de ne pas mai

802 3326 2045 197 ques a ms les envoyer ceto las miennere

805 3438 2050 201 ceu car sau les eschantillion je ne puis

774 3546 2085 129 rien faire vs sprise les bayes et les draps

778 3677 2099 123 si bien pr les belle couleure que pr le

768 3730 2002 109 4 reahite jesspere que seroit en etre

2960 68 2244 112 laerementation de change et la perte de la

2893 121 2304 167 bonne mesure a l'ordinaire ns derangh

2958 215 2204 178 bien et cause quil na peu de moyen a

2941 310 2267 227 profiter un intrest enfin jattend que le toeti

2950 420 2208 189 ete recessire bien selon os pro messe ce esie

2951 495 2175 265 je ne manquera pas vs advise asant le

2957 620 2193 256 bullet iny p la grace du jugieur la pax

2976 725 2186 212 est fait come vs ditte mais jusques a

2967 861 2166 215 heure le condition ne sont pas pubiqie

2977 978 2175 237 et no ne voyons co encor uu iffet dieu

2973 1064 2210 255 reculle quelle soit durable et quelle ne puis a

2977 1178 2176 206 portir du bonneer car ma fois il ny a sjoint

3004 1259 2147 222 du puis dans l'urope quil na souffait et ne

2969 1354 2206 295 souffre plus que le nre voycy remises de 200:

2989 1483 2169 215 die 25 avril usence dur william Johnswes

3000 1593 2116 221 120 die 28 avril usence seer t Jacob wachter

3005 1674 2157 233 ensemble £320 dont il vs plaira me credited

2926 1805 2195 205 et d'un procurer le necessaire ceto que vs aurez

2978 1899 2128 184 reeu mon de ident dans la comp des indes

2966 2016 2140 181 escheu demie mars je vs piie me l'adviser et

2970 2099 2188 175 marque l'est at de la gorpagri et le prix

2965 2185 2221 231 des manufactures de temps en temps prij

2951 2283 1615 245 gre mes mesuras a l'advecent

4321 2404 349 144 3 may

2896 2430 1079 188 Londen John Cockson

2963 2405 2201 316 Je vois pr la chere vre vs du passe que n'ave

2988 2572 2103 236 point tire les stealinghs deux aents levr a

2974 2635 2176 266 cause que le change lest monte a  36: 4 et quil

2972 2772 2215 216 my avois point d'argent a veu e me lie bien

2975 2838 2112 252 appernice et pr cette raison jevay remis le

2967 2906 2225 248 valeur depuis quelques jours au paravant d'avoi

2976 3026 2178 230 vre lettre a mons vre frere de leeds jespere

2988 3139 2187 239 quil l'aura bien recce et quil ne manqera

2965 3230 2206 230 pas vs en doinneu part je vs suis bien oblige

2989 3327 2148 224 de qee bonte ou je suis ca pable vs rendre se

2981 3449 1514 206 vice disposez de may que suis
