5632 3896
743 0 2092 177 door deen alles soo op llaeten son deen voorse

736 90 2055 138 vreest sijn gelt daer niet uyt te connen maeen

747 173 2068 143 ick sal in alles occasien voor ue daer wat mij

735 263 1994 173 moogelijck is ick ben confas dat ue entie

743 351 2092 217 maeckt wegens gelt be over te maecken dat e

718 461 2079 198 bestaet immers in geen reden dat mijvien een

758 562 2078 187 ider soo betaelt wirden het waere noch plaisen

764 675 2033 156 negote te dt dot maer op ue gemack n met

763 788 2062 211 gelegentheyt ick en hebbe jaeues de petek noch

798 883 2015 210 oe niet vernoemen als hioomt te arriveren

787 1007 2004 207 sal ick hem quittantie geven van genchy

788 1128 2045 163 mij voor ue neck sal dellen den oorloch isne

777 1253 2064 217 gedaen ende men magh vrij sonder pas porte

810 1370 1944 215 rijgen en oock sonder payckel ue heeft

800 1503 1981 165 daer altijts exceptie overgenoemen ae

767 1589 1994 192 s ue dachter ne eens overkoemen met den

773 1738 1929 132 choonen soemer dat bidde ick ue van herten

785 1840 2019 177 wij sullen traghten haer eat plaisir aen te

761 1927 2080 170 doen ende sij sal bij ons soo wel haere libestijdt

763 2054 2064 153 als thujs hebben dat mijn huysvrouwe de

765 2156 2002 183 versoccht ende ue nevens mij te saemen doet

743 2268 2072 175 groeten. ick bidde ue dim een lester antwoor

707 2371 2059 193 want ick ben altijdt verlegen uyt vreete dat de

797 2513 2042 131 brieven met de boeden ue niet wel behandight

722 2589 1447 112 en worden en soo blijve

1966 2676 291 179 16 meij

593 2681 1116 178 Brusselle Peeter van Gon

726 2792 2098 168 24 past was aen ue mijnen laesten mets briefken op

733 2908 2059 149 de wed. mollemans van ƒ200 vess: dat verhoepe

747 2980 1983 175 voldaen is ingesloeten remitteere ue ƒ 400 we op

737 3098 2084 138 sicht op heer paulo de broyer en ƒ150 w: op sicht op

743 3182 2053 152 Guilleum toas nevens mijne quittantie ten late de

740 3277 2093 170 stadt brusselle van ƒ112 court voor het een oordander

732 3374 2092 181 versoecke het noodigh te besorgen ende in gesoemen

736 3505 2084 130 sijnde voorens te crediteeren ende naer mesesaeme

738 3569 790 138 yt oerenisse blijve

722 3614 2093 203 oock een assignatie van £40 wis: op henrij ryssels

4117 48 377 108 17 Apil

2901 45 812 128 Brusselle h mj ssels

2924 92 2184 183 Ick hebbe met drocfhyt vernoemen dat gois ran

2897 201 2230 147 & ue bemende gedibponeert heeft verhoe ue hijaen

2934 288 2223 152 haer genaede sal hebben gedaen ende ue vertrooet

2952 398 2194 194 het is ops eynde altemael ende dat moet eeneder

2959 450 2148 231 doen trosten ende in den wille godts sich over

2971 538 2141 258 gvoen ick ben al verwondert geweest dat dit

2991 640 2071 247 shal jaer het geluck niet gehadt en hebbe ue

2962 752 2143 226 hier over te sien oft aen ue ets te vercoopen

2979 860 2170 260 opt laeste weete wel de doodt nie huys vrouwe

2982 960 2137 245 silka belet heeft dat evenwel nu p eersten

3016 1075 2139 240 verwachte tot dien eynde coeme ue mijn diens

3005 1210 2142 223 presenteeren ue versicherende d'at geneet que

3000 1326 2095 235 lijck comt doen met wat proves ie de coope

3013 1441 2074 222 want de goederen slaen merckelijck op en

2991 1562 2141 195 sulien noch meerr in prys monteeren want

2993 1670 2111 207 den vreden is nu een gedaen saecke hoot geve

2991 1807 2152 178 wy de vrachten daer van moogen gewaer nor

2993 1883 2166 207 den met de herstellinge van commertie ande

2994 2004 2116 187 en ist niet meer moogelijck de negotie te son

3001 2115 2084 177 nen contineueren ick hebbe voor ue altij

2987 2221 2164 176 consideratie maer present wat benoot sjnde en

2975 2323 2088 209 can niet naerlaetens ue e versoecken van

2885 2457 2273 156 ƒ40 wiste willen betaelen aen  Pietervan

2998 2546 2153 228 doch aen wiens ordre de selve hebbegetrocken

3000 2655 2152 246 ick recommandeere het ue nertiljck en li

3024 2828 574 142 oor act5

4215 2854 554 182 15 meij 17

2908 2881 955 185 tournay Ansilne de ue

2969 2995 2134 176 Je suis surpris de voir la vre du 15 du cou je vs

2984 3048 2166 201 ay escrit tant de fois vs m'avec fait tant de promes

2966 3150 2144 159 se et voila encor en vair jesfi qui jayt a

2968 3269 2131 129 en honneste home ie fairt mais ces manures

2988 3316 2141 224 dager ne sont pas honnestes selon vre dire vs

2998 3394 2143 227 n'aurez pas manque a me remettre p la

2991 3491 2156 202 fin d'availsur cela jay fait est at voile de

2995 3585 2113 176 mie may et vs m ecrivez ains satis facrou

2992 3685 2131 133 vos promesses croyez mons quie m'est um pa
