<?xml version="1.0" encoding="UTF-8"?>
<alto xmlns:xsi="http://www.w3.org/2001/XMLSchema-instance"
      xmlns="http://www.loc.gov/standards/alto/ns-v4#"
      xmlns:page="http://schema.primaresearch.org/PAGE/gts/pagecontent/2013-07-15"
      xsi:schemaLocation="http://www.loc.gov/standards/alto/ns-v4# https://www.loc.gov/standards/alto/v4/alto.xsd">
   <Description>
      <MeasurementUnit>pixel</MeasurementUnit>
      <OCRProcessing ID="IdOcr">
         <ocrProcessingStep>
            <processingDateTime>2022-02-11T21:31:56.482+01:00</processingDateTime>
            <processingSoftware>
               <softwareCreator>READ COOP</softwareCreator>
               <softwareName>Transkribus</softwareName>
            </processingSoftware>
         </ocrProcessingStep>
      </OCRProcessing>
   </Description>
   <Layout>
      <Page ID="Page1" PHYSICAL_IMG_NR="1" HEIGHT="3895" WIDTH="5650">
         <TopMargin HEIGHT="0" WIDTH="5650" VPOS="0" HPOS="0"/>
         <LeftMargin HEIGHT="3895" WIDTH="0" VPOS="0" HPOS="0"/>
         <RightMargin HEIGHT="3895" WIDTH="0" VPOS="0" HPOS="5650"/>
         <BottomMargin HEIGHT="0" WIDTH="5650" VPOS="3895" HPOS="0"/>
         <PrintSpace HEIGHT="3895" WIDTH="5650" VPOS="0" HPOS="0">
            <TextBlock ID="r1" HEIGHT="3767" WIDTH="2158" VPOS="89" HPOS="786">
               <Shape>
                  <Polygon POINTS="786,89 786,3856 2944,3856 2944,89"/>
               </Shape>
               <TextLine ID="r1l1"
                         BASELINE="804,192 908,188 1012,184 1116,182 1221,178 1325,174 1429,171 1534,168 1638,164 1742,162 1847,158 1951,156 2055,152 2159,150 2264,148 2368,146 2472,144 2577,142 2681,140 2785,140 2890,138"
                         HEIGHT="180"
                         WIDTH="2115"
                         VPOS="40"
                         HPOS="790">
                  <String ID="string_r1l1"
                          HEIGHT="180"
                          WIDTH="2115"
                          VPOS="40"
                          HPOS="790"
                          CONTENT="hoogere prijsen becoemen geperste en supefijne "/>
               </TextLine>
               <TextLine ID="r1l2"
                         BASELINE="856,306 955,297 1055,290 1154,284 1254,280 1354,278 1453,276 1553,274 1652,272 1752,272 1852,272 1951,270 2051,268 2150,266 2250,264 2350,260 2449,252 2549,246 2648,237 2748,225 2848,212"
                         HEIGHT="199"
                         WIDTH="2024"
                         VPOS="139"
                         HPOS="840">
                  <String ID="string_r1l2"
                          HEIGHT="199"
                          WIDTH="2024"
                          VPOS="139"
                          HPOS="840"
                          CONTENT="lwaerte bayen van jbb die ƒ50 hetstuh"/>
               </TextLine>
               <TextLine ID="r1l3"
                         BASELINE="824,422 926,412 1029,403 1131,395 1234,390 1336,385 1439,381 1541,377 1644,374 1746,372 1849,368 1951,366 2054,362 2156,360 2259,354 2361,350 2464,344 2566,336 2669,327 2771,318 2874,306"
                         HEIGHT="218"
                         WIDTH="2081"
                         VPOS="219"
                         HPOS="808">
                  <String ID="string_r1l3"
                          HEIGHT="218"
                          WIDTH="2081"
                          VPOS="219"
                          HPOS="808"
                          CONTENT="moeten costen oock carscien en ander geriet"/>
               </TextLine>
               <TextLine ID="r1l4"
                         BASELINE="848,532 942,522 1037,514 1132,507 1226,500 1321,494 1416,490 1510,485 1605,482 1700,478 1795,475 1889,472 1984,469 2079,465 2173,462 2268,456 2363,452 2457,447 2552,440 2647,433 2742,424"
                         HEIGHT="207"
                         WIDTH="1921"
                         VPOS="348"
                         HPOS="832">
                  <String ID="string_r1l4"
                          HEIGHT="207"
                          WIDTH="1921"
                          VPOS="348"
                          HPOS="832"
                          CONTENT="soo schoon als men met oogen sien can "/>
               </TextLine>
               <TextLine ID="r1l5"
                         BASELINE="860,622 948,619 1037,615 1126,612 1215,608 1304,605 1392,602 1481,598 1570,594 1659,589 1748,585 1836,581 1925,576 2014,572 2103,568 2192,562 2280,557 2369,552 2458,547 2547,542 2636,536"
                         HEIGHT="210"
                         WIDTH="1805"
                         VPOS="461"
                         HPOS="845">
                  <String ID="string_r1l5"
                          HEIGHT="210"
                          WIDTH="1805"
                          VPOS="461"
                          HPOS="845"
                          CONTENT="en twijfele niet oft het debiet sal gaen"/>
               </TextLine>
               <TextLine ID="r1l6"
                         BASELINE="846,718 949,716 1052,714 1155,712 1258,709 1362,705 1465,701 1568,696 1671,691 1774,685 1878,680 1981,674 2084,668 2187,662 2290,656 2394,650 2497,644 2600,638 2703,633 2806,628 2910,622"
                         HEIGHT="211"
                         WIDTH="2094"
                         VPOS="552"
                         HPOS="830">
                  <String ID="string_r1l6"
                          HEIGHT="211"
                          WIDTH="2094"
                          VPOS="552"
                          HPOS="830"
                          CONTENT="vermeerderen en occasie geven dat wy te "/>
               </TextLine>
               <TextLine ID="r1l7"
                         BASELINE="838,832 941,828 1044,824 1148,819 1251,816 1355,811 1458,807 1561,801 1665,796 1768,790 1872,786 1975,780 2078,774 2182,770 2285,765 2389,760 2492,755 2595,750 2699,746 2802,740 2906,736"
                         HEIGHT="236"
                         WIDTH="2102"
                         VPOS="661"
                         HPOS="821">
                  <String ID="string_r1l7"
                          HEIGHT="236"
                          WIDTH="2102"
                          VPOS="661"
                          HPOS="821"
                          CONTENT="saemen wat meerder doen sullen waer toe"/>
               </TextLine>
               <TextLine ID="r1l8"
                         BASELINE="822,954 926,948 1031,943 1135,938 1240,932 1344,926 1449,920 1553,914 1658,908 1762,901 1867,895 1971,888 2076,882 2180,877 2285,870 2389,864 2494,858 2598,853 2703,847 2807,842 2912,836"
                         HEIGHT="290"
                         WIDTH="2119"
                         VPOS="738"
                         HPOS="806">
                  <String ID="string_r1l8"
                          HEIGHT="290"
                          WIDTH="2119"
                          VPOS="738"
                          HPOS="806"
                          CONTENT="my in ue goede genegenheydt recommandeere"/>
               </TextLine>
               <TextLine ID="r1l9"
                         BASELINE="886,1070 983,1063 1081,1057 1179,1048 1276,1042 1374,1035 1472,1028 1569,1021 1667,1016 1765,1010 1863,1003 1960,998 2058,992 2156,986 2253,982 2351,977 2449,972 2546,968 2644,963 2742,958 2840,954"
                         HEIGHT="210"
                         WIDTH="1978"
                         VPOS="888"
                         HPOS="871">
                  <String ID="string_r1l9"
                          HEIGHT="210"
                          WIDTH="1978"
                          VPOS="888"
                          HPOS="871"
                          CONTENT="in gevolge ue laesten van 12 deser sal ick"/>
               </TextLine>
               <TextLine ID="r1l10"
                         BASELINE="884,1190 977,1181 1071,1172 1164,1163 1258,1156 1352,1149 1445,1142 1539,1134 1632,1128 1726,1122 1820,1117 1913,1111 2007,1105 2100,1101 2194,1096 2288,1091 2381,1087 2475,1082 2568,1078 2662,1074 2756,1070"
                         HEIGHT="264"
                         WIDTH="1904"
                         VPOS="992"
                         HPOS="865">
                  <String ID="string_r1l10"
                          HEIGHT="264"
                          WIDTH="1904"
                          VPOS="992"
                          HPOS="865"
                          CONTENT="ƒ498:8½ sugvers wisselgelde trecken voor"/>
               </TextLine>
               <TextLine ID="r1l11"
                         BASELINE="830,1306 930,1294 1031,1283 1132,1272 1233,1263 1334,1255 1434,1248 1535,1241 1636,1234 1737,1230 1838,1224 1938,1218 2039,1212 2140,1208 2241,1202 2342,1197 2442,1190 2543,1183 2644,1176 2745,1166 2846,1158"
                         HEIGHT="242"
                         WIDTH="2051"
                         VPOS="1102"
                         HPOS="810">
                  <String ID="string_r1l11"
                          HEIGHT="242"
                          WIDTH="2051"
                          VPOS="1102"
                          HPOS="810"
                          CONTENT="dor Peeter van Rock die conform gelieft te"/>
               </TextLine>
               <TextLine ID="r1l12"
                         BASELINE="860,1416 955,1403 1051,1391 1147,1380 1243,1370 1339,1363 1435,1356 1531,1350 1627,1344 1723,1338 1819,1334 1914,1330 2010,1325 2106,1320 2202,1316 2298,1310 2394,1305 2490,1298 2586,1291 2682,1283 2778,1274"
                         HEIGHT="236"
                         WIDTH="1947"
                         VPOS="1184"
                         HPOS="843">
                  <String ID="string_r1l12"
                          HEIGHT="236"
                          WIDTH="1947"
                          VPOS="1184"
                          HPOS="843"
                          CONTENT="verheeren. het pinne coulr laeken daer"/>
               </TextLine>
               <TextLine ID="r1l13"
                         BASELINE="872,1526 973,1511 1074,1498 1175,1487 1277,1475 1378,1468 1479,1459 1581,1452 1682,1446 1783,1441 1885,1436 1986,1430 2087,1425 2188,1420 2290,1416 2391,1409 2492,1403 2594,1396 2695,1388 2796,1379 2898,1370"
                         HEIGHT="253"
                         WIDTH="2055"
                         VPOS="1292"
                         HPOS="856">
                  <String ID="string_r1l13"
                          HEIGHT="253"
                          WIDTH="2055"
                          VPOS="1292"
                          HPOS="856"
                          CONTENT="ue naer vraeghde is tot 50sis versvercoght"/>
               </TextLine>
               <TextLine ID="r1l14"
                         BASELINE="878,1620 980,1611 1082,1601 1184,1592 1286,1584 1388,1576 1490,1569 1592,1561 1694,1555 1796,1550 1898,1543 2000,1538 2102,1534 2204,1529 2306,1526 2408,1521 2510,1518 2612,1516 2714,1513 2816,1510 2918,1508"
                         HEIGHT="232"
                         WIDTH="2069"
                         VPOS="1411"
                         HPOS="860">
                  <String ID="string_r1l14"
                          HEIGHT="232"
                          WIDTH="2069"
                          VPOS="1411"
                          HPOS="860"
                          CONTENT="mist monsfue soon nier sijnde die positievelije "/>
               </TextLine>
               <TextLine ID="r1l15"
                         BASELINE="866,1726 965,1718 1065,1710 1164,1704 1264,1695 1364,1689 1463,1682 1563,1677 1662,1670 1762,1665 1862,1659 1961,1654 2061,1648 2160,1643 2260,1638 2360,1633 2459,1628 2559,1622 2658,1617 2758,1611 2858,1606"
                         HEIGHT="220"
                         WIDTH="2019"
                         VPOS="1520"
                         HPOS="849">
                  <String ID="string_r1l15"
                          HEIGHT="220"
                          WIDTH="2019"
                          VPOS="1520"
                          HPOS="849"
                          CONTENT="niet en begeerde. gelooft mij dat ick ue "/>
               </TextLine>
               <TextLine ID="r1l16"
                         BASELINE="870,1838 967,1829 1064,1820 1161,1813 1258,1806 1355,1800 1452,1794 1549,1788 1646,1782 1743,1778 1840,1773 1937,1768 2034,1763 2131,1758 2228,1753 2325,1747 2422,1743 2519,1737 2616,1731 2713,1725 2810,1718"
                         HEIGHT="236"
                         WIDTH="1975"
                         VPOS="1629"
                         HPOS="853">
                  <String ID="string_r1l16"
                          HEIGHT="236"
                          WIDTH="1975"
                          VPOS="1629"
                          HPOS="853"
                          CONTENT="coop in alle occasien bediene als ue sich "/>
               </TextLine>
               <TextLine ID="r1l17"
                         BASELINE="878,1952 977,1941 1076,1933 1175,1924 1274,1916 1373,1908 1472,1903 1571,1897 1670,1892 1769,1886 1868,1882 1967,1878 2066,1874 2165,1868 2264,1864 2363,1859 2462,1852 2561,1847 2660,1840 2759,1833 2858,1822"
                         HEIGHT="266"
                         WIDTH="2013"
                         VPOS="1747"
                         HPOS="861">
                  <String ID="string_r1l17"
                          HEIGHT="266"
                          WIDTH="2013"
                          VPOS="1747"
                          HPOS="861"
                          CONTENT="wel gelieft in te beelden. blijve van herten als"/>
               </TextLine>
               <TextLine ID="r1l18"
                         BASELINE="876,2068 936,2062 997,2054 1058,2049 1118,2044 1179,2038 1240,2034 1300,2028 1361,2025 1422,2021 1483,2017 1543,2014 1604,2010 1665,2005 1725,2002 1786,1997 1847,1993 1907,1988 1968,1981 2029,1976 2090,1970"
                         HEIGHT="239"
                         WIDTH="1250"
                         VPOS="1866"
                         HPOS="858">
                  <String ID="string_r1l18"
                          HEIGHT="239"
                          WIDTH="1250"
                          VPOS="1866"
                          HPOS="858"
                          CONTENT="aen sheel ue familier"/>
               </TextLine>
               <TextLine ID="r1l19"
                         BASELINE="2096,2096 2123,2096 2150,2095 2178,2094 2205,2092 2233,2090 2260,2087 2287,2084 2315,2082 2342,2080 2370,2077 2397,2073 2424,2069 2452,2067 2479,2065 2507,2061 2534,2058 2561,2057 2589,2054 2616,2053 2644,2052"
                         HEIGHT="164"
                         WIDTH="589"
                         VPOS="1977"
                         HPOS="2075">
                  <String ID="string_r1l19"
                          HEIGHT="164"
                          WIDTH="589"
                          VPOS="1977"
                          HPOS="2075"
                          CONTENT="27 sber 1713"/>
               </TextLine>
               <TextLine ID="r1l20"
                         BASELINE="786,2190 832,2188 878,2186 924,2184 970,2182 1016,2180 1062,2176 1108,2174 1154,2172 1200,2168 1246,2165 1292,2162 1338,2158 1384,2155 1430,2152 1476,2148 1522,2144 1568,2140 1614,2137 1660,2133 1706,2130"
                         HEIGHT="202"
                         WIDTH="956"
                         VPOS="2025"
                         HPOS="766">
                  <String ID="string_r1l20"
                          HEIGHT="202"
                          WIDTH="956"
                          VPOS="2025"
                          HPOS="766"
                          CONTENT="Brusselle P van doch"/>
               </TextLine>
               <TextLine ID="r1l21"
                         BASELINE="906,2280 1005,2280 1104,2278 1203,2276 1302,2272 1401,2267 1500,2262 1599,2255 1698,2246 1797,2239 1897,2232 1996,2223 2095,2216 2194,2207 2293,2200 2392,2194 2491,2189 2590,2184 2689,2181 2788,2180 2888,2180"
                         HEIGHT="235"
                         WIDTH="2012"
                         VPOS="2073"
                         HPOS="888">
                  <String ID="string_r1l21"
                          HEIGHT="235"
                          WIDTH="2012"
                          VPOS="2073"
                          HPOS="888"
                          CONTENT="ue aengenaeme van 11 court hebbe het sijnen"/>
               </TextLine>
               <TextLine ID="r1l22"
                         BASELINE="886,2380 987,2378 1089,2376 1191,2372 1293,2368 1395,2362 1497,2356 1599,2348 1701,2341 1803,2331 1905,2325 2006,2317 2108,2310 2210,2304 2312,2298 2414,2293 2516,2288 2618,2288 2720,2286 2822,2288 2924,2292"
                         HEIGHT="270"
                         WIDTH="2063"
                         VPOS="2191"
                         HPOS="869">
                  <String ID="string_r1l22"
                          HEIGHT="270"
                          WIDTH="2063"
                          VPOS="2191"
                          HPOS="869"
                          CONTENT="tijde asclontfange met de 2 brieven ge"/>
               </TextLine>
               <TextLine ID="r1l23"
                         BASELINE="922,2474 1022,2474 1122,2472 1222,2470 1322,2466 1422,2461 1522,2454 1622,2448 1722,2441 1822,2432 1923,2426 2023,2418 2123,2411 2223,2404 2323,2399 2423,2396 2523,2392 2623,2392 2723,2392 2823,2394 2924,2398"
                         HEIGHT="258"
                         WIDTH="2032"
                         VPOS="2293"
                         HPOS="905">
                  <String ID="string_r1l23"
                          HEIGHT="258"
                          WIDTH="2032"
                          VPOS="2293"
                          HPOS="905"
                          CONTENT="op grasen rema du retour beniue danssa"/>
               </TextLine>
               <TextLine ID="r1l24"
                         BASELINE="910,2590 1009,2587 1109,2584 1209,2579 1309,2573 1409,2566 1508,2560 1608,2552 1708,2546 1808,2537 1908,2530 2007,2523 2107,2518 2207,2512 2307,2508 2407,2504 2506,2502 2606,2501 2706,2502 2806,2504 2906,2510"
                         HEIGHT="194"
                         WIDTH="2022"
                         VPOS="2421"
                         HPOS="894">
                  <String ID="string_r1l24"
                          HEIGHT="194"
                          WIDTH="2022"
                          VPOS="2421"
                          HPOS="894"
                          CONTENT="ingesloeten remitteere ue 2 deser vervalen "/>
               </TextLine>
               <TextLine ID="r1l25"
                         BASELINE="930,2698 1029,2690 1128,2683 1227,2676 1327,2669 1426,2662 1525,2656 1625,2650 1724,2645 1823,2640 1923,2634 2022,2630 2121,2626 2220,2622 2320,2618 2419,2616 2518,2614 2618,2612 2717,2610 2816,2610 2916,2610"
                         HEIGHT="237"
                         WIDTH="2018"
                         VPOS="2525"
                         HPOS="913">
                  <String ID="string_r1l25"
                          HEIGHT="237"
                          WIDTH="2018"
                          VPOS="2525"
                          HPOS="913"
                          CONTENT="op Dhr Joseph ververs wissel gelde £143:7:4"/>
               </TextLine>
               <TextLine ID="r1l26"
                         BASELINE="936,2800 1035,2794 1135,2788 1235,2783 1334,2776 1434,2771 1534,2764 1633,2759 1733,2753 1833,2748 1933,2743 2032,2738 2132,2734 2232,2730 2331,2726 2431,2723 2531,2720 2630,2718 2730,2718 2830,2718 2930,2718"
                         HEIGHT="186"
                         WIDTH="2022"
                         VPOS="2631"
                         HPOS="921">
                  <String ID="string_r1l26"
                          HEIGHT="186"
                          WIDTH="2022"
                          VPOS="2631"
                          HPOS="921"
                          CONTENT="waer voor ue alleen sal gelieven te ontfangen"/>
               </TextLine>
               <TextLine ID="r1l27"
                         BASELINE="934,2902 1032,2897 1131,2893 1229,2888 1328,2882 1426,2877 1525,2872 1623,2866 1722,2860 1820,2856 1919,2850 2017,2846 2116,2842 2214,2838 2313,2836 2411,2832 2510,2830 2608,2828 2707,2826 2805,2826 2904,2826"
                         HEIGHT="217"
                         WIDTH="1998"
                         VPOS="2718"
                         HPOS="918">
                  <String ID="string_r1l27"
                          HEIGHT="217"
                          WIDTH="1998"
                          VPOS="2718"
                          HPOS="918"
                          CONTENT="volgens endorsement £100 sijnde de £43:7:4"/>
               </TextLine>
               <TextLine ID="r1l28"
                         BASELINE="952,3016 1048,3008 1145,3002 1242,2996 1338,2990 1435,2986 1532,2980 1628,2976 1725,2971 1822,2966 1919,2963 2015,2960 2112,2956 2209,2952 2305,2950 2402,2947 2499,2944 2595,2940 2692,2938 2789,2935 2886,2932"
                         HEIGHT="202"
                         WIDTH="1965"
                         VPOS="2832"
                         HPOS="936">
                  <String ID="string_r1l28"
                          HEIGHT="202"
                          WIDTH="1965"
                          VPOS="2832"
                          HPOS="936"
                          CONTENT="abusivelijck door d ververs te veel voorders "/>
               </TextLine>
               <TextLine ID="r1l29"
                         BASELINE="952,3130 1050,3124 1148,3118 1246,3113 1344,3107 1442,3100 1540,3093 1638,3086 1736,3081 1834,3074 1932,3068 2030,3064 2128,3059 2226,3054 2324,3051 2422,3048 2520,3046 2618,3046 2716,3046 2814,3048 2912,3050"
                         HEIGHT="270"
                         WIDTH="1989"
                         VPOS="2937"
                         HPOS="937">
                  <String ID="string_r1l29"
                          HEIGHT="270"
                          WIDTH="1989"
                          VPOS="2937"
                          HPOS="937"
                          CONTENT="op sicht ƒ498:8½ wisselgelde op J: de wed: seger"/>
               </TextLine>
               <TextLine ID="r1l30"
                         BASELINE="952,3244 1049,3238 1147,3232 1245,3227 1343,3220 1441,3214 1539,3208 1637,3201 1735,3196 1833,3190 1931,3185 2028,3180 2126,3174 2224,3170 2322,3166 2420,3162 2518,3159 2616,3156 2714,3154 2812,3154 2910,3154"
                         HEIGHT="218"
                         WIDTH="1989"
                         VPOS="3045"
                         HPOS="935">
                  <String ID="string_r1l30"
                          HEIGHT="218"
                          WIDTH="1989"
                          VPOS="3045"
                          HPOS="935"
                          CONTENT="vander borght voor d'een en dander gelieft"/>
               </TextLine>
               <TextLine ID="r1l31"
                         BASELINE="964,3336 1063,3331 1162,3327 1261,3321 1360,3314 1459,3309 1558,3303 1657,3297 1756,3291 1855,3286 1954,3282 2053,3277 2152,3273 2251,3270 2350,3268 2449,3268 2548,3268 2647,3270 2746,3273 2845,3277 2944,3284"
                         HEIGHT="248"
                         WIDTH="2008"
                         VPOS="3161"
                         HPOS="948">
                  <String ID="string_r1l31"
                          HEIGHT="248"
                          WIDTH="2008"
                          VPOS="3161"
                          HPOS="948"
                          CONTENT="de betaelinge te voorderen en mij te redite"/>
               </TextLine>
               <TextLine ID="r1l32"
                         BASELINE="944,3444 1039,3441 1134,3438 1230,3434 1325,3429 1421,3424 1516,3418 1611,3413 1707,3406 1802,3401 1898,3396 1993,3390 2088,3384 2184,3380 2279,3376 2375,3372 2470,3370 2565,3368 2661,3366 2756,3366 2852,3368"
                         HEIGHT="217"
                         WIDTH="1937"
                         VPOS="3282"
                         HPOS="929">
                  <String ID="string_r1l32"
                          HEIGHT="217"
                          WIDTH="1937"
                          VPOS="3282"
                          HPOS="929"
                          CONTENT="ren ick verhoegie dat ue mij occasie sel"/>
               </TextLine>
               <TextLine ID="r1l33"
                         BASELINE="940,3566 1039,3558 1139,3550 1238,3542 1338,3535 1438,3528 1537,3519 1637,3513 1736,3506 1836,3499 1936,3494 2035,3489 2135,3484 2234,3480 2334,3478 2434,3476 2533,3476 2633,3476 2732,3478 2832,3480 2932,3484"
                         HEIGHT="210"
                         WIDTH="2023"
                         VPOS="3378"
                         HPOS="924">
                  <String ID="string_r1l33"
                          HEIGHT="210"
                          WIDTH="2023"
                          VPOS="3378"
                          HPOS="924"
                          CONTENT="hebben om miy op tijt met avance te remit"/>
               </TextLine>
               <TextLine ID="r1l34"
                         BASELINE="966,3664 1064,3658 1163,3649 1261,3641 1360,3635 1458,3627 1557,3622 1655,3615 1754,3609 1852,3604 1951,3600 2049,3594 2148,3590 2246,3588 2345,3585 2443,3582 2542,3582 2640,3580 2739,3580 2837,3582 2936,3584"
                         HEIGHT="227"
                         WIDTH="2002"
                         VPOS="3483"
                         HPOS="949">
                  <String ID="string_r1l34"
                          HEIGHT="227"
                          WIDTH="2002"
                          VPOS="3483"
                          HPOS="949"
                          CONTENT="teeren gelijck ue moet met ue voorege heeft "/>
               </TextLine>
               <TextLine ID="r1l35"
                         BASELINE="956,3774 1054,3768 1152,3761 1251,3754 1349,3747 1448,3740 1546,3734 1644,3727 1743,3722 1841,3716 1940,3712 2038,3708 2136,3704 2235,3702 2333,3700 2432,3700 2530,3700 2628,3703 2727,3706 2825,3710 2924,3716"
                         HEIGHT="222"
                         WIDTH="1999"
                         VPOS="3595"
                         HPOS="941">
                  <String ID="string_r1l35"
                          HEIGHT="222"
                          WIDTH="1999"
                          VPOS="3595"
                          HPOS="941"
                          CONTENT="geleeven te melden doch bidde wat te leke"/>
               </TextLine>
               <TextLine ID="r1l36"
                         BASELINE="924,3830 1022,3832 1121,3832 1220,3832 1319,3830 1418,3828 1517,3826 1616,3822 1715,3818 1814,3815 1913,3812 2011,3808 2110,3806 2209,3804 2308,3804 2407,3804 2506,3806 2605,3810 2704,3814 2803,3821 2902,3830"
                         HEIGHT="131"
                         WIDTH="2006"
                         VPOS="3714"
                         HPOS="911">
                  <String ID="string_r1l36"
                          HEIGHT="131"
                          WIDTH="2006"
                          VPOS="3714"
                          HPOS="911"
                          CONTENT="op goeden en seeure brieven want de er"/>
               </TextLine>
            </TextBlock>
            <TextBlock ID="r2" HEIGHT="3806" WIDTH="2230" VPOS="57" HPOS="3008">
               <Shape>
                  <Polygon POINTS="3008,57 3008,3863 5238,3863 5238,57"/>
               </Shape>
               <TextLine ID="r2l1"
                         BASELINE="3024,114 3134,112 3245,111 3355,110 3466,110 3577,110 3687,110 3798,112 3908,112 4019,114 4130,116 4240,118 4351,120 4461,122 4572,125 4683,128 4793,130 4904,132 5014,136 5125,138 5236,140"
                         HEIGHT="94"
                         WIDTH="2239"
                         VPOS="81"
                         HPOS="3011">
                  <String ID="string_r2l1"
                          HEIGHT="94"
                          WIDTH="2239"
                          VPOS="81"
                          HPOS="3011"
                          CONTENT="vallen heden dghs to7 veel quaede crm"/>
               </TextLine>
               <TextLine ID="r2l2"
                         BASELINE="3042,238 3149,233 3257,230 3364,226 3472,224 3579,222 3687,222 3794,220 3902,220 4009,220 4117,222 4224,222 4332,224 4439,224 4547,226 4654,228 4762,230 4869,232 4977,234 5084,236 5192,238"
                         HEIGHT="186"
                         WIDTH="2178"
                         VPOS="119"
                         HPOS="3028">
                  <String ID="string_r2l2"
                          HEIGHT="186"
                          WIDTH="2178"
                          VPOS="119"
                          HPOS="3028"
                          CONTENT="dat men niet genoegh precaeie en can "/>
               </TextLine>
               <TextLine ID="r2l3"
                         BASELINE="3060,384 3168,377 3277,368 3385,363 3494,355 3602,350 3711,346 3819,340 3928,337 4036,334 4145,332 4253,330 4362,328 4470,328 4579,328 4687,328 4796,328 4904,328 5013,330 5121,332 5230,334"
                         HEIGHT="170"
                         WIDTH="2201"
                         VPOS="228"
                         HPOS="3045">
                  <String ID="string_r2l3"
                          HEIGHT="170"
                          WIDTH="2201"
                          VPOS="228"
                          HPOS="3045"
                          CONTENT="nemen ue het selve recommanderende ij"/>
               </TextLine>
               <TextLine ID="r2l4"
                         BASELINE="3056,520 3161,509 3267,498 3372,488 3478,480 3583,473 3689,466 3794,460 3900,455 4005,449 4111,446 4216,442 4322,440 4427,436 4533,434 4638,433 4744,432 4849,430 4955,430 5060,428 5166,426"
                         HEIGHT="213"
                         WIDTH="2143"
                         VPOS="336"
                         HPOS="3039">
                  <String ID="string_r2l4"
                          HEIGHT="213"
                          WIDTH="2143"
                          VPOS="336"
                          HPOS="3039"
                          CONTENT=" hebbe aen mosselmans geschreven soo"/>
               </TextLine>
               <TextLine ID="r2l5"
                         BASELINE="3076,644 3183,631 3291,617 3399,606 3507,595 3615,587 3723,580 3831,572 3939,567 4047,562 4155,557 4262,554 4370,550 4478,546 4586,544 4694,540 4802,538 4910,534 5018,530 5126,526 5234,522"
                         HEIGHT="215"
                         WIDTH="2191"
                         VPOS="462"
                         HPOS="3058">
                  <String ID="string_r2l5"
                          HEIGHT="215"
                          WIDTH="2191"
                          VPOS="462"
                          HPOS="3058"
                          CONTENT="dat in ta 2 daeghen voor mijn essjne "/>
               </TextLine>
               <TextLine ID="r2l6"
                         BASELINE="3116,768 3221,758 3327,747 3432,737 3538,726 3643,715 3749,707 3854,698 3960,690 4065,681 4171,674 4276,668 4382,662 4487,657 4593,654 4698,652 4804,650 4909,650 5015,652 5120,654 5226,658"
                         HEIGHT="258"
                         WIDTH="2144"
                         VPOS="558"
                         HPOS="3098">
                  <String ID="string_r2l6"
                          HEIGHT="258"
                          WIDTH="2144"
                          VPOS="558"
                          HPOS="3098"
                          CONTENT="tie noch eens gelieve betaelenge te"/>
               </TextLine>
               <TextLine ID="r2l7"
                         BASELINE="3116,884 3142,883 3168,882 3194,882 3220,880 3246,880 3272,878 3298,878 3324,876 3350,873 3376,871 3402,870 3428,868 3454,866 3480,863 3506,861 3532,860"
                         HEIGHT="109"
                         WIDTH="448"
                         VPOS="805"
                         HPOS="3099">
                  <String ID="string_r2l7"
                          HEIGHT="109"
                          WIDTH="448"
                          VPOS="805"
                          HPOS="3099"
                          CONTENT="vraegen "/>
               </TextLine>
               <TextLine ID="r2l8"
                         BASELINE="4446,890 4474,891 4503,892 4532,892 4561,891 4590,890 4619,889 4648,886 4677,884 4706,881 4735,877 4763,875 4792,871 4821,867 4850,863 4879,861 4908,857 4937,855 4966,852 4995,850 5024,848"
                         HEIGHT="172"
                         WIDTH="612"
                         VPOS="779"
                         HPOS="4427">
                  <String ID="string_r2l8"
                          HEIGHT="172"
                          WIDTH="612"
                          VPOS="779"
                          HPOS="4427"
                          CONTENT="27 sber 1713"/>
               </TextLine>
               <TextLine ID="r2l9"
                         BASELINE="3008,996 3033,995 3059,994 3085,992 3111,990 3137,990 3162,988 3188,988 3214,986 3240,986 3266,986 3291,985 3317,984 3343,984 3369,984 3395,984 3420,984 3446,984 3472,984 3498,984 3524,986"
                         HEIGHT="178"
                         WIDTH="548"
                         VPOS="881"
                         HPOS="2991">
                  <String ID="string_r2l9"
                          HEIGHT="178"
                          WIDTH="548"
                          VPOS="881"
                          HPOS="2991"
                          CONTENT="Leuvens J uys"/>
               </TextLine>
               <TextLine ID="r2l10"
                         BASELINE="3110,1094 3211,1094 3312,1092 3414,1088 3515,1084 3617,1079 3718,1074 3819,1069 3921,1061 4022,1055 4124,1046 4225,1039 4326,1032 4428,1023 4529,1015 4631,1007 4732,1000 4833,993 4935,986 5036,979 5138,972"
                         HEIGHT="250"
                         WIDTH="2059"
                         VPOS="902"
                         HPOS="3094">
                  <String ID="string_r2l10"
                          HEIGHT="250"
                          WIDTH="2059"
                          VPOS="902"
                          HPOS="3094"
                          CONTENT="Ick verhope ue gesconthent ende van ue famillur "/>
               </TextLine>
               <TextLine ID="r2l11"
                         BASELINE="3118,1186 3220,1184 3322,1182 3424,1177 3526,1172 3628,1167 3730,1160 3832,1154 3934,1147 4036,1140 4138,1134 4240,1126 4342,1118 4444,1112 4546,1105 4648,1099 4750,1094 4852,1090 4954,1086 5056,1084 5158,1082"
                         HEIGHT="260"
                         WIDTH="2070"
                         VPOS="989"
                         HPOS="3102">
                  <String ID="string_r2l11"
                          HEIGHT="260"
                          WIDTH="2070"
                          VPOS="989"
                          HPOS="3102"
                          CONTENT="mits den hijt van verterne aen coent ende dat den "/>
               </TextLine>
               <TextLine ID="r2l12"
                         BASELINE="3132,1286 3235,1282 3339,1278 3443,1274 3547,1269 3651,1263 3755,1256 3859,1250 3963,1242 4067,1236 4171,1230 4274,1223 4378,1216 4482,1210 4586,1204 4690,1200 4794,1195 4898,1192 5002,1190 5106,1188 5210,1188"
                         HEIGHT="221"
                         WIDTH="2107"
                         VPOS="1090"
                         HPOS="3113">
                  <String ID="string_r2l12"
                          HEIGHT="221"
                          WIDTH="2107"
                          VPOS="1090"
                          HPOS="3113"
                          CONTENT="vreden veel daer toe contribueert soo ben verwondrre "/>
               </TextLine>
               <TextLine ID="r2l13"
                         BASELINE="3126,1386 3231,1382 3337,1378 3442,1372 3548,1366 3654,1360 3759,1353 3865,1347 3970,1340 4076,1334 4182,1328 4287,1322 4393,1317 4498,1312 4604,1308 4710,1305 4815,1302 4921,1302 5026,1302 5132,1302 5238,1304"
                         HEIGHT="237"
                         WIDTH="2145"
                         VPOS="1191"
                         HPOS="3108">
                  <String ID="string_r2l13"
                          HEIGHT="237"
                          WIDTH="2145"
                          VPOS="1191"
                          HPOS="3108"
                          CONTENT="in soo lange geene de min te van ue commande hebte"/>
               </TextLine>
               <TextLine ID="r2l14"
                         BASELINE="3108,1490 3213,1486 3318,1482 3423,1477 3528,1470 3633,1466 3738,1459 3843,1454 3948,1448 4053,1442 4159,1436 4264,1432 4369,1427 4474,1422 4579,1420 4684,1418 4789,1416 4894,1416 4999,1418 5104,1420 5210,1422"
                         HEIGHT="192"
                         WIDTH="2132"
                         VPOS="1329"
                         HPOS="3092">
                  <String ID="string_r2l14"
                          HEIGHT="192"
                          WIDTH="2132"
                          VPOS="1329"
                          HPOS="3092"
                          CONTENT="becoemen daerom coemen ue de menoreen ve"/>
               </TextLine>
               <TextLine ID="r2l15"
                         BASELINE="3128,1578 3233,1578 3338,1578 3444,1576 3549,1573 3655,1570 3760,1566 3865,1560 3971,1554 4076,1549 4182,1542 4287,1537 4392,1532 4498,1529 4603,1526 4709,1524 4814,1524 4919,1526 5025,1528 5130,1533 5236,1540"
                         HEIGHT="184"
                         WIDTH="2137"
                         VPOS="1438"
                         HPOS="3114">
                  <String ID="string_r2l15"
                          HEIGHT="184"
                          WIDTH="2137"
                          VPOS="1438"
                          HPOS="3114"
                          CONTENT="verschen en mij aen ue in dachtigh maeken mijn"/>
               </TextLine>
               <TextLine ID="r2l16"
                         BASELINE="3120,1688 3223,1687 3326,1686 3429,1682 3533,1679 3636,1676 3739,1672 3843,1668 3946,1664 4049,1660 4153,1655 4256,1652 4359,1648 4462,1645 4566,1643 4669,1642 4772,1640 4876,1642 4979,1642 5082,1644 5186,1650"
                         HEIGHT="180"
                         WIDTH="2096"
                         VPOS="1533"
                         HPOS="3104">
                  <String ID="string_r2l16"
                          HEIGHT="180"
                          WIDTH="2096"
                          VPOS="1533"
                          HPOS="3104"
                          CONTENT="dienst presenteerendt met advis dat present seer"/>
               </TextLine>
               <TextLine ID="r2l17"
                         BASELINE="3120,1798 3222,1795 3325,1792 3428,1788 3531,1784 3634,1780 3737,1776 3840,1772 3943,1768 4046,1764 4149,1760 4251,1757 4354,1755 4457,1752 4560,1752 4663,1750 4766,1750 4869,1752 4972,1754 5075,1757 5178,1762"
                         HEIGHT="186"
                         WIDTH="2087"
                         VPOS="1639"
                         HPOS="3104">
                  <String ID="string_r2l17"
                          HEIGHT="186"
                          WIDTH="2087"
                          VPOS="1639"
                          HPOS="3104"
                          CONTENT="wel voors ien ben van alle soorten van goederen"/>
               </TextLine>
               <TextLine ID="r2l18"
                         BASELINE="3124,1894 3224,1896 3324,1894 3424,1894 3525,1891 3625,1888 3725,1883 3826,1878 3926,1874 4026,1869 4127,1864 4227,1860 4327,1856 4427,1852 4528,1850 4628,1848 4728,1848 4829,1850 4929,1852 5029,1856 5130,1862"
                         HEIGHT="164"
                         WIDTH="2035"
                         VPOS="1761"
                         HPOS="3110">
                  <String ID="string_r2l18"
                          HEIGHT="164"
                          WIDTH="2035"
                          VPOS="1761"
                          HPOS="3110"
                          CONTENT="soo schoon soortiment als ue noch oyt by mij"/>
               </TextLine>
               <TextLine ID="r2l19"
                         BASELINE="3138,1990 3239,1990 3341,1990 3442,1988 3544,1986 3645,1982 3747,1978 3848,1974 3950,1970 4051,1965 4153,1960 4254,1956 4356,1952 4457,1950 4559,1946 4660,1946 4762,1946 4863,1948 4965,1952 5066,1956 5168,1964"
                         HEIGHT="177"
                         WIDTH="2058"
                         VPOS="1854"
                         HPOS="3123">
                  <String ID="string_r2l19"
                          HEIGHT="177"
                          WIDTH="2058"
                          VPOS="1854"
                          HPOS="3123"
                          CONTENT="sal hebben gevonden het is waer dat de goedere"/>
               </TextLine>
               <TextLine ID="r2l20"
                         BASELINE="3130,2094 3230,2094 3331,2092 3431,2090 3532,2087 3632,2084 3733,2080 3833,2076 3934,2072 4034,2068 4135,2064 4235,2060 4336,2056 4436,2054 4537,2052 4637,2050 4738,2050 4838,2051 4939,2054 5039,2056 5140,2062"
                         HEIGHT="220"
                         WIDTH="2041"
                         VPOS="1952"
                         HPOS="3114">
                  <String ID="string_r2l20"
                          HEIGHT="220"
                          WIDTH="2041"
                          VPOS="1952"
                          HPOS="3114"
                          CONTENT="dierder in prys wesen neettemin ick sal ue e"/>
               </TextLine>
               <TextLine ID="r2l21"
                         BASELINE="3144,2204 3241,2202 3339,2200 3436,2197 3534,2194 3631,2190 3729,2185 3826,2180 3924,2176 4021,2172 4119,2166 4216,2163 4314,2158 4411,2155 4509,2152 4606,2150 4704,2150 4801,2150 4899,2150 4996,2153 5094,2156"
                         HEIGHT="216"
                         WIDTH="1980"
                         VPOS="2057"
                         HPOS="3129">
                  <String ID="string_r2l21"
                          HEIGHT="216"
                          WIDTH="1980"
                          VPOS="2057"
                          HPOS="3129"
                          CONTENT="wul bedienen biddende inde voor delende"/>
               </TextLine>
               <TextLine ID="r2l22"
                         BASELINE="3140,2310 3241,2306 3342,2302 3443,2298 3545,2293 3646,2288 3747,2282 3849,2278 3950,2272 4051,2268 4153,2262 4254,2258 4355,2254 4456,2250 4558,2248 4659,2246 4760,2246 4862,2246 4963,2246 5064,2249 5166,2252"
                         HEIGHT="211"
                         WIDTH="2058"
                         VPOS="2154"
                         HPOS="3123">
                  <String ID="string_r2l22"
                          HEIGHT="211"
                          WIDTH="2058"
                          VPOS="2154"
                          HPOS="3123"
                          CONTENT="occasien mij niet en gelieft voor bij te gaen "/>
               </TextLine>
               <TextLine ID="r2l23"
                         BASELINE="3128,2432 3172,2430 3217,2429 3261,2426 3306,2424 3350,2422 3395,2419 3439,2416 3484,2414 3528,2411 3573,2408 3617,2406 3662,2403 3706,2400 3751,2397 3795,2395 3840,2392 3884,2390 3929,2389 3973,2386 4018,2384"
                         HEIGHT="190"
                         WIDTH="921"
                         VPOS="2284"
                         HPOS="3110">
                  <String ID="string_r2l23"
                          HEIGHT="190"
                          WIDTH="921"
                          VPOS="2284"
                          HPOS="3110"
                          CONTENT="die ben ven herten"/>
               </TextLine>
               <TextLine ID="r2l24"
                         BASELINE="4416,2504 4443,2502 4470,2500 4497,2498 4524,2496 4551,2494 4578,2491 4605,2490 4632,2488 4659,2486 4686,2484 4713,2481 4740,2480 4767,2479 4794,2478 4821,2476 4848,2474 4875,2473 4902,2472 4929,2472 4956,2472"
                         HEIGHT="157"
                         WIDTH="578"
                         VPOS="2383"
                         HPOS="4395">
                  <String ID="string_r2l24"
                          HEIGHT="157"
                          WIDTH="578"
                          VPOS="2383"
                          HPOS="4395"
                          CONTENT="27 sber 1713"/>
               </TextLine>
               <TextLine ID="r2l25"
                         BASELINE="3066,2562 3118,2557 3171,2554 3223,2551 3276,2549 3329,2546 3381,2544 3434,2542 3486,2540 3539,2540 3592,2538 3644,2538 3697,2536 3749,2536 3802,2534 3855,2534 3907,2532 3960,2530 4012,2529 4065,2527 4118,2524"
                         HEIGHT="200"
                         WIDTH="1082"
                         VPOS="2419"
                         HPOS="3050">
                  <String ID="string_r2l25"
                          HEIGHT="200"
                          WIDTH="1082"
                          VPOS="2419"
                          HPOS="3050"
                          CONTENT="Brusselle Joseph ververs"/>
               </TextLine>
               <TextLine ID="r2l26"
                         BASELINE="3138,2654 3239,2654 3340,2654 3441,2652 3542,2650 3644,2649 3745,2647 3846,2644 3947,2642 4048,2638 4150,2636 4251,2632 4352,2628 4453,2624 4554,2622 4656,2618 4757,2615 4858,2612 4959,2610 5060,2606 5162,2604"
                         HEIGHT="221"
                         WIDTH="2054"
                         VPOS="2496"
                         HPOS="3122">
                  <String ID="string_r2l26"
                          HEIGHT="221"
                          WIDTH="2054"
                          VPOS="2496"
                          HPOS="3122"
                          CONTENT="alhawel in lange d'eere niet gehadt en hebbe"/>
               </TextLine>
               <TextLine ID="r2l27"
                         BASELINE="3100,2744 3204,2746 3308,2746 3412,2744 3516,2742 3621,2740 3725,2738 3829,2734 3933,2731 4037,2728 4142,2724 4246,2720 4350,2716 4454,2713 4558,2710 4663,2708 4767,2706 4871,2706 4975,2706 5079,2708 5184,2710"
                         HEIGHT="121"
                         WIDTH="2115"
                         VPOS="2652"
                         HPOS="3084">
                  <String ID="string_r2l27"
                          HEIGHT="121"
                          WIDTH="2115"
                          VPOS="2652"
                          HPOS="3084"
                          CONTENT="ue te sien oft iets aen ue te connck vercoopen soen "/>
               </TextLine>
               <TextLine ID="r2l28"
                         BASELINE="3096,2850 3200,2846 3304,2842 3408,2840 3512,2836 3616,2832 3720,2830 3824,2826 3928,2822 4032,2818 4136,2815 4240,2812 4344,2808 4448,2804 4552,2802 4656,2798 4760,2794 4864,2790 4968,2787 5072,2784 5176,2780"
                         HEIGHT="192"
                         WIDTH="2106"
                         VPOS="2719"
                         HPOS="3081">
                  <String ID="string_r2l28"
                          HEIGHT="192"
                          WIDTH="2106"
                          VPOS="2719"
                          HPOS="3081"
                          CONTENT="me de libertijt u desen kennisse te geven dat "/>
               </TextLine>
               <TextLine ID="r2l29"
                         BASELINE="3108,2956 3209,2950 3310,2945 3412,2940 3513,2936 3615,2932 3716,2928 3817,2924 3919,2920 4020,2918 4122,2914 4223,2912 4324,2908 4426,2906 4527,2904 4629,2902 4730,2900 4831,2898 4933,2896 5034,2894 5136,2894"
                         HEIGHT="214"
                         WIDTH="2055"
                         VPOS="2782"
                         HPOS="3093">
                  <String ID="string_r2l29"
                          HEIGHT="214"
                          WIDTH="2055"
                          VPOS="2782"
                          HPOS="3093"
                          CONTENT="den laesten brief die ue geaccepteert heyt op"/>
               </TextLine>
               <TextLine ID="r2l30"
                         BASELINE="3092,3052 3198,3046 3304,3042 3410,3038 3516,3036 3622,3032 3728,3029 3834,3026 3940,3024 4046,3022 4153,3020 4259,3018 4365,3016 4471,3014 4577,3012 4683,3010 4789,3008 4895,3006 5001,3003 5107,3000 5214,2998"
                         HEIGHT="149"
                         WIDTH="2153"
                         VPOS="2919"
                         HPOS="3076">
                  <String ID="string_r2l30"
                          HEIGHT="149"
                          WIDTH="2153"
                          VPOS="2919"
                          HPOS="3076"
                          CONTENT="23 deser is coemen te vervallen en mets ue sicht "/>
               </TextLine>
               <TextLine ID="r2l31"
                         BASELINE="3112,3148 3212,3144 3313,3140 3414,3138 3515,3134 3616,3130 3717,3128 3818,3124 3919,3122 4020,3120 4121,3118 4221,3114 4322,3112 4423,3110 4524,3108 4625,3106 4726,3104 4827,3102 4928,3100 5029,3097 5130,3094"
                         HEIGHT="170"
                         WIDTH="2048"
                         VPOS="3014"
                         HPOS="3098">
                  <String ID="string_r2l31"
                          HEIGHT="170"
                          WIDTH="2048"
                          VPOS="3014"
                          HPOS="3098"
                          CONTENT="abuseert heeft van die te maecken £143:7:4100"/>
               </TextLine>
               <TextLine ID="r2l32"
                         BASELINE="3104,3272 3208,3265 3312,3259 3416,3252 3520,3246 3624,3240 3728,3235 3832,3230 3936,3226 4040,3222 4144,3218 4248,3214 4352,3212 4456,3209 4560,3207 4664,3206 4768,3206 4872,3206 4976,3206 5080,3206 5184,3208"
                         HEIGHT="229"
                         WIDTH="2111"
                         VPOS="3109"
                         HPOS="3088">
                  <String ID="string_r2l32"
                          HEIGHT="229"
                          WIDTH="2111"
                          VPOS="3109"
                          HPOS="3088"
                          CONTENT="hebbe den selven p endorsement geendorseert "/>
               </TextLine>
               <TextLine ID="r2l33"
                         BASELINE="3104,3374 3203,3370 3302,3366 3401,3360 3500,3355 3600,3350 3699,3346 3798,3342 3897,3337 3996,3334 4096,3330 4195,3326 4294,3324 4393,3322 4492,3320 4592,3318 4691,3318 4790,3318 4889,3318 4988,3320 5088,3322"
                         HEIGHT="244"
                         WIDTH="2009"
                         VPOS="3210"
                         HPOS="3090">
                  <String ID="string_r2l33"
                          HEIGHT="244"
                          WIDTH="2009"
                          VPOS="3210"
                          HPOS="3090"
                          CONTENT="op £100 wis: sijnde het geene ve mij p slet"/>
               </TextLine>
               <TextLine ID="r2l34"
                         BASELINE="3108,3458 3211,3456 3315,3456 3419,3454 3523,3452 3627,3450 3731,3446 3835,3444 3939,3441 4043,3438 4147,3435 4250,3432 4354,3430 4458,3427 4562,3425 4666,3422 4770,3422 4874,3420 4978,3420 5082,3420 5186,3420"
                         HEIGHT="161"
                         WIDTH="2107"
                         VPOS="3345"
                         HPOS="3093">
                  <String ID="string_r2l34"
                          HEIGHT="161"
                          WIDTH="2107"
                          VPOS="3345"
                          HPOS="3093"
                          CONTENT="van rec alleen schuldigtvis uyt genoemen den "/>
               </TextLine>
               <TextLine ID="r2l35"
                         BASELINE="3110,3558 3212,3558 3314,3558 3417,3556 3519,3553 3622,3550 3724,3548 3826,3545 3929,3542 4031,3538 4134,3535 4236,3532 4338,3528 4441,3526 4543,3523 4646,3520 4748,3518 4850,3518 4953,3516 5055,3516 5158,3516"
                         HEIGHT="147"
                         WIDTH="2079"
                         VPOS="3433"
                         HPOS="3094">
                  <String ID="string_r2l35"
                          HEIGHT="147"
                          WIDTH="2079"
                          VPOS="3433"
                          HPOS="3094"
                          CONTENT="intrest van £500 die ue mij belooft hatt te"/>
               </TextLine>
               <TextLine ID="r2l36"
                         BASELINE="3104,3660 3204,3656 3304,3652 3404,3646 3505,3642 3605,3640 3705,3636 3806,3632 3906,3628 4006,3626 4107,3624 4207,3620 4307,3618 4407,3616 4508,3614 4608,3613 4708,3612 4809,3610 4909,3610 5009,3610 5110,3610"
                         HEIGHT="154"
                         WIDTH="2034"
                         VPOS="3510"
                         HPOS="3089">
                  <String ID="string_r2l36"
                          HEIGHT="154"
                          WIDTH="2034"
                          VPOS="3510"
                          HPOS="3089"
                          CONTENT="voldoen die in ue diseritie telle bidde die "/>
               </TextLine>
               <TextLine ID="r2l37"
                         BASELINE="3128,3742 3226,3737 3325,3732 3424,3728 3523,3724 3622,3721 3720,3718 3819,3716 3918,3713 4017,3711 4116,3710 4214,3708 4313,3706 4412,3705 4511,3704 4610,3702 4708,3702 4807,3702 4906,3700 5005,3700 5104,3700"
                         HEIGHT="165"
                         WIDTH="2005"
                         VPOS="3631"
                         HPOS="3113">
                  <String ID="string_r2l37"
                          HEIGHT="165"
                          WIDTH="2005"
                          VPOS="3631"
                          HPOS="3113"
                          CONTENT="daer bij te voegen ende aen dh van goehte"/>
               </TextLine>
               <TextLine ID="r2l38"
                         BASELINE="3152,3836 3250,3831 3349,3826 3448,3823 3547,3820 3646,3818 3745,3815 3844,3814 3943,3812 4042,3810 4141,3810 4239,3808 4338,3808 4437,3808 4536,3808 4635,3806 4734,3806 4833,3806 4932,3806 5031,3805 5130,3804"
                         HEIGHT="136"
                         WIDTH="2006"
                         VPOS="3710"
                         HPOS="3137">
                  <String ID="string_r2l38"
                          HEIGHT="136"
                          WIDTH="2006"
                          VPOS="3710"
                          HPOS="3137"
                          CONTENT="betaelen die ue sal daer van iny el "/>
               </TextLine>
            </TextBlock>
            <TextBlock ID="r3" HEIGHT="165" WIDTH="118" VPOS="3439" HPOS="5246">
               <Shape>
                  <Polygon POINTS="5246,3439 5246,3604 5364,3604 5364,3439"/>
               </Shape>
               <TextLine ID="r3l1"
                         BASELINE="5246,3540 5275,3539 5305,3544 5334,3549 5364,3554"
                         HEIGHT="170"
                         WIDTH="163"
                         VPOS="3403"
                         HPOS="5233">
                  <String ID="string_r3l1"
                          HEIGHT="170"
                          WIDTH="163"
                          VPOS="3403"
                          HPOS="5233"
                          CONTENT="1"/>
               </TextLine>
            </TextBlock>
            <TextBlock ID="r4" HEIGHT="154" WIDTH="40" VPOS="66" HPOS="5302">
               <Shape>
                  <Polygon POINTS="5302,66 5302,220 5342,220 5342,66"/>
               </Shape>
               <TextLine ID="r4l1"
                         BASELINE="5302,170 5342,166"
                         HEIGHT="108"
                         WIDTH="76"
                         VPOS="98"
                         HPOS="5284">
                  <String ID="string_r4l1"
                          HEIGHT="108"
                          WIDTH="76"
                          VPOS="98"
                          HPOS="5284"
                          CONTENT="t"/>
               </TextLine>
            </TextBlock>
            <TextBlock ID="r5" HEIGHT="1079" WIDTH="232" VPOS="685" HPOS="5280">
               <Shape>
                  <Polygon POINTS="5280,685 5280,1764 5512,1764 5512,685"/>
               </Shape>
               <TextLine ID="r5l1"
                         BASELINE="5408,722 5428,722"
                         HEIGHT="106"
                         WIDTH="47"
                         VPOS="669"
                         HPOS="5394">
                  <String ID="string_r5l1"
                          HEIGHT="106"
                          WIDTH="47"
                          VPOS="669"
                          HPOS="5394"
                          CONTENT="t"/>
               </TextLine>
               <TextLine ID="r5l2"
                         BASELINE="5344,878 5372,878 5400,878 5428,878 5456,879 5484,880 5512,882"
                         HEIGHT="162"
                         WIDTH="199"
                         VPOS="767"
                         HPOS="5329">
                  <String ID="string_r5l2"
                          HEIGHT="162"
                          WIDTH="199"
                          VPOS="767"
                          HPOS="5329"
                          CONTENT="sa"/>
               </TextLine>
               <TextLine ID="r5l3"
                         BASELINE="5288,974 5314,980 5341,979 5368,974 5395,966 5421,959 5448,955 5475,955 5502,960"
                         HEIGHT="114"
                         WIDTH="250"
                         VPOS="896"
                         HPOS="5268">
                  <String ID="string_r5l3"
                          HEIGHT="114"
                          WIDTH="250"
                          VPOS="896"
                          HPOS="5268"
                          CONTENT="ty "/>
               </TextLine>
               <TextLine ID="r5l4"
                         BASELINE="5280,1026 5316,1022"
                         HEIGHT="104"
                         WIDTH="71"
                         VPOS="978"
                         HPOS="5260">
                  <String ID="string_r5l4"
                          HEIGHT="104"
                          WIDTH="71"
                          VPOS="978"
                          HPOS="5260"
                          CONTENT="jn"/>
               </TextLine>
               <TextLine ID="r5l5"
                         BASELINE="5406,1060 5446,1080"
                         HEIGHT="148"
                         WIDTH="123"
                         VPOS="958"
                         HPOS="5383">
                  <String ID="string_r5l5"
                          HEIGHT="148"
                          WIDTH="123"
                          VPOS="958"
                          HPOS="5383"
                          CONTENT="6d"/>
               </TextLine>
               <TextLine ID="r5l6"
                         BASELINE="5350,1168 5380,1176 5410,1180"
                         HEIGHT="88"
                         WIDTH="99"
                         VPOS="1098"
                         HPOS="5339">
                  <String ID="string_r5l6"
                          HEIGHT="88"
                          WIDTH="99"
                          VPOS="1098"
                          HPOS="5339"
                          CONTENT="d"/>
               </TextLine>
               <TextLine ID="r5l7"
                         BASELINE="5380,1220 5404,1228"
                         HEIGHT="82"
                         WIDTH="71"
                         VPOS="1177"
                         HPOS="5357">
                  <String ID="string_r5l7"
                          HEIGHT="82"
                          WIDTH="71"
                          VPOS="1177"
                          HPOS="5357"
                          CONTENT="dt"/>
               </TextLine>
               <TextLine ID="r5l8"
                         BASELINE="5348,1290 5373,1292 5398,1291 5423,1292 5448,1294"
                         HEIGHT="96"
                         WIDTH="129"
                         VPOS="1245"
                         HPOS="5334">
                  <String ID="string_r5l8"
                          HEIGHT="96"
                          WIDTH="129"
                          VPOS="1245"
                          HPOS="5334"
                          CONTENT="eg uy"/>
               </TextLine>
               <TextLine ID="r5l9"
                         BASELINE="5378,1362 5400,1362"
                         HEIGHT="89"
                         WIDTH="50"
                         VPOS="1300"
                         HPOS="5364">
                  <String ID="string_r5l9"
                          HEIGHT="89"
                          WIDTH="50"
                          VPOS="1300"
                          HPOS="5364"
                          CONTENT="1t"/>
               </TextLine>
               <TextLine ID="r5l10"
                         BASELINE="5288,1410 5318,1415 5349,1419 5380,1414"
                         HEIGHT="159"
                         WIDTH="126"
                         VPOS="1338"
                         HPOS="5272">
                  <String ID="string_r5l10"
                          HEIGHT="159"
                          WIDTH="126"
                          VPOS="1338"
                          HPOS="5272"
                          CONTENT=""/>
               </TextLine>
               <TextLine ID="r5l11"
                         BASELINE="5358,1554 5398,1550"
                         HEIGHT="98"
                         WIDTH="78"
                         VPOS="1480"
                         HPOS="5336">
                  <String ID="string_r5l11"
                          HEIGHT="98"
                          WIDTH="78"
                          VPOS="1480"
                          HPOS="5336"
                          CONTENT="d"/>
               </TextLine>
               <TextLine ID="r5l12"
                         BASELINE="5304,1746 5324,1738"
                         HEIGHT="178"
                         WIDTH="107"
                         VPOS="1594"
                         HPOS="5237">
                  <String ID="string_r5l12"
                          HEIGHT="178"
                          WIDTH="107"
                          VPOS="1594"
                          HPOS="5237"
                          CONTENT="d"/>
               </TextLine>
            </TextBlock>
         </PrintSpace>
      </Page>
   </Layout>
</alto>
