4930 3917
246 84 891 149 et en attendant de me dit

1603 119 870 207 Ady 28 Januar 1712

217 130 1133 251 Leyden Jacobus de Beust

351 233 2127 228 ue aengenaeme van 8 sber laest hebbe het sijnen

333 332 2147 213 tijde wel ontfangemende geen occasie gehadt om

328 419 2153 224 die eerder te beantwoorden suf de wedue mihte

332 538 2123 209 Bouwens van Dhr PBolys geen eisfactie conende

374 610 2100 220 becoemen heeft mij wederom versocht ue daer toe

342 696 2133 223 lastigh te vallen. ick bidde ue ist moogelijck devoiren

374 802 2024 213 te doen om haer te salveeren ne sal haer en mij

339 879 2018 235 verobligeeren, ick wenste van herten ue van

328 973 2130 255 syne resteerende goederen onder mij eyndelijck geliefte

345 1108 2092 185 te disponeeren want ick de selfde politevelijck niet

355 1173 2107 199 en Jan vercoopen: coemt den vrede aengetrossen

392 1281 1977 180 te worden soo dsalt met de dear mosgne laekens

363 1364 2024 188 noch veel slinner wesene het is hier te lande

377 1438 2080 197 met alle negotie soo desperaet en rnet pall met

289 1535 2119 186 de mane facturen dat het onbeschrevelijck iN. hoot

363 1632 1986 177 laete het beteeren ue allen legen ende

336 1724 2110 165 aen syne familie in det begonnen iaer, wenschende

360 1832 2092 182 met wele volgende tot coutentement en salighjn

371 1907 1823 180 soo blijve van herten in alle occasien

1590 1986 864 193 Ady 26 Januar 172

159 2017 1111 213 Brussel Michiel van Schoor

345 2104 2110 187 in lange d'eere niet gehadt te schrijven faute van

341 2206 2096 206 occasie. ick wenste wel die wat freqienter voorwel ende

365 2302 2076 169 dat wij eens voor goet comden kennisse maeken. oft ie

390 2398 2015 142 mij oft wel een ander implyaert moet ue een ende

342 2478 2015 166 het selfde wesen, als ue maer siyn int rest coemt te

366 2570 2007 155 vinden. ick verseekere ue dat ick ue soo civiel sal

363 2644 2125 167 bedienen en alles overlaeten als mandt soude connen

356 2750 2087 177 oft moogen doen. gelieft maer eens de preuve te nemen

381 2855 2100 162 hebbe alderhande sortiment van goederen ende engelsche

343 2926 2091 147 manufacturen tot ue dienste. trecke op ue in fosigne

328 3038 2067 168 =tre te betaelen aen d'ordre h. Peeter van dock het

335 3118 2143 151 import van de drij witte prisaerden aen ue ap op 5 pe

357 3205 2101 157 a aest gesonden bedraegende £21:17:9 die conform

381 3292 2081 190 met de betaelinge gelieft te verheeren op eenige

354 3395 2043 181 daeghen naer ue conmoditeydt end ue sal my

374 3484 1265 192 vrobligeeren die blijve

2542 58 713 106 hue ge ien heteren

4027 58 765 133 28 Juonuar 1713

2650 133 2174 193 ch hebbe noyt d'eere gehadt sijn edt te schrijven dh Jaqu

2648 281 2171 113 meyers mijn oom mij guaddiseert hebbend de asj efpaie

2627 302 2192 185 d a longeure van P anthoin  aut en p

2626 416 2188 122 liph dogmaruz voorts comende onder sy ed s bires

2633 505 2162 115 rinde soo neme de libertyt dien aengaende eens

2634 549 2180 124 exa lissement te versoecken want ick woorde daege

2642 627 2113 159 ly soo gepatibiileert en lastigh gevallen

2661 727 2134 121 dat het onnoigelyck is die lunden satisfactiu

2659 812 2166 118 te connen gevere ick hebbe op die assiqnaries goederen

2655 894 2089 156 gelevert ende de selve in betaelinge aenveert ende dat

2673 968 2088 174 is un bij de maenden geleden ende niet langer daer mede

2658 1068 2101 130 te vreden sijnde soo bidde soo veel goetheyt te hebben

2612 1183 2105 109 my met een letter antwoort te favor seeren om

2624 1288 2099 133 mijne mesu res naeradvenant te comen nemene

2672 1347 2121 148 weeten oft de betaelinge eyndelijck sal volgen ofte niet

2644 1459 2131 152 saue et sal mij particuulier verobligeeren die beyve

2670 1536 726 149 in alle occasien

3956 1556 787 206 Ady 29 ditto 1712

2526 1625 1280 173 pantur la femme a £ astaigne

2631 1702 2178 169 ie m'estonne que je suis encor sans llhonnaur de vre res poux

2648 1818 2140 117 a ma derniere du 18 xbro1 vous voyez que i'ay fait toute ce

2643 1890 2109 174 q'un honnesse homme puis faire. ayez dond aussij de la

2622 1964 2145 147 consider ation. il n'est pas ut que ie perde au lieu de

2632 2061 2164 182 profiter n stts. il est incroyable comme l'argent est

2649 2136 2150 178 presentement vare pr tout cependant ie suis accable et

2621 2229 2107 153 ie doibt trouver fond pour me maintenir et payeer

2667 2309 2152 161 mes debtes agissez anion Esguard comme vous souhaitte

2631 2394 2153 124 que sion vous faste, car ma fois il est praisouable

2649 2470 2140 150 de je vour fristre de ce quiil s'est due soulayez moy

2654 2605 2110 116 ie vous et prie, et faittez moy remise come d.q

2639 2645 2116 143 m'at procurs depuistant de temps me siant a vre

2650 2729 1717 135 diseretion ie me dit en attendant

3562 2808 882 164 Aady 29 ditto

2500 2822 745 187 Brussel Jan Jacops

2606 2933 2154 164 hebbe het ongeluck gehadt ue vomuis laest hier synde

2586 3010 2187 142 niet te connen spreken. gelijck wat sterck op london hebbe

2611 3118 2084 153 aftegeven ende dat verobligeert ben sond te soeken soo

2599 3200 2140 195 wenste wel ue de goecheydt hadde aen mij het iport

2601 3277 2182 189 vant pack carsegen geliefde te remitteeren ue weet

2615 3400 2195 143 wel gat die groeve goederen present den intrest niet

2620 3466 2181 144 en connere uyt doen, ick versoeke ue de vriusschage

2602 3586 2171 142 ende naer offers van mijnen dienst in alle voor

2613 3675 1709 164 vallende occasien soo blijve
