5650 3895
720 77 2191 134 sijende vate ec ende d ick mijn pack

772 110 2101 190 maghcrlanen ick weete wel dat ue goede

807 212 2118 173 vrienden heeft ende gelieft het soo te beoegeers

790 315 2110 170 dat ik can weete waer nae mijn misere

852 414 2052 143 te nemen het is nie maende dat datwerck

858 502 2075 216 gedeert heeft dat im mersalle reden te segeyte

867 597 2061 248 gaet op die tijt isser ten mens ter vergaede

849 698 2011 196 renghe geweest het es ongehoort soo als ick

845 773 2072 252 her inne gehandelt worde het is waer datter

861 908 2030 216 niet te doen en is als met ootmoedighe taep

879 1046 2037 245 plicatie roortste gaen en hebe donenete sen

862 1167 2062 174 gen maer var moet coenwel eynde van saeke

854 1253 2049 213 coemen het is mij leeft p ue laesten te sien

870 1368 2039 226 het arrivement van george oilbey godt cy

882 1492 2015 246 danck dat pakN7 aen om boort hout en

883 1601 2047 268 60 ½ usto 0g½ maeckt op uyterste docy

883 1743 2041 216 tiens t8 op p 18 ider de weede sonder de cagy

898 1824 2014 250 en orappers die niet moeten betaelen end

884 1951 2020 179 de oncosten van berydero en afscheper hes

907 2056 1987 205 st£ 78:108:17:8 tot den laesten groeten toe ge

882 2176 1994 238 lieft het selfde sonde l dikaye te  daper

864 2301 1970 217 cheren want ben met deseyntiens verlegen

886 2412 2023 226 mets nu occasie van de selve te debiteren

929 2535 1684 212 aen de hant hebbe blijve va heten

2241 2645 482 176 11 sber 173

719 2676 1396 200 Amsterdam Francois Rousseau

907 2769 2016 160 ue aengenaeme van 7 cout is mij wel geworden

903 2874 1931 160 met de se remises daer bijvermelt op gresen

906 2977 1991 156 te ma tot brussel als eenen van 7 gber op ieson

2342 3080 543 157 £195145

885 3081 593 162 £200 a 28 ½

882 3132 1999 202 en eenen van den selve dato e van £500 ƒ4£ 488:15

2490 3281 365 129 ƒ684:18

836 3295 2094 230 die om ae eptatie hebbe gesonden ue gelieft te melde

876 3431 2051 163 dat het on moogelijck is ½ pies p mees te connen

890 3529 2031 162 becoemen ende dat ick mij minder moete bed

876 3627 2018 197 devingen daer op antwoorden dat ick weynegh

3028 0 2214 150 st geene den ue becoemen hebbe dien hij dat geet

3037 103 2211 160 daert hebbe sie door gaents wat ue mij op

3045 204 2158 213 gesonden heeft meer schaede dan profijt sal ue

3018 314 2171 209 uijt mecken want brussel doorgaenti ne

3064 415 2162 237 2 verliest ende ten waere sie moeder de e

3032 516 2121 261 vilitijt hadde die in te voorderen dat ick

3046 624 2199 228 doorgants daer aen soude verlooren hebben op

3032 754 2225 234 brussel en soecke geene remises oft daer moct

3025 879 2199 225 ½ poet exa wesen int remitteeren maeckt

3031 1003 2171 196 dernewaerts geene destinctie en telkens als ic

5145 1159 99 72 l

3034 1116 2195 203 ue versoeckt hebbe te trecken heeft het mjtcy

3045 1246 2200 202 ½ t geschollep heden remitteert ue areton den

3040 1354 2176 204 naers sich niet willen schecken naer advenant

3032 1449 2147 225 het van costij afcoemt ende alsoo men van

3060 1566 2078 265 opiniens datter partyen van costee naer heer

3048 1677 2168 193 moeten geremitteert worden soo sal ue mijne

3067 1788 2085 243 advantagie gelieve waer te nemen ende

3060 1870 2145 227 voort geene van profijt om te remitteee

3065 1995 2110 186 ue voor comt niet te willen naer laeten te

3075 2045 2167 262 aenveerden en op mij het selfde te prevaliend

3079 2214 2133 213 dat ue seer recommandeerens alleen 2 briefkens

3073 2338 2101 200 als van 9 july aytcadie us o luis en jea

3069 2440 2124 188 mender de costo 309:16 a 124 ¼ en van 16 july

3062 2557 2158 212 eyt cadix uso op N da Coste D119:317 a 125 ¾

3075 2645 2152 215 waer voor het noodigts gelieft te besoorgenende

3022 2770 2192 217 de somme uyt te maacke alsoo mij de breef

3047 2878 2166 249 fiens maer gebrocht worden ende dan tiyt niet

3040 3005 1539 216 en hebbe blijve in afwachtinge

3048 3132 2154 208 banco ¼ cour 4 p at ¼ london 1 35:8 a 7 pa

3048 3270 798 201 ds niet te doen

2967 3316 2073 245 leyden p lierferrieres et Sigaet 11 sber 1713

3028 3451 2149 147 en saitte a la chere vre du 11 du passe le

3026 3573 2123 143 pactgent pr le S d'aouxt m'est pervencue

3030 3654 2151 166 mais point franc com me l'adviscer clest
