5661 3880
669 38 2190 258 Bruxelles la vefoe Rousseau Ady 14 ditto 1713

807 200 2033 201 J'ay trois de cheres vstres a respondre du 22

750 313 2027 180 dernier 6et 12 du courant en suitte a la

795 406 2031 232 premiere i'espere que mes remises sont payée

805 540 2075 229 pour £384:13:4 it vous ay credite pour me

765 666 1924 201 traitte en faver les S. Annony et griges

784 772 2079 188 £90:- de cnesme que de £200:- pour traitte

775 880 1995 195 de mons vrels francises d'Amsterdam

769 1005 2077 218 sur moy et debite pour £83:6:18 que s

810 1140 2030 177 m'advise d'avoir receu pour mons compte

800 1240 1908 224 de mad. la veulve seggr vander Borght

804 1385 1976 206 puis quie vous plaist d'arrester compte

822 1491 1989 175 tout les singnois cen seray de mesme

797 1576 2046 236 y copis oit les pars ses jusques a cejour

823 1712 2011 175 ie trouve avoir sbon £707:9:9 vrt

801 1795 2032 184 le trouvant iust aurnla dointe m en donner

838 1903 1995 203 advis p occasion. ie suis parfaittement

1961 2009 873 249 Adij 18 ditto J16:7

656 2041 1065 218 Mons nico las de Hauchin

805 2185 2039 176 ie n'ay receu la chere vre d 13 du courant pue

813 2270 2012 221 ceiourdhuy avec remise a jours de veus acharge

818 2417 2073 200 les Pierre van hoch a Bruxelles de ƒ573: de chang

821 2515 2046 200 i'ay requarde nre compte. il me resteroit quelqui

846 2651 2040 175 bagatelle dont jauray le honneur de vous parler

838 2764 1946 183 sutre temps, puis que vous le souhaittez ainsy

866 2846 2001 219 celle vous servira de quittence a s solue iuspues

850 2978 1970 185 a ce jour 15 julliet 1703 de touttes affaires que

843 3099 1990 169 nogs avons eu p. ensemble mogennant que

821 3195 2031 154 vre remise curditte de ƒ573: soit paqee la

840 3303 1988 225 quelle ie tacheray de negovcer cito possible

826 3421 2045 178 les lettres sur ru xelles perdent presentement

868 3516 1907 226 1 la 2 pourcent ie ne vous ay envoyee les

880 3643 1921 200 derniers eschantillions g'avec regrest et de la

2935 52 2104 194 pasne car il ay a rien avoir a des eschantillions

2961 181 2214 201 principalement a caux de si bas, prix. i'ay le mallieuur

2946 303 2032 231 que ie ne vende jamais sur les eschanillions

2963 451 2126 159 c'est tout aultre a voir les draps en presce et ie

2950 570 2198 203 vous consielerois a me vemit voir est achepter ce que

2931 673 2220 228 pourriez avoir besoing car en sincerite les marchatle

2918 808 2240 197 dises angmente rout de plus en plus. ie vous puis dire

2963 915 2168 169 et cela sans me venter que ie n'ayteu de ma vie

2946 1041 2140 220 plus jolie assortiment que ie n'ayt apresent et

2969 1141 2082 219 cela de touttes sortes de draps et mansfacuures

2966 1283 2235 158 d'Angleterre i'ay fuit une bonne provision d'welle

2974 1410 2071 202 et ie vous serviray en cor a raisonable prix

2944 1537 2251 226 puis que ie suis en estat de le faire n'ayt et lhouz

2937 1656 2217 196 neir de vendre une considerable partie a monsr

2975 1802 2048 203 Bassecourt quil at este p. iy passe quelques

2962 1913 2165 170 lepmainnes et il vous puis dire quil na veu de

2963 2033 2151 211 la vre plus belles plarchandises que ie n'e luy

2982 2162 2129 146 ait vendue au resquard de vos serges ie me

2967 2277 2148 177 referere a ma derniere. ie les seray tiendre

2988 2398 1991 179 p. occasion et cela au mellieur marches

2959 2512 2137 195 possible i'en feray accord comme s'il seroit

2963 2631 2141 209 pour moy mesme attendant l'honneur de

3020 2749 1145 161 vous voir ie me dit

2911 2837 2141 230 Brussel de wed. Rousseau Aey 18 Juli 1713

2990 2994 2105 187 iay bien recu lhonneur de la vre du 15 de

2978 3139 1990 177 courant ie vous envoyeray desmain op

2981 3275 2136 176 apres de tmain mi extraiet ou compte avec

2976 3359 2078 201 stouttes les parties, i& que vous le souhaittez

2987 3461 2123 179 ainsy. ie vous rire en faveur du S  Antnony

2984 3567 2082 139 cesou dhuy a veue ƒ756:14 argent courant ie

2982 3689 2209 134 vous prie  faire honneur et me debirer pour ƒ108:2 de s
