5647 3887
679 0 2228 200 sijnde de 2 piere we lisie verdocht hn

688 71 2209 231 partjckede van 23 Julij 1711 bestaende in een blouw

757 212 2137 187 ende 2 swerte sylde de swerte ingelijck vercocht

741 290 2123 162 nevens een half blouw het sweert drap dcomme

762 375 2091 247 van 13 februarij deser jaere nu vercocht sijnde

763 470 2109 201 soo en can ue maersen 2 blouw laecken resten

776 570 2065 214 bidde ue laetons die rec sluyten ende het

779 681 2085 231 blouw op nieuwe p restanten laeten versoecke

780 784 2102 205 ue van herten mij notitie en reck daer van te

771 875 2107 236 senden en vermits ue sonder sortiment is soo sa

814 984 2026 199 daer waegen een nieuwe van swerten van di

805 1082 2033 247 vensche prijsen te senden ick sal de £50 pro

795 1193 2095 218 visconeelijck trecken aengaende de wolle goedere

802 1305 2092 204 en is geenen prys te noteeren door iet slecht debi

818 1407 2045 204 doet ider een wat hij can ende daeren is geene

818 1516 2029 244 gereguleerde merckt nochte en salder wesen

761 1601 2083 196 voor alseer een ider uyt vercocht sal sijn van

803 1697 2050 210 den goeden coop goederen die men bij heeft ge

814 1818 2091 207 hadt de alderbeste cargeyen souden wel ƒ 28 pack

831 1920 2071 245 ende gemeyne sorten van bayen van 6 27 a 28ƒ 25

847 2018 1970 255 sijne baykent van  30 ƒ 30 en van  36 ƒ 36 soo

846 2134 2054 196 veel pondens soo veel gandens de hooger gewe

852 2220 2052 213 ten ƒ7a8 mender dan de ponden Ick hebbe sijdne

850 2338 2042 251 bayen & 48 die ick ƒ58 het stuck vercocht hebbe

859 2438 2022 264 in frisaerden isser in sa 2 jaeren weynigh

865 2540 2042 204 aftreck geweert door dien de decke bayen soo gee

854 2641 1999 211 den te coopwaeren maer nue geloove de sclve

871 2756 2016 213 tegens het wenter saisoen veel sullen gesocht

877 2865 2019 168 worden en wel tusschen de 12 en 13 suijvers 7

866 2961 1961 221 eshaelen daer ue in can dienst doen gelieft

859 3067 1986 195 in alle occasien liberlijck te commander

860 3168 2032 212 die n atwachtinge van het versochte blijve

2132 3284 586 175 7 augusty 1713

717 3332 1175 168 Amsterdam Francois Rousseau

836 3433 2066 132 hebbe beyde ue aengenaeme van 3 en4 court wel ont

830 3542 2053 162 fange Ick hebbe altijts het ongeluck van achter het

844 3611 2017 156 het te vissen het is teekers dat ue mijne misse

828 3679 2075 176 qualijck ventaen heeft want hebbe geseytmet het

2989 0 2238 160 e then der b eee pulser peep leyeenvror den

3006 127 2210 131 in augesty oft in begin van augustij ende met eenen

2994 186 2237 177 nieuwen sih ue geadviseert dat tot brussel bij iue

3005 294 2218 183 moederera £1100 in casse hadde daer ue van sou

3034 431 2132 101 de connen disponeeren ingevalle mede

3016 487 2203 198 tijt de banque gesloeten was prorato met advan

3028 580 2166 213 ue mij conde remitteeren ue hatos mij van bries

3040 696 2174 157 sal gesonden wordende sal ue conform voor de

3057 770 2139 220 biteeren en afwachtende wat ue mij daer te

3051 869 2173 255 send voort gene bij ue te goet hebbe tegens morgen

3042 987 2173 183 sal remitteeren maer hadde liever gehadt ue

3053 1119 2171 164 niet en hadde op brusselle getrocken die cours

3060 1196 2154 252 is te hoogh ende te schaedelijck oock en derve

3043 1306 2187 253 Ick . ue moeder continuel met soo daenige

3052 1402 2169 267 bagatelle niet embasseeren want als i wil

3033 1542 2198 275 apcointienen en van hier met clijne pertijcken

3056 1662 2073 207 trecken can ick het parij doen dat immers

3048 1780 2139 239 voy wat schelt ue gelieve op brussel niet meer

3065 1915 2125 225 te trecken aengaende Jean lierre Gilbertijs een

3068 2017 2055 204 mackelaer en vegilant persoon die sich laet

3070 2137 2131 189 masiloyeenen van jean oft Jaques martinfinnet

3060 2218 2109 219 van leyck voor weens reck hij door joseph de

3043 2351 2122 199 tromanteaie wort betrocken en accepteert ick

3045 2440 2111 178 en oordeele niet sulckx soo quaet te wesen als

3070 2541 2120 186 den intrest wat rendeert ende ue geene partyen

3052 2648 2102 203 en resqueert sen nendr boven dien de ca pau

3044 2774 2141 188 tijt des trecker s. ingesloeten remitteere ue op Cornelso

3030 2874 2062 156 van Linselo op 2 a d sicht £462: - banco waer

3035 3017 2102 163 voerens het tnoodige gelieve te besorghen ende my

3028 3107 1119 136 te crediteeren blijve

2930 3194 2152 214 Brussel Jean Bap. Beydaels Ady 9 Auguiti 1713

3004 3341 2013 185 en twijfele nier oft het paxie gemerckt BB. ue

2989 3472 2169 174 ingevolge ue ordre op 2 deser p beurtschis toegesonden

2985 3561 2165 160 sal ue wel hebben ontfangen. desen tot het accoimpa

2956 3694 2221 121 meeren van de facture bedraegende in wistel ƒ742:19
