5650 3895
766 52 2140 133 et a quils jay bien vendu acer il est assure quel

758 176 2142 106 y aura quelq chose a faire apres la recolte et

774 282 2112 111 que vs en acerez besoing lors que ne les pouveres

780 402 2120 103 plus au prix come a present car les manis

816 510 2090 99 factures encherissent de jour en jour et ns ven

814 614 2048 115 dons encor a bon marchi au jupt que les

820 742 2018 103 avons a bon marché si vs souhaitter d'en

834 858 2024 105 estre participant croye que je feray pr vs

846 980 2068 99 tout ce que je pourray faire esctant  jours

2016 1094 748 88 23 augusty 1713

712 1098 1008 111 Bruxelle de wed. Dekens

784 1202 2054 100 ue aengenaeme van 9 deser hebbe het synen

836 1298 1954 100 tijde wel ontfange met eenen inclose voor

856 1390 2038 112 Dhr. de meester die naer lecture hebbe geslote

866 1479 1898 133 ende hem met sijne huys vrouwe  in

862 1582 1934 139 stat sijnde doen behandige soo ick verneme

884 1696 2022 149 sal hij tot bruxelle passeeren voor sijn vertreck

912 1794 1964 183 ick en twijffele niet in dien gevalle oft hij sal

896 1910 1976 187 ue besoecken ick vertrouwe dat het nu met ue

912 2030 1992 185 wat beeter gaet ende dat hem alle sal schicken

932 2159 1896 156 dat mij aengenaem sal wesen sijnde altijts

2136 2254 452 80 26 augusti

748 2288 900 117 Gent J:B: de saedelaer

892 2335 1994 164 ue aengenaeme van 14 cout hebbe wel ontfange

890 2429 1986 160 met recke van de vercochte goederen

902 2505 2020 175 en can maer sun mochte d'accordt bevende

862 2586 2022 193 voor alhier ue de goetheyt heeft van mij te

882 2690 2038 201 noteren de nombers met de lenghde enckt

878 2786 1984 207 gene onvercovht onder ue is berustende

872 2896 2038 212 ende dat in antwoort versoecke ick sal ue

876 3006 1988 204 dan pr. eersten rek. court senden heden

860 3099 2052 215 hebbe de £50 getrocken te betaelen op sicht

900 3203 2004 207 aen d ordre Dh Pedro Baut die on

896 3303 2016 205 gelieft te verheeren sal oock ue advis afwach

858 3410 2022 195 ten al voorens ue een fortun  af te

878 3524 2006 167 senden met den abondanten cost ende de

916 3646 1996 143 ruste van het platte lant met de

3046 64 2222 105 tegenwordigen vreden soo verhoepe dat de negotie

3048 184 2214 101 sich sal gaen herstellen,  voor vallende ver

3050 286 2206 135 souke mij indachtigh te wesen op dat mij onse

3056 406 2206 137 oude kennisse moegen onderhouden blijve

4470 518 676 73 28 augusty 1713

3014 528 1110 113 Rotterdam Dionys verburgh

3056 632 2166 110 naer het ontfangen van ue laeste van 4 court soo heb

3072 720 2152 120 be van dagh tot dagh verwacht datter ten laesten

3088 808 2178 133 eens een eynde soude gemaeckt worden nopende

3112 904 2122 139 mijn malhureus pack daer tot dato niets van

3084 998 2070 153 moet gedaen wesen alsoo sedert geen advis hebbe

3084 1098 2130 165 becoemen ick wille wel seggen dat het mij groo

3088 1218 2154 147 telijckx verwondert te sien datter a costig soo slecht

3102 1326 2120 143 expeditie te maecken is ende dat men aen de negotie

3102 1418 2068 155 soo groote prejuditie causeert die laeckens open

3094 1524 2096 167 sijnde verliesen hier valeur want dat goet moet

3094 1610 2146 181 door den apprest vercocht worden gelijck u

3080 1720 2168 187 noch hebbe geschreven daerom belieff toch te sorgen

3092 1846 2152 175 datter op d'een oft dandere maniere een eynde

3094 1964 2158 161 van coeme nu can die noch debiteeren maer

3074 2068 2184 167 soo het saisoen meer avanceert soo blijven die

3078 2177 2132 170 bij dat immers eene considerable intrest en pre

3042 2285 2128 232 juditie sal wesen ick coeme het ue noch eens

3064 2394 2144 165 hertelijck recommandeeren vertrouwende cachet

3068 2500 2156 163 door sijne goede vrinden tot gewenst succes sal bren

3076 2620 2156 151 gen bidde mij eens te adviseeren hoe het staet met

3086 2724 2112 145 de assignatie op den haege die ue ten onderen heeft

3080 2863 2126 109 oft die betaelt is oft niet oock oft george bilbey van

4696 2910 128 33 in

3080 2966 2116 136 hull noch niet gearriveert en is hebbe den selven

3104 3066 2082 143 een pack gemerckt  N7 met dosijntiens den in

3088 3172 2098 153 gesloeten voor engelant recommanderen de voort

3072 3284 1672 143 ganck te geven soo blijve van herten

4376 3354 664 111 28 aoust 1713

3014 3437 864 81 Leeds william Cockson

3054 3497 2132 113 Jay bien receu les 2 cheres vre du 22 julliet et 5 da

3078 3578 2146 117 cout j'ay veu q avez change les marques de 2 ballots

3074 3674 2120 119 dont N6 est asteas N7 avec les draps biens charge
