5498 3889
606 0 2221 166 ee e e e ded e elee  el an des Ee

641 59 2107 211 naer ue commoditijt gelieft te verheeren hodt

618 176 2203 196 wille geven dat wij denlangen gewenste vrede eyn

641 282 2132 155 delijck eens moegen becoemen ende dat de negotie

680 393 2090 161 weet magh floreeren ende herstelf worden die

697 481 2086 180 appaientie doet de goederen in engelant op

672 585 2153 212 slaen ende daer bij de desavantagie van de weseen

705 697 2111 238 doet den prijs aen het voorleden gaer mercelijck

721 806 2091 207 schullen ick hebbe een lettel mijn messeremae

729 913 2080 198 advenant genemen en hebbe een soo schoone peer

726 1030 2080 230 tye goet van alderhande gereef als ue noch oy t

742 1151 2061 191 can gesien hebben tot ue dienste ongetuysselt sal

751 1265 2024 215 ue al ick te genden aenstaende vasten noodigh

732 1377 2073 163 hebben ende eens neercoemen weest verseekert dat

747 1495 2056 171 ick in alle occasien al trackten ue wel te bedie

764 1610 1089 191 nin die blijve van herte

1978 1744 699 147 d0 Janecary 1713

570 1703 1021 184 Brusselle d vanden heebe

696 1806 2115 183 het en gedonckt mij niet dat het geluck gehadt hebbe ue

686 1910 2132 166 hier te sien ofte iets te geereoope ick verhoepe dat het

702 2031 2109 154 sal gaen beteren met den aenstaende vrode daer

722 2111 2098 151 nul meer aen getwijfelt en wort tot den eynde hetbe

730 2220 2077 168 wat proisie gedaen en een partye versche eer

709 2307 2110 176 ontfange het gene de reden is dat ick ue moegelijck moe

729 2417 2087 155 valle versoecke van het faveu te doen van met be

713 2523 2027 180 taelinge te verheeren mijne assignatie de opac

733 2613 2080 187 trecken te betaelen op d sicht a daen d'ordrerdh

725 2725 2072 181 peeter van Jock van300 wes: de goederen kaer

754 2828 2065 190 mercklijck op in engelant ende met den hooge w

720 2918 2078 177 sal sullen die in sngs merckelijck differeren aen

744 3027 2010 170 voor leden jaer met te men van mijn sortiment

761 3143 2055 120 dat ick hebbe ontfangen ende soo schoon is als ue noch

753 3218 2062 190 yt caen gesien hebben sal ick ue eveel overlaeters

748 3317 2050 156 ende bedienen ingevalle met den aentaende varten

752 3439 2063 139 iets van ue dienst voor valt ende e mij gelieve deer

753 3515 2061 143 aen te doen van mij met ue commande te verheere

748 3605 2022 172 ofte te coemen besoecken ende soo blijve van herte

639 3692 120 141 24

4454 62 453 138 1 fcbruary

2873 47 1204 133 Brusselle francois vanden

2980 100 2176 158 becoeme iet verwonderine den ue van gesteren het

2865 211 2284 170 is onder halt jaer geleden dat ue niet eenen stagver

2959 297 2194 166 bij t mij bestet heeft en uu is mij £300  van

2927 397 2208 147 soo lange tijt schuldigh ende dat miest voan can

2950 487 2216 204 fayen en bayen daer niet op te winnen is daer

2958 598 2124 170 ick van mijnen cant met sallen discretie

2960 721 2156 165 voortgaen ende soo lange patientienme

4807 819 140 67 van

2939 826 2220 177 schworde ue sonder sprecken in tro oicas

2963 926 2143 216 prompt te betaelen sonder gelt en canc

2959 1032 2093 191 niet negstieren oock niet de onde schlde

2949 1188 2151 205 laeten staen ende de nieuwe in mainen

2944 1274 2226 188 eede geen vsccaiete me nement ue moet mij

2924 1389 2211 158 desck dienst doen ende mijn trato verheeren

2986 1498 2169 154 want ick ben present genoch geembarras

2986 1616 2168 197 om penninge by dar hant te cregen sal dat

2955 1724 1680 192 favaier verwachten en soo blijve

2856 1845 1993 149 hietenisse jencent verpoorten, 3 februury

2918 1965 2213 137 sckencan niet bedencken dat ue mij nietenant

2939 2060 2216 116 woort nochte gelt en brenght de geschoeten moe

2951 2146 2109 106 ten betaelt wordere ende ue is mijnie 2jaeren

2952 2222 2110 141 packte ten achteren dat niet redelijcken is

2948 2299 2096 206 ik hebbe ne soo lanck consi de ate gehadt

2952 2383 2168 209 maer mijne patientie sal tens eynde loopen

2939 2488 2216 173 wilt n hebbe dat ick wel met ue handele soo moch

2946 2608 2120 176 ue het selve oock met mij doen en vevolgens

2940 2694 2161 168 wilt niet langer uetssellen mijn gels te senden

2933 2803 1239 158 het welck sael afwachten

2857 2901 1132 190 Mons Jean Bapt. le Bleux

4142 2900 583 184 3 fevrier 1713

2912 3017 2191 130 vre lettre dat ce 13 jan vier ne m'est rendie q' la pre

2944 3126 2151 93 meer de  je ne sa ca que cela veu dire aussy

2922 3240 2196 100 nay je pas veu chez moy le messagervignont dont me

2923 3278 2165 150 faitte mention jay fait notitee de la marchandise

2921 3397 2128 142 q m'ordonney de vs envoyeer tout est bien si javois

2917 3461 2224 160 l'honneur de vs connoistre ordenairement pr la pre

2932 3559 2199 119 miere fois et pr endrer en conno is sence l'on paye

2936 3641 2217 124 argent content et du reste je suis asses raisonnable

2956 3718 2194 124 mesamis ome sont lieere remie de temps en temps
