5650 3895
701 2465 197 187 aien

697 42 2220 270 Leyden ierferraretes Byael Ady 28 bre 171

872 192 2000 212 pr reponces a la chere vre du 12 gber je vs de

880 341 1956 170 ray d'avoir expedie les 2 pacquets pr mons

869 414 1962 179 scavoir le princiere pr s'et d'aveirtet le

891 534 1990 160 dernier prle S P: V: masson ens cette leur

877 633 2001 182 ordre au regard de fuacx je ne vs parle

872 724 2038 206 pas pr cecux dhollande mais rr eeux d'ex

872 831 2013 202 tree d'espagie jens ay reccu aet ois die

840 963 2058 186 s le seuf de vre velle francey jup

870 1097 1974 202 icy je suis prest a rendre service en

897 1190 2056 209 touttes occasions a des honneste gens mais

872 1326 2018 183 sans mes fraix ou prejiedece il vs d'aut

871 1433 2015 198 considerer que jay des affaires a touts ies

875 1535 2017 180 messieurs que je trouve bon apresecex

902 1661 1938 199 que je ne eut obtenir provision me

892 1765 2010 215 rien et p conscquence quil n'est pos

912 1875 2013 197 racronnable de doendebourser mon argens

897 1988 2011 221 pr rien outre tout ce la voile les raison

916 2107 2015 198 de exuises pr telle commissions que na

903 2210 2032 216 trouvere pas rraisonna ble nean moins

934 2312 1589 213 faittes fond qui je suis tousjours

2023 2415 799 198 Ady 3 xber 1713

927 2456 569 183 Jan de Linder

894 2562 2015 222 ick verhoepe dat ue het paxke ue voorleden

888 2681 2033 186 saterdagh middaghs toegesonden, wel sal hebben

900 2795 2025 159 ontfangen. ick verseekere ue dat niemandt in

887 2952 2055 121 hetlaldt ue tot sulcken prijs sulcke schoone goet

890 3007 1996 186 sal leveren. ick doen het sincerelijck om ue

914 3125 1997 173 calandisie te moogen hebben en weest wel

910 3220 1931 218 geparsuadeert datge noeydt ivers schoonden

902 3329 2017 178 ssortiment en sult vinden. iets voorders dan

894 3453 2014 159 tot ue dienst voorvallende bidde mij niet te

906 3552 1844 151 willen voor eijgaen ingesloeten de facture

930 3655 1940 151 bedraeghende in wisselgelde ƒ 843:5¼ ende eene

925 3747 1942 96 rekeeninge courant waer by mij in alles coemt

2993 42 2254 179 11 wisselgelde ƒ 1202:d¾ £200:7:10 naer minsaeme

3008 157 1104 176 groeteniose soo blijve

4341 270 575 133 4 sbe 1713

2973 275 903 214 Mons CAlaigle

3071 367 2167 248 Ily at un an q je n'ayt eu lhonneur vs voir

3094 505 2146 170 on d'avoir de vos commendements voila la

3075 626 2116 169 darsonde la debite et come la plus pass

3065 704 2117 195 des marchands di vre villens sontv

3068 813 2196 255 voir et achepteleur provision je ne

3092 957 2139 166 acceunement quil ne vs en frandra a cessy

3087 1036 2139 256 quil  chose d'autant plus q pr la paix

3075 1133 2198 269 il y accou plus a faire que du passe aut

3062 1259 2177 271 fin je vienne vosfaire offre de mes service

3092 1385 2158 257 et a vs faire z on noirtre que je seustre

3092 1510 2115 244 tun assorti de touttes sortes de mance

3105 1675 2139 174 tactures vs assurant que je ne manque

3105 1741 2040 229 ray jamais je vs servir de la fres belle

3104 1863 2112 203 marchandise et a raisonable prexayez

3124 1999 2114 208 aussi la bonte vs souvenir quils yateure

3117 2093 2109 247 ama qu je vs ay livre la dermiux pr

3127 2231 2094 218 tie e p concequene je vs prie a me

3118 2335 1997 193 voo remettre ce quilme viene

3109 2469 1000 169 estant de bon coeur

4429 2525 592 162 1 sbe 1713

3007 2574 934 219 Mons: J. maille

3082 2676 2019 212 il y at un aa que je n'ayt l'honucc vs

3078 2770 2067 168 voir ou d'avoir de vos cmedements

3104 2839 2095 230 voila la paise et presque tous les mar

3107 2931 2130 212 chandi de mons me sont veniu voir et ache

3073 3048 2088 199 ter lece provision jespere qe la de te

3091 3142 2118 190 sein a l'advvenant et q le comme oon

3085 3235 2140 186 mincera a s remettre je me seur attendee

3104 3337 2096 169 a voir vre grace de mes me et jp ne s

3094 3440 2130 211 quy il de pand qui ne vercu faie de mesme

3105 3555 2121 187 car v  a tous jours dil a e en d'agsparence

3102 3661 2053 155 de la paix que le bon dieu ns a donne

5311 2052 78 108 1d

5262 2219 134 182 d

5262 533 104 99 Liste

5398 592 95 103 n

5273 652 162 101 n

5355 720 72 60 15s

5293 732 174 121 Boussel

5323 799 185 128 Jj

5381 890 123 95 lrso

5270 982 67 83 n

5342 965 178 117 Jussey

5348 1046 67 103 uy

5351 1129 70 114 e

5328 1237 127 105 ny int

5362 1321 48 72 itt
