<?xml version="1.0" encoding="UTF-8"?>
<alto xmlns:xsi="http://www.w3.org/2001/XMLSchema-instance"
      xmlns="http://www.loc.gov/standards/alto/ns-v4#"
      xmlns:page="http://schema.primaresearch.org/PAGE/gts/pagecontent/2013-07-15"
      xsi:schemaLocation="http://www.loc.gov/standards/alto/ns-v4# https://www.loc.gov/standards/alto/v4/alto.xsd">
   <Description>
      <MeasurementUnit>pixel</MeasurementUnit>
      <OCRProcessing ID="IdOcr">
         <ocrProcessingStep>
            <processingDateTime>2022-02-11T21:31:50.446+01:00</processingDateTime>
            <processingSoftware>
               <softwareCreator>READ COOP</softwareCreator>
               <softwareName>Transkribus</softwareName>
            </processingSoftware>
         </ocrProcessingStep>
      </OCRProcessing>
   </Description>
   <Layout>
      <Page ID="Page1" PHYSICAL_IMG_NR="1" HEIGHT="3889" WIDTH="5498">
         <TopMargin HEIGHT="0" WIDTH="5498" VPOS="0" HPOS="0"/>
         <LeftMargin HEIGHT="3889" WIDTH="0" VPOS="0" HPOS="0"/>
         <RightMargin HEIGHT="3889" WIDTH="0" VPOS="0" HPOS="5498"/>
         <BottomMargin HEIGHT="0" WIDTH="5498" VPOS="3889" HPOS="0"/>
         <PrintSpace HEIGHT="3889" WIDTH="5498" VPOS="0" HPOS="0">
            <TextBlock ID="region_1637682887222_4137"
                       HEIGHT="3836"
                       WIDTH="2345"
                       VPOS="30"
                       HPOS="409">
               <Shape>
                  <Polygon POINTS="409,30 2754,30 2754,3866 409,3866"/>
               </Shape>
               <TextLine ID="region_1637682887222_4137l1"
                         BASELINE="2040,120 2073,121 2106,122 2139,124 2172,124 2206,124 2239,124 2272,126 2305,126 2338,126 2372,126 2405,126 2438,126 2471,126 2504,127 2538,128 2571,128 2604,130 2637,132 2670,134 2704,136"
                         HEIGHT="143"
                         WIDTH="692"
                         VPOS="44"
                         HPOS="2026">
                  <String ID="string_region_1637682887222_4137l1"
                          HEIGHT="143"
                          WIDTH="692"
                          VPOS="44"
                          HPOS="2026"
                          CONTENT="25 Januedy 1713"/>
               </TextLine>
               <TextLine ID="region_1637682887222_4137l2"
                         BASELINE="496,164 546,164 596,164 647,164 697,164 748,164 798,162 848,162 899,160 949,159 1000,158 1050,156 1100,156 1151,154 1201,154 1252,154 1302,154 1352,154 1403,154 1453,154 1504,156"
                         HEIGHT="149"
                         WIDTH="1039"
                         VPOS="68"
                         HPOS="481">
                  <String ID="string_region_1637682887222_4137l2"
                          HEIGHT="149"
                          WIDTH="1039"
                          VPOS="68"
                          HPOS="481"
                          CONTENT="Londen Lioinas de Dorpene"/>
               </TextLine>
               <TextLine ID="region_1637682887222_4137l3"
                         BASELINE="564,250 672,253 781,255 889,256 998,258 1107,258 1215,258 1324,260 1432,260 1541,260 1650,260 1758,262 1867,262 1975,264 2084,266 2193,268 2301,272 2410,276 2518,280 2627,286 2736,292"
                         HEIGHT="180"
                         WIDTH="2202"
                         VPOS="150"
                         HPOS="548">
                  <String ID="string_region_1637682887222_4137l3"
                          HEIGHT="180"
                          WIDTH="2202"
                          VPOS="150"
                          HPOS="548"
                          CONTENT="ue aengenaeme van 28 gber laest hebbe het sijnen tijde wel"/>
               </TextLine>
               <TextLine ID="region_1637682887222_4137l4"
                         BASELINE="600,330 706,332 813,333 920,334 1027,336 1134,336 1240,338 1347,338 1454,340 1561,340 1668,342 1774,344 1881,346 1988,349 2095,352 2202,356 2308,360 2415,365 2522,371 2629,378 2736,384"
                         HEIGHT="125"
                         WIDTH="2164"
                         VPOS="283"
                         HPOS="587">
                  <String ID="string_region_1637682887222_4137l4"
                          HEIGHT="125"
                          WIDTH="2164"
                          VPOS="283"
                          HPOS="587"
                          CONTENT="ontfange ende ue gedibiteert voor den ontfanck van het naer"/>
               </TextLine>
               <TextLine ID="region_1637682887222_4137l5"
                         BASELINE="588,416 696,420 804,422 912,424 1020,426 1128,426 1236,426 1344,428 1452,428 1560,430 1669,430 1777,432 1885,434 1993,438 2101,440 2209,444 2317,450 2425,458 2533,465 2641,475 2750,486"
                         HEIGHT="124"
                         WIDTH="2191"
                         VPOS="367"
                         HPOS="573">
                  <String ID="string_region_1637682887222_4137l5"
                          HEIGHT="124"
                          WIDTH="2191"
                          VPOS="367"
                          HPOS="573"
                          CONTENT="intrest H: mschuul 1712 van mijn blancos tckets  £10:10"/>
               </TextLine>
               <TextLine ID="region_1637682887222_4137l6"
                         BASELINE="604,504 709,508 815,510 921,512 1027,514 1133,516 1238,516 1344,516 1450,518 1556,518 1662,520 1767,520 1873,522 1979,524 2085,527 2191,530 2296,534 2402,540 2508,546 2614,555 2720,564"
                         HEIGHT="160"
                         WIDTH="2146"
                         VPOS="439"
                         HPOS="589">
                  <String ID="string_region_1637682887222_4137l6"
                          HEIGHT="160"
                          WIDTH="2146"
                          VPOS="439"
                          HPOS="589"
                          CONTENT="den selve saute van occasie niet eender becentwoort doch "/>
               </TextLine>
               <TextLine ID="region_1637682887222_4137l7"
                         BASELINE="600,622 707,622 814,620 921,618 1028,616 1136,614 1243,612 1350,609 1457,607 1564,606 1672,604 1779,604 1886,604 1993,604 2100,606 2208,609 2315,614 2422,621 2529,629 2636,638 2744,650"
                         HEIGHT="175"
                         WIDTH="2172"
                         VPOS="522"
                         HPOS="586">
                  <String ID="string_region_1637682887222_4137l7"
                          HEIGHT="175"
                          WIDTH="2172"
                          VPOS="522"
                          HPOS="586"
                          CONTENT="sos dansevers de laeckens wederom beginnen kerecken "/>
               </TextLine>
               <TextLine ID="region_1637682887222_4137l8"
                         BASELINE="634,716 735,712 837,710 938,708 1040,705 1142,702 1243,700 1345,699 1446,698 1548,696 1650,696 1751,694 1853,694 1954,694 2056,694 2158,694 2259,696 2361,697 2462,698 2564,701 2666,704"
                         HEIGHT="175"
                         WIDTH="2058"
                         VPOS="599"
                         HPOS="621">
                  <String ID="string_region_1637682887222_4137l8"
                          HEIGHT="175"
                          WIDTH="2058"
                          VPOS="599"
                          HPOS="621"
                          CONTENT="als vooren soo is het noodigh daerinne voorsien wort"/>
               </TextLine>
               <TextLine ID="region_1637682887222_4137l9"
                         BASELINE="644,806 747,804 851,800 955,798 1059,796 1163,792 1266,790 1370,788 1474,786 1578,784 1682,784 1785,784 1889,784 1993,784 2097,786 2201,788 2304,792 2408,796 2512,802 2616,807 2720,814"
                         HEIGHT="120"
                         WIDTH="2103"
                         VPOS="722"
                         HPOS="630">
                  <String ID="string_region_1637682887222_4137l9"
                          HEIGHT="120"
                          WIDTH="2103"
                          VPOS="722"
                          HPOS="630"
                          CONTENT="want de negotie gaetslicht genoch al is saecke dat die "/>
               </TextLine>
               <TextLine ID="region_1637682887222_4137l10"
                         BASELINE="680,896 782,902 884,904 987,906 1089,906 1192,906 1294,904 1396,902 1499,900 1601,898 1704,894 1806,891 1908,890 2011,888 2113,886 2216,886 2318,886 2420,888 2523,892 2625,897 2728,904"
                         HEIGHT="165"
                         WIDTH="2076"
                         VPOS="796"
                         HPOS="665">
                  <String ID="string_region_1637682887222_4137l10"
                          HEIGHT="165"
                          WIDTH="2076"
                          VPOS="796"
                          HPOS="665"
                          CONTENT="door geen sourberie bedorven en wort nu ontfange op"/>
               </TextLine>
               <TextLine ID="region_1637682887222_4137l11"
                         BASELINE="2012,978 2048,978 2084,979 2120,978 2156,978 2192,978 2228,980 2264,980 2300,980 2336,980 2373,982 2409,983 2445,985 2481,986 2517,989 2553,992 2589,996 2625,999 2661,1005 2697,1011 2734,1018"
                         HEIGHT="163"
                         WIDTH="753"
                         VPOS="881"
                         HPOS="1998">
                  <String ID="string_region_1637682887222_4137l11"
                          HEIGHT="163"
                          WIDTH="753"
                          VPOS="881"
                          HPOS="1998"
                          CONTENT="coert met mrck"/>
               </TextLine>
               <TextLine ID="region_1637682887222_4137l12"
                         BASELINE="650,1014 727,1016 805,1016 883,1014 961,1012 1039,1010 1117,1008 1195,1004 1273,1000 1351,998 1429,996 1506,994 1584,992 1662,992 1740,992 1818,995 1896,1000 1974,1005 2052,1012 2130,1023 2208,1034"
                         HEIGHT="182"
                         WIDTH="1584"
                         VPOS="906"
                         HPOS="637">
                  <String ID="string_region_1637682887222_4137l12"
                          HEIGHT="182"
                          WIDTH="1584"
                          VPOS="906"
                          HPOS="637"
                          CONTENT="gssteren ue aengenaeme van ge ue het "/>
               </TextLine>
               <TextLine ID="region_1637682887222_4137l13"
                         BASELINE="608,1112 711,1114 815,1114 918,1112 1022,1110 1126,1107 1229,1102 1333,1099 1436,1094 1540,1090 1644,1086 1747,1082 1851,1080 1954,1078 2058,1078 2162,1078 2265,1080 2369,1084 2472,1091 2576,1098 2680,1110"
                         HEIGHT="193"
                         WIDTH="2102"
                         VPOS="986"
                         HPOS="593">
                  <String ID="string_region_1637682887222_4137l13"
                          HEIGHT="193"
                          WIDTH="2102"
                          VPOS="986"
                          HPOS="593"
                          CONTENT="court die p eerste sal naer sien enderecht bevinde "/>
               </TextLine>
               <TextLine ID="region_1637682887222_4137l14"
                         BASELINE="662,1208 763,1210 864,1212 966,1210 1067,1208 1169,1204 1270,1200 1371,1196 1473,1192 1574,1186 1676,1182 1777,1178 1878,1174 1980,1170 2081,1167 2183,1166 2284,1166 2385,1168 2487,1171 2588,1176 2690,1184"
                         HEIGHT="160"
                         WIDTH="2056"
                         VPOS="1087"
                         HPOS="646">
                  <String ID="string_region_1637682887222_4137l14"
                          HEIGHT="160"
                          WIDTH="2056"
                          VPOS="1087"
                          HPOS="646"
                          CONTENT="adviseence het is waer de wissel op londen baysen ver"/>
               </TextLine>
               <TextLine ID="region_1637682887222_4137l15"
                         BASELINE="654,1298 758,1300 862,1300 966,1300 1070,1298 1174,1296 1278,1294 1382,1290 1486,1287 1590,1283 1694,1280 1798,1278 1902,1275 2006,1274 2110,1272 2214,1274 2318,1275 2422,1278 2526,1283 2630,1289 2734,1298"
                         HEIGHT="155"
                         WIDTH="2109"
                         VPOS="1166"
                         HPOS="639">
                  <String ID="string_region_1637682887222_4137l15"
                          HEIGHT="155"
                          WIDTH="2109"
                          VPOS="1166"
                          HPOS="639"
                          CONTENT="wachtinge van een ider hooger en hooger loopt het waer"/>
               </TextLine>
               <TextLine ID="region_1637682887222_4137l16"
                         BASELINE="648,1398 753,1400 858,1400 963,1400 1068,1398 1174,1398 1279,1396 1384,1394 1489,1392 1594,1390 1700,1388 1805,1386 1910,1386 2015,1386 2120,1388 2226,1392 2331,1396 2436,1402 2541,1409 2646,1417 2752,1430"
                         HEIGHT="189"
                         WIDTH="2134"
                         VPOS="1274"
                         HPOS="633">
                  <String ID="string_region_1637682887222_4137l16"
                          HEIGHT="189"
                          WIDTH="2134"
                          VPOS="1274"
                          HPOS="633"
                          CONTENT="met reden aen te nemen waer bijal dien dat den geneden"/>
               </TextLine>
               <TextLine ID="region_1637682887222_4137l17"
                         BASELINE="648,1496 752,1498 857,1498 961,1497 1066,1496 1171,1494 1275,1490 1380,1488 1484,1486 1589,1484 1694,1482 1798,1480 1903,1480 2007,1482 2112,1484 2217,1488 2321,1494 2426,1501 2530,1511 2635,1523 2740,1538"
                         HEIGHT="166"
                         WIDTH="2120"
                         VPOS="1394"
                         HPOS="634">
                  <String ID="string_region_1637682887222_4137l17"
                          HEIGHT="166"
                          WIDTH="2120"
                          VPOS="1394"
                          HPOS="634"
                          CONTENT="vreden gesloeten waere maur meets een iver van gevoe"/>
               </TextLine>
               <TextLine ID="region_1637682887222_4137l18"
                         BASELINE="640,1604 745,1606 850,1608 956,1608 1061,1606 1167,1604 1272,1602 1377,1599 1483,1596 1588,1594 1694,1592 1799,1590 1904,1590 2010,1590 2115,1592 2221,1595 2326,1601 2431,1607 2537,1618 2642,1629 2748,1644"
                         HEIGHT="173"
                         WIDTH="2136"
                         VPOS="1517"
                         HPOS="626">
                  <String ID="string_region_1637682887222_4137l18"
                          HEIGHT="173"
                          WIDTH="2136"
                          VPOS="1517"
                          HPOS="626"
                          CONTENT="len u datter noch een campaynie sal wesern soo blijft de "/>
               </TextLine>
               <TextLine ID="region_1637682887222_4137l19"
                         BASELINE="640,1690 744,1690 849,1692 953,1692 1058,1692 1163,1694 1267,1694 1372,1694 1476,1694 1581,1696 1686,1696 1790,1698 1895,1701 1999,1704 2104,1708 2209,1712 2313,1719 2418,1725 2522,1733 2627,1744 2732,1754"
                         HEIGHT="194"
                         WIDTH="2124"
                         VPOS="1586"
                         HPOS="625">
                  <String ID="string_region_1637682887222_4137l19"
                          HEIGHT="194"
                          WIDTH="2124"
                          VPOS="1586"
                          HPOS="625"
                          CONTENT="onie over onvenanderlijck t ditto wessel moet dat"/>
               </TextLine>
               <TextLine ID="region_1637682887222_4137l20"
                         BASELINE="644,1778 748,1781 852,1784 956,1786 1060,1786 1164,1788 1268,1788 1372,1790 1476,1790 1580,1790 1684,1792 1788,1794 1892,1796 1996,1800 2100,1804 2204,1810 2308,1818 2412,1827 2516,1837 2620,1849 2724,1862"
                         HEIGHT="204"
                         WIDTH="2109"
                         VPOS="1691"
                         HPOS="631">
                  <String ID="string_region_1637682887222_4137l20"
                          HEIGHT="204"
                          WIDTH="2109"
                          VPOS="1691"
                          HPOS="631"
                          CONTENT="wat datter van ie sal den tijt leeren doch soo blijvende"/>
               </TextLine>
               <TextLine ID="region_1637682887222_4137l21"
                         BASELINE="652,1874 755,1876 858,1878 961,1880 1064,1880 1168,1880 1271,1882 1374,1882 1477,1882 1580,1882 1684,1884 1787,1886 1890,1889 1993,1892 2096,1897 2200,1902 2303,1910 2406,1918 2509,1928 2612,1939 2716,1954"
                         HEIGHT="190"
                         WIDTH="2095"
                         VPOS="1789"
                         HPOS="637">
                  <String ID="string_region_1637682887222_4137l21"
                          HEIGHT="190"
                          WIDTH="2095"
                          VPOS="1789"
                          HPOS="637"
                          CONTENT="moet ick door de pecken passeren ende ue het sijne "/>
               </TextLine>
               <TextLine ID="region_1637682887222_4137l22"
                         BASELINE="640,1976 743,1976 846,1976 949,1976 1052,1978 1156,1978 1259,1978 1362,1978 1465,1980 1568,1980 1672,1982 1775,1984 1878,1986 1981,1990 2084,1995 2188,2000 2291,2006 2394,2013 2497,2021 2600,2030 2704,2040"
                         HEIGHT="159"
                         WIDTH="2094"
                         VPOS="1893"
                         HPOS="625">
                  <String ID="string_region_1637682887222_4137l22"
                          HEIGHT="159"
                          WIDTH="2094"
                          VPOS="1893"
                          HPOS="625"
                          CONTENT="remitteeren dat niet en sal naerlaeten maer met soo"/>
               </TextLine>
               <TextLine ID="region_1637682887222_4137l23"
                         BASELINE="620,2070 724,2070 829,2070 934,2072 1039,2072 1144,2072 1248,2072 1353,2074 1458,2074 1563,2076 1668,2078 1772,2080 1877,2082 1982,2084 2087,2088 2192,2090 2296,2094 2401,2098 2506,2102 2611,2108 2716,2114"
                         HEIGHT="175"
                         WIDTH="2126"
                         VPOS="1977"
                         HPOS="604">
                  <String ID="string_region_1637682887222_4137l23"
                          HEIGHT="175"
                          WIDTH="2126"
                          VPOS="1977"
                          HPOS="604"
                          CONTENT="sehoedelijcke wissel voorder en loy te doen gelijck van"/>
               </TextLine>
               <TextLine ID="region_1637682887222_4137l24"
                         BASELINE="648,2162 752,2166 857,2172 961,2176 1066,2179 1171,2182 1275,2184 1380,2184 1484,2186 1589,2188 1694,2188 1798,2188 1903,2190 2007,2192 2112,2192 2217,2194 2321,2197 2426,2200 2530,2204 2635,2208 2740,2214"
                         HEIGHT="182"
                         WIDTH="2122"
                         VPOS="2072"
                         HPOS="634">
                  <String ID="string_region_1637682887222_4137l24"
                          HEIGHT="182"
                          WIDTH="2122"
                          VPOS="2072"
                          HPOS="634"
                          CONTENT="intentie was en can mij iet doen restlveeren want "/>
               </TextLine>
               <TextLine ID="region_1637682887222_4137l25"
                         BASELINE="632,2260 737,2264 842,2266 947,2270 1052,2272 1157,2276 1262,2278 1367,2280 1472,2283 1577,2284 1682,2286 1787,2289 1892,2290 1997,2292 2102,2294 2207,2296 2312,2298 2417,2298 2522,2300 2627,2302 2732,2302"
                         HEIGHT="147"
                         WIDTH="2128"
                         VPOS="2172"
                         HPOS="618">
                  <String ID="string_region_1637682887222_4137l25"
                          HEIGHT="147"
                          WIDTH="2128"
                          VPOS="2172"
                          HPOS="618"
                          CONTENT="alles gereckent en soude men presont sijn gelt uyt de"/>
               </TextLine>
               <TextLine ID="region_1637682887222_4137l26"
                         BASELINE="636,2372 740,2372 844,2370 949,2370 1053,2370 1158,2370 1262,2370 1366,2372 1471,2372 1575,2374 1680,2374 1784,2376 1888,2378 1993,2380 2097,2382 2202,2384 2306,2386 2410,2390 2515,2392 2619,2394 2724,2396"
                         HEIGHT="133"
                         WIDTH="2118"
                         VPOS="2289"
                         HPOS="622">
                  <String ID="string_region_1637682887222_4137l26"
                          HEIGHT="133"
                          WIDTH="2118"
                          VPOS="2289"
                          HPOS="622"
                          CONTENT="manufacture niet connen maecken van ue laeste"/>
               </TextLine>
               <TextLine ID="region_1637682887222_4137l27"
                         BASELINE="638,2474 740,2474 843,2476 946,2476 1049,2476 1152,2476 1255,2476 1358,2474 1461,2474 1564,2472 1667,2472 1769,2470 1872,2470 1975,2470 2078,2470 2181,2470 2284,2470 2387,2470 2490,2472 2593,2474 2696,2476"
                         HEIGHT="134"
                         WIDTH="2086"
                         VPOS="2372"
                         HPOS="623">
                  <String ID="string_region_1637682887222_4137l27"
                          HEIGHT="134"
                          WIDTH="2086"
                          VPOS="2372"
                          HPOS="623"
                          CONTENT="2 baelen spaensche laeckens en can noch niet melde "/>
               </TextLine>
               <TextLine ID="region_1637682887222_4137l28"
                         BASELINE="636,2588 739,2583 843,2578 947,2574 1051,2570 1155,2566 1259,2564 1363,2563 1467,2562 1571,2562 1675,2560 1778,2560 1882,2560 1986,2560 2090,2562 2194,2562 2298,2562 2402,2562 2506,2562 2610,2563 2714,2562"
                         HEIGHT="127"
                         WIDTH="2107"
                         VPOS="2470"
                         HPOS="621">
                  <String ID="string_region_1637682887222_4137l28"
                          HEIGHT="127"
                          WIDTH="2107"
                          VPOS="2470"
                          HPOS="621"
                          CONTENT="daselie staen gepackt en ongetoucheert soo als ick"/>
               </TextLine>
               <TextLine ID="region_1637682887222_4137l29"
                         BASELINE="650,2682 751,2678 852,2676 953,2673 1055,2671 1156,2670 1257,2668 1359,2668 1460,2666 1561,2666 1663,2666 1764,2668 1865,2668 1966,2670 2068,2672 2169,2674 2270,2676 2372,2678 2473,2682 2574,2684 2676,2688"
                         HEIGHT="190"
                         WIDTH="2053"
                         VPOS="2553"
                         HPOS="637">
                  <String ID="string_region_1637682887222_4137l29"
                          HEIGHT="190"
                          WIDTH="2053"
                          VPOS="2553"
                          HPOS="637"
                          CONTENT="die hebbe ontfangen gelijck het met allen negotie"/>
               </TextLine>
               <TextLine ID="region_1637682887222_4137l30"
                         BASELINE="652,2788 755,2782 858,2778 961,2774 1064,2771 1167,2768 1270,2767 1373,2766 1476,2764 1579,2764 1683,2764 1786,2764 1889,2764 1992,2764 2095,2766 2198,2766 2301,2768 2404,2770 2507,2772 2610,2772 2714,2774"
                         HEIGHT="150"
                         WIDTH="2089"
                         VPOS="2662"
                         HPOS="638">
                  <String ID="string_region_1637682887222_4137l30"
                          HEIGHT="150"
                          WIDTH="2089"
                          VPOS="2662"
                          HPOS="638"
                          CONTENT="hier te lande slecht gaet ende verdraeyt joaist nmede "/>
               </TextLine>
               <TextLine ID="region_1637682887222_4137l31"
                         BASELINE="652,2890 756,2886 860,2884 964,2882 1068,2880 1173,2878 1277,2878 1381,2877 1485,2876 1589,2876 1694,2878 1798,2878 1902,2880 2006,2880 2110,2882 2215,2884 2319,2886 2423,2888 2527,2890 2631,2892 2736,2894"
                         HEIGHT="137"
                         WIDTH="2111"
                         VPOS="2774"
                         HPOS="639">
                  <String ID="string_region_1637682887222_4137l31"
                          HEIGHT="137"
                          WIDTH="2111"
                          VPOS="2774"
                          HPOS="639"
                          CONTENT="met de isel cours van de laeste bonstijden sijnder"/>
               </TextLine>
               <TextLine ID="region_1637682887222_4137l32"
                         BASELINE="688,2986 791,2988 894,2988 997,2990 1100,2990 1204,2990 1307,2990 1410,2990 1513,2990 1616,2990 1720,2992 1823,2992 1926,2994 2029,2996 2132,2998 2236,3002 2339,3006 2442,3012 2545,3020 2648,3028 2752,3038"
                         HEIGHT="192"
                         WIDTH="2092"
                         VPOS="2885"
                         HPOS="674">
                  <String ID="string_region_1637682887222_4137l32"
                          HEIGHT="192"
                          WIDTH="2092"
                          VPOS="2885"
                          HPOS="674"
                          CONTENT="brieven op wijffel ingetrocken tot 6 ¼ met verlies vaer"/>
               </TextLine>
               <TextLine ID="region_1637682887222_4137l33"
                         BASELINE="684,3086 786,3092 888,3096 990,3100 1092,3102 1194,3104 1296,3106 1398,3106 1500,3106 1602,3106 1704,3106 1806,3106 1908,3108 2010,3108 2112,3110 2214,3112 2316,3116 2418,3120 2520,3125 2622,3133 2724,3140"
                         HEIGHT="205"
                         WIDTH="2069"
                         VPOS="2984"
                         HPOS="670">
                  <String ID="string_region_1637682887222_4137l33"
                          HEIGHT="205"
                          WIDTH="2069"
                          VPOS="2984"
                          HPOS="670"
                          CONTENT="den brief ende oock tot 5 a 3¼ naer advenant der "/>
               </TextLine>
               <TextLine ID="region_1637682887222_4137l34"
                         BASELINE="694,3192 796,3190 899,3188 1002,3188 1104,3188 1207,3188 1310,3190 1412,3192 1515,3194 1618,3196 1721,3198 1823,3201 1926,3204 2029,3208 2131,3212 2234,3214 2337,3218 2439,3222 2542,3226 2645,3230 2748,3234"
                         HEIGHT="136"
                         WIDTH="2083"
                         VPOS="3108"
                         HPOS="679">
                  <String ID="string_region_1637682887222_4137l34"
                          HEIGHT="136"
                          WIDTH="2083"
                          VPOS="3108"
                          HPOS="679"
                          CONTENT="gevers gevonden worden gaet het voor ue eck dat ue"/>
               </TextLine>
               <TextLine ID="region_1637682887222_4137l35"
                         BASELINE="648,3308 752,3308 857,3308 961,3308 1066,3306 1170,3306 1275,3306 1379,3306 1484,3306 1588,3308 1693,3308 1797,3310 1902,3311 2006,3312 2111,3314 2215,3318 2320,3320 2424,3324 2529,3328 2633,3332 2738,3338"
                         HEIGHT="215"
                         WIDTH="2117"
                         VPOS="3189"
                         HPOS="635">
                  <String ID="string_region_1637682887222_4137l35"
                          HEIGHT="215"
                          WIDTH="2117"
                          VPOS="3189"
                          HPOS="635"
                          CONTENT="daer heeft leggen soude ue reden wat patientiete"/>
               </TextLine>
               <TextLine ID="region_1637682887222_4137l36"
                         BASELINE="654,3422 758,3422 862,3422 966,3422 1071,3422 1175,3422 1279,3422 1384,3422 1488,3423 1592,3424 1697,3424 1801,3424 1905,3424 2009,3426 2114,3426 2218,3428 2322,3428 2427,3430 2531,3432 2635,3434 2740,3436"
                         HEIGHT="176"
                         WIDTH="2114"
                         VPOS="3325"
                         HPOS="641">
                  <String ID="string_region_1637682887222_4137l36"
                          HEIGHT="176"
                          WIDTH="2114"
                          VPOS="3325"
                          HPOS="641"
                          CONTENT="hebben doch hst het voor  reck van een ander"/>
               </TextLine>
               <TextLine ID="region_1637682887222_4137l37"
                         BASELINE="678,3510 781,3505 884,3502 987,3500 1090,3498 1194,3498 1297,3498 1400,3498 1503,3500 1606,3502 1710,3504 1813,3506 1916,3508 2019,3512 2122,3516 2226,3520 2329,3524 2432,3527 2535,3532 2638,3536 2742,3540"
                         HEIGHT="159"
                         WIDTH="2092"
                         VPOS="3434"
                         HPOS="664">
                  <String ID="string_region_1637682887222_4137l37"
                          HEIGHT="159"
                          WIDTH="2092"
                          VPOS="3434"
                          HPOS="664"
                          CONTENT="ue can mij maer onder senden sal doen als voorey"/>
               </TextLine>
               <TextLine ID="region_1637682887222_4137l38"
                         BASELINE="688,3598 789,3596 890,3594 992,3594 1093,3592 1195,3590 1296,3590 1397,3590 1499,3590 1600,3590 1702,3590 1803,3590 1904,3592 2006,3594 2107,3596 2209,3600 2310,3604 2411,3609 2513,3615 2614,3620 2716,3628"
                         HEIGHT="139"
                         WIDTH="2056"
                         VPOS="3516"
                         HPOS="674">
                  <String ID="string_region_1637682887222_4137l38"
                          HEIGHT="139"
                          WIDTH="2056"
                          VPOS="3516"
                          HPOS="674"
                          CONTENT="gen ende de some met het uelie op de wissel"/>
               </TextLine>
               <TextLine ID="region_1637682887222_4137l39"
                         BASELINE="656,3686 760,3685 864,3684 968,3682 1073,3680 1177,3678 1281,3678 1386,3676 1490,3676 1594,3674 1699,3674 1803,3674 1907,3676 2011,3678 2116,3680 2220,3682 2324,3686 2429,3690 2533,3696 2637,3704 2742,3712"
                         HEIGHT="103"
                         WIDTH="2114"
                         VPOS="3591"
                         HPOS="642">
                  <String ID="string_region_1637682887222_4137l39"
                          HEIGHT="103"
                          WIDTH="2114"
                          VPOS="3591"
                          HPOS="642"
                          CONTENT=" deser by trecken ende ue dan op londen retouren sene "/>
               </TextLine>
               <TextLine ID="region_1637682887222_4137l40"
                         BASELINE="684,3754 786,3752 889,3751 992,3750 1094,3748 1197,3746 1300,3744 1402,3744 1505,3742 1608,3742 1711,3742 1813,3742 1916,3744 2019,3745 2121,3748 2224,3750 2327,3754 2429,3759 2532,3765 2635,3772 2738,3780"
                         HEIGHT="105"
                         WIDTH="2084"
                         VPOS="3698"
                         HPOS="669">
                  <String ID="string_region_1637682887222_4137l40"
                          HEIGHT="105"
                          WIDTH="2084"
                          VPOS="3698"
                          HPOS="669"
                          CONTENT="doch het is wonden dat ue c geene ccaieen ventopt"/>
               </TextLine>
               <TextLine ID="region_1637682887222_4137l41"
                         BASELINE="634,3812 739,3808 844,3806 949,3804 1054,3802 1159,3802 1264,3802 1369,3800 1474,3802 1579,3802 1684,3804 1789,3805 1894,3806 1999,3810 2104,3812 2209,3816 2314,3820 2419,3823 2524,3828 2629,3832 2734,3838"
                         HEIGHT="91"
                         WIDTH="2128"
                         VPOS="3743"
                         HPOS="620">
                  <String ID="string_region_1637682887222_4137l41"
                          HEIGHT="91"
                          WIDTH="2128"
                          VPOS="3743"
                          HPOS="620"
                          CONTENT="op rijssel adtoiteer te trecken blijve naer groete nisse "/>
               </TextLine>
            </TextBlock>
            <TextBlock ID="region_1637682892230_4140"
                       HEIGHT="3867"
                       WIDTH="2340"
                       VPOS="4"
                       HPOS="2805">
               <Shape>
                  <Polygon POINTS="2805,4 5145,4 5145,3871 2805,3871"/>
               </Shape>
               <TextLine ID="region_1637682892230_4140l1"
                         BASELINE="4094,122 4121,122 4148,120 4175,120 4202,119 4229,118 4256,116 4283,116 4310,116 4337,116 4364,116 4391,116 4418,116 4445,116 4472,117 4499,118 4526,119 4553,122 4580,125 4607,127 4634,130"
                         HEIGHT="138"
                         WIDTH="569"
                         VPOS="61"
                         HPOS="4079">
                  <String ID="string_region_1637682892230_4140l1"
                          HEIGHT="138"
                          WIDTH="569"
                          VPOS="61"
                          HPOS="4079"
                          CONTENT="28 Janun09"/>
               </TextLine>
               <TextLine ID="region_1637682892230_4140l2"
                         BASELINE="2842,130 2882,130 2923,130 2964,128 3005,128 3046,126 3086,125 3127,124 3168,122 3209,120 3250,120 3290,118 3331,118 3372,116 3413,116 3454,116 3494,116 3535,116 3576,116 3617,118 3658,120"
                         HEIGHT="145"
                         WIDTH="846"
                         VPOS="40"
                         HPOS="2828">
                  <String ID="string_region_1637682892230_4140l2"
                          HEIGHT="145"
                          WIDTH="846"
                          VPOS="40"
                          HPOS="2828"
                          CONTENT="Gent JiB: desandelaer"/>
               </TextLine>
               <TextLine ID="region_1637682892230_4140l3"
                         BASELINE="2922,234 3031,228 3140,222 3249,218 3358,214 3467,212 3576,210 3685,210 3794,212 3903,212 4013,214 4122,216 4231,220 4340,222 4449,226 4558,229 4667,232 4776,236 4885,238 4994,241 5104,244"
                         HEIGHT="216"
                         WIDTH="2210"
                         VPOS="90"
                         HPOS="2909">
                  <String ID="string_region_1637682892230_4140l3"
                          HEIGHT="216"
                          WIDTH="2210"
                          VPOS="90"
                          HPOS="2909"
                          CONTENT="ue aengenaeme van 16 gber laest geen voorde ont"/>
               </TextLine>
               <TextLine ID="region_1637682892230_4140l4"
                         BASELINE="2906,344 3017,338 3129,334 3240,330 3352,328 3463,324 3575,322 3686,320 3798,318 3909,318 4021,318 4132,318 4244,320 4355,321 4467,324 4578,327 4690,331 4801,336 4913,342 5024,348 5136,354"
                         HEIGHT="188"
                         WIDTH="2257"
                         VPOS="214"
                         HPOS="2893">
                  <String ID="string_region_1637682892230_4140l4"
                          HEIGHT="188"
                          WIDTH="2257"
                          VPOS="214"
                          HPOS="2893"
                          CONTENT="fanme Ick hadde al vewacht dat ue mij een vierhonde"/>
               </TextLine>
               <TextLine ID="region_1637682892230_4140l5"
                         BASELINE="2934,468 3044,461 3155,454 3265,448 3376,441 3486,436 3597,430 3707,426 3818,422 3928,418 4039,416 4149,414 4260,414 4370,416 4481,417 4591,420 4702,426 4812,432 4923,440 5033,449 5144,458"
                         HEIGHT="206"
                         WIDTH="2237"
                         VPOS="315"
                         HPOS="2920">
                  <String ID="string_region_1637682892230_4140l5"
                          HEIGHT="206"
                          WIDTH="2237"
                          VPOS="315"
                          HPOS="2920"
                          CONTENT="suldens soude geremitteert hebben doch met het soo lanck"/>
               </TextLine>
               <TextLine ID="region_1637682892230_4140l6"
                         BASELINE="2948,572 3057,566 3166,562 3275,555 3384,550 3493,546 3602,540 3711,536 3820,532 3929,528 4038,526 4147,524 4256,522 4365,522 4474,522 4583,524 4692,527 4801,532 4910,537 5019,545 5128,554"
                         HEIGHT="152"
                         WIDTH="2209"
                         VPOS="422"
                         HPOS="2933">
                  <String ID="string_region_1637682892230_4140l6"
                          HEIGHT="152"
                          WIDTH="2209"
                          VPOS="422"
                          HPOS="2933"
                          CONTENT="is geleden vertrouwe ue het salve sal hebben vergeten"/>
               </TextLine>
               <TextLine ID="region_1637682892230_4140l7"
                         BASELINE="2920,706 3030,700 3140,693 3250,685 3360,677 3471,670 3581,663 3691,656 3801,650 3911,644 4022,639 4132,636 4242,632 4352,630 4462,630 4573,630 4683,630 4793,634 4903,638 5013,645 5124,654"
                         HEIGHT="225"
                         WIDTH="2235"
                         VPOS="529"
                         HPOS="2903">
                  <String ID="string_region_1637682892230_4140l7"
                          HEIGHT="225"
                          WIDTH="2235"
                          VPOS="529"
                          HPOS="2903"
                          CONTENT="bidde echter mij dat faccurste doez want ick hebbe wat"/>
               </TextLine>
               <TextLine ID="region_1637682892230_4140l8"
                         BASELINE="2912,792 3021,792 3130,789 3239,786 3348,781 3457,776 3566,770 3675,764 3784,756 3893,750 4002,744 4111,738 4220,732 4329,728 4438,725 4547,724 4656,724 4765,724 4874,728 4983,734 5092,742"
                         HEIGHT="179"
                         WIDTH="2211"
                         VPOS="623"
                         HPOS="2895">
                  <String ID="string_region_1637682892230_4140l8"
                          HEIGHT="179"
                          WIDTH="2211"
                          VPOS="623"
                          HPOS="2895"
                          CONTENT="redelijck os engelaat te remitteeren en mij sal bij"/>
               </TextLine>
               <TextLine ID="region_1637682892230_4140l9"
                         BASELINE="2930,902 3040,902 3150,902 3260,898 3371,893 3481,888 3591,881 3702,873 3812,866 3922,857 4033,850 4143,841 4253,834 4363,829 4474,824 4584,821 4694,820 4805,821 4915,824 5025,831 5136,840"
                         HEIGHT="189"
                         WIDTH="2238"
                         VPOS="732"
                         HPOS="2912">
                  <String ID="string_region_1637682892230_4140l9"
                          HEIGHT="189"
                          WIDTH="2238"
                          VPOS="732"
                          HPOS="2912"
                          CONTENT="dese gelegentheyt vrentschap geschieden dat de hal"/>
               </TextLine>
               <TextLine ID="region_1637682892230_4140l10"
                         BASELINE="2946,1020 3055,1020 3164,1018 3273,1014 3382,1009 3491,1003 3600,995 3709,985 3818,977 3927,968 4037,959 4146,950 4255,942 4364,936 4473,929 4582,926 4691,924 4800,922 4909,926 5018,930 5128,938"
                         HEIGHT="281"
                         WIDTH="2211"
                         VPOS="832"
                         HPOS="2927">
                  <String ID="string_region_1637682892230_4140l10"
                          HEIGHT="281"
                          WIDTH="2211"
                          VPOS="832"
                          HPOS="2927"
                          CONTENT="afwachten het is mij leet en voorwaer seeg droefdat"/>
               </TextLine>
               <TextLine ID="region_1637682892230_4140l11"
                         BASELINE="2938,1138 3044,1138 3150,1134 3256,1130 3362,1125 3468,1119 3574,1112 3680,1105 3786,1097 3892,1088 3998,1082 4104,1074 4210,1067 4316,1060 4422,1054 4528,1049 4634,1044 4740,1041 4846,1040 4952,1040 5058,1040"
                         HEIGHT="275"
                         WIDTH="2144"
                         VPOS="942"
                         HPOS="2923">
                  <String ID="string_region_1637682892230_4140l11"
                          HEIGHT="275"
                          WIDTH="2144"
                          VPOS="942"
                          HPOS="2923"
                          CONTENT="hut present met on eraem soo sllcht "/>
               </TextLine>
               <TextLine ID="region_1637682892230_4140l12"
                         BASELINE="2924,1256 3034,1252 3144,1248 3254,1242 3365,1236 3475,1228 3585,1220 3696,1212 3806,1203 3916,1193 4027,1185 4137,1177 4247,1170 4357,1164 4468,1158 4578,1154 4688,1152 4799,1152 4909,1154 5019,1159 5130,1166"
                         HEIGHT="313"
                         WIDTH="2237"
                         VPOS="1042"
                         HPOS="2907">
                  <String ID="string_region_1637682892230_4140l12"
                          HEIGHT="313"
                          WIDTH="2237"
                          VPOS="1042"
                          HPOS="2907"
                          CONTENT="gaet ende dat een coopnan maer uen intrest verleg"/>
               </TextLine>
               <TextLine ID="region_1637682892230_4140l13"
                         BASELINE="2938,1364 3046,1364 3154,1362 3262,1358 3370,1352 3478,1344 3586,1337 3694,1327 3802,1317 3910,1307 4018,1297 4126,1288 4234,1280 4342,1273 4450,1268 4558,1264 4666,1262 4774,1264 4882,1268 4990,1275 5098,1284"
                         HEIGHT="248"
                         WIDTH="2191"
                         VPOS="1157"
                         HPOS="2922">
                  <String ID="string_region_1637682892230_4140l13"
                          HEIGHT="248"
                          WIDTH="2191"
                          VPOS="1157"
                          HPOS="2922"
                          CONTENT="ilde uyt de soederen avence te becdendn is i "/>
               </TextLine>
               <TextLine ID="region_1637682892230_4140l14"
                         BASELINE="2964,1484 3072,1478 3181,1470 3289,1463 3398,1455 3507,1447 3615,1439 3724,1429 3832,1421 3941,1413 4050,1405 4158,1398 4267,1391 4375,1386 4484,1382 4593,1380 4701,1378 4810,1378 4918,1382 5027,1386 5136,1392"
                         HEIGHT="237"
                         WIDTH="2204"
                         VPOS="1263"
                         HPOS="2947">
                  <String ID="string_region_1637682892230_4140l14"
                          HEIGHT="237"
                          WIDTH="2204"
                          VPOS="1263"
                          HPOS="2947"
                          CONTENT="moete mij nevens een ander geten patieue"/>
               </TextLine>
               <TextLine ID="region_1637682892230_4140l15"
                         BASELINE="2940,1598 3049,1593 3159,1588 3269,1580 3378,1571 3488,1562 3598,1552 3707,1542 3817,1532 3927,1523 4037,1512 4146,1501 4256,1492 4366,1485 4475,1477 4585,1471 4695,1466 4804,1462 4914,1460 5024,1460 5134,1462"
                         HEIGHT="233"
                         WIDTH="2227"
                         VPOS="1381"
                         HPOS="2923">
                  <String ID="string_region_1637682892230_4140l15"
                          HEIGHT="233"
                          WIDTH="2227"
                          VPOS="1381"
                          HPOS="2923"
                          CONTENT="tie nemen ue can maer sijn best doen want die "/>
               </TextLine>
               <TextLine ID="region_1637682892230_4140l16"
                         BASELINE="2944,1718 3053,1710 3163,1702 3273,1694 3382,1685 3492,1676 3602,1668 3711,1658 3821,1650 3931,1641 4041,1632 4150,1624 4260,1615 4370,1609 4479,1602 4589,1595 4699,1590 4808,1586 4918,1582 5028,1580 5138,1578"
                         HEIGHT="284"
                         WIDTH="2220"
                         VPOS="1468"
                         HPOS="2926">
                  <String ID="string_region_1637682892230_4140l16"
                          HEIGHT="284"
                          WIDTH="2220"
                          VPOS="1468"
                          HPOS="2926"
                          CONTENT="laeckens iederom op tes packen en ofte senden"/>
               </TextLine>
               <TextLine ID="region_1637682892230_4140l17"
                         BASELINE="2960,1806 3066,1802 3172,1799 3278,1794 3385,1790 3491,1785 3597,1780 3704,1773 3810,1767 3916,1762 4023,1755 4129,1750 4235,1744 4341,1739 4448,1734 4554,1730 4660,1725 4767,1722 4873,1718 4979,1716 5086,1716"
                         HEIGHT="239"
                         WIDTH="2158"
                         VPOS="1598"
                         HPOS="2942">
                  <String ID="string_region_1637682892230_4140l17"
                          HEIGHT="239"
                          WIDTH="2158"
                          VPOS="1598"
                          HPOS="2942"
                          CONTENT="soude maer een deal looren om co vesen "/>
               </TextLine>
               <TextLine ID="region_1637682892230_4140l18"
                         BASELINE="2950,1900 3058,1900 3166,1900 3274,1898 3382,1896 3490,1894 3598,1891 3706,1888 3814,1884 3922,1880 4030,1876 4138,1872 4246,1869 4354,1866 4462,1862 4570,1860 4678,1858 4786,1856 4894,1854 5002,1854 5110,1856"
                         HEIGHT="181"
                         WIDTH="2192"
                         VPOS="1733"
                         HPOS="2933">
                  <String ID="string_region_1637682892230_4140l18"
                          HEIGHT="181"
                          WIDTH="2192"
                          VPOS="1733"
                          HPOS="2933"
                          CONTENT="door den oplagh der voltcs sijn de laeckens ten mens"/>
               </TextLine>
               <TextLine ID="region_1637682892230_4140l19"
                         BASELINE="2918,2000 3026,2004 3134,2004 3242,2004 3350,2002 3459,1999 3567,1995 3675,1991 3783,1986 3891,1982 4000,1976 4108,1971 4216,1966 4324,1962 4432,1958 4541,1955 4649,1954 4757,1954 4865,1954 4973,1957 5082,1962"
                         HEIGHT="195"
                         WIDTH="2194"
                         VPOS="1859"
                         HPOS="2904">
                  <String ID="string_region_1637682892230_4140l19"
                          HEIGHT="195"
                          WIDTH="2194"
                          VPOS="1859"
                          HPOS="2904"
                          CONTENT="ten so flaisvers p  dierder soo dat het bijneerom"/>
               </TextLine>
               <TextLine ID="region_1637682892230_4140l20"
                         BASELINE="2926,2116 3035,2118 3145,2120 3255,2120 3365,2118 3475,2114 3584,2111 3694,2107 3804,2102 3914,2097 4024,2092 4133,2086 4243,2082 4353,2076 4463,2072 4573,2070 4682,2068 4792,2068 4902,2068 5012,2072 5122,2076"
                         HEIGHT="200"
                         WIDTH="2224"
                         VPOS="1960"
                         HPOS="2910">
                  <String ID="string_region_1637682892230_4140l20"
                          HEIGHT="200"
                          WIDTH="2224"
                          VPOS="1960"
                          HPOS="2910"
                          CONTENT="moogelijck waere dat ue de mijne tet den onden pris"/>
               </TextLine>
               <TextLine ID="region_1637682892230_4140l21"
                         BASELINE="2938,2244 3046,2246 3154,2244 3262,2242 3370,2240 3479,2236 3587,2230 3695,2225 3803,2220 3911,2213 4020,2207 4128,2201 4236,2194 4344,2189 4452,2184 4561,2180 4669,2178 4777,2176 4885,2176 4993,2177 5102,2180"
                         HEIGHT="222"
                         WIDTH="2194"
                         VPOS="2070"
                         HPOS="2922">
                  <String ID="string_region_1637682892230_4140l21"
                          HEIGHT="222"
                          WIDTH="2194"
                          VPOS="2070"
                          HPOS="2922"
                          CONTENT="niet en soude connen beneficren hier omder heeft"/>
               </TextLine>
               <TextLine ID="region_1637682892230_4140l22"
                         BASELINE="2960,2346 3062,2348 3165,2348 3268,2348 3370,2348 3473,2346 3576,2343 3678,2339 3781,2336 3884,2331 3987,2326 4089,2322 4192,2318 4295,2314 4397,2310 4500,2306 4603,2304 4705,2302 4808,2300 4911,2300 5014,2302"
                         HEIGHT="227"
                         WIDTH="2083"
                         VPOS="2195"
                         HPOS="2945">
                  <String ID="string_region_1637682892230_4140l22"
                          HEIGHT="227"
                          WIDTH="2083"
                          VPOS="2195"
                          HPOS="2945"
                          CONTENT="ue volgens versoeck den prijs vanderversloon"/>
               </TextLine>
               <TextLine ID="region_1637682892230_4140l23"
                         BASELINE="2962,2450 3064,2454 3167,2454 3269,2456 3372,2456 3475,2454 3577,2452 3680,2450 3782,2448 3885,2445 3988,2442 4090,2439 4193,2436 4295,2433 4398,2431 4501,2430 4603,2428 4706,2428 4808,2428 4911,2430 5014,2434"
                         HEIGHT="211"
                         WIDTH="2081"
                         VPOS="2301"
                         HPOS="2947">
                  <String ID="string_region_1637682892230_4140l23"
                          HEIGHT="211"
                          WIDTH="2081"
                          VPOS="2301"
                          HPOS="2947"
                          CONTENT="met teght datter van den goo dat van vale: 1a"/>
               </TextLine>
               <TextLine ID="region_1637682892230_4140l24"
                         BASELINE="2950,2564 3057,2568 3164,2570 3271,2570 3378,2570 3486,2568 3593,2566 3700,2562 3807,2560 3914,2556 4022,2552 4129,2548 4236,2544 4343,2542 4450,2538 4558,2536 4665,2534 4772,2534 4879,2536 4986,2537 5094,2540"
                         HEIGHT="220"
                         WIDTH="2174"
                         VPOS="2421"
                         HPOS="2934">
                  <String ID="string_region_1637682892230_4140l24"
                          HEIGHT="220"
                          WIDTH="2174"
                          VPOS="2421"
                          HPOS="2934"
                          CONTENT="penente voor uyt geseyt bd de my aentemiotere "/>
               </TextLine>
               <TextLine ID="region_1637682892230_4140l25"
                         BASELINE="2950,2680 3059,2680 3168,2680 3277,2678 3386,2677 3496,2675 3605,2673 3714,2670 3823,2668 3932,2666 4042,2663 4151,2662 4260,2660 4369,2658 4478,2658 4588,2658 4697,2658 4806,2660 4915,2662 5024,2666 5134,2670"
                         HEIGHT="160"
                         WIDTH="2213"
                         VPOS="2551"
                         HPOS="2936">
                  <String ID="string_region_1637682892230_4140l25"
                          HEIGHT="160"
                          WIDTH="2213"
                          VPOS="2551"
                          HPOS="2936"
                          CONTENT="hoe dat geef, en oft de credit van corij het hae"/>
               </TextLine>
               <TextLine ID="region_1637682892230_4140l26"
                         BASELINE="2974,2794 3081,2794 3188,2792 3296,2790 3403,2788 3511,2786 3618,2782 3725,2780 3833,2776 3940,2772 4048,2770 4155,2768 4262,2766 4370,2764 4477,2764 4585,2764 4692,2764 4799,2766 4907,2770 5014,2773 5122,2780"
                         HEIGHT="202"
                         WIDTH="2180"
                         VPOS="2659"
                         HPOS="2958">
                  <String ID="string_region_1637682892230_4140l26"
                          HEIGHT="202"
                          WIDTH="2180"
                          VPOS="2659"
                          HPOS="2958"
                          CONTENT="hebben ontange want de quittantie die ditto mst"/>
               </TextLine>
               <TextLine ID="region_1637682892230_4140l27"
                         BASELINE="2948,2908 3051,2910 3154,2910 3257,2908 3360,2908 3463,2904 3566,2902 3669,2898 3772,2896 3875,2892 3979,2888 4082,2884 4185,2881 4288,2878 4391,2876 4494,2874 4597,2872 4700,2872 4803,2872 4906,2872 5010,2874"
                         HEIGHT="170"
                         WIDTH="2092"
                         VPOS="2765"
                         HPOS="2933">
                  <String ID="string_region_1637682892230_4140l27"
                          HEIGHT="170"
                          WIDTH="2092"
                          VPOS="2765"
                          HPOS="2933"
                          CONTENT="messieur versoecken te hebtenompt mj wat "/>
               </TextLine>
               <TextLine ID="region_1637682892230_4140l28"
                         BASELINE="2916,3010 3026,3014 3137,3016 3247,3018 3358,3016 3468,3015 3579,3012 3689,3009 3800,3006 3910,3001 4021,2997 4131,2993 4242,2990 4352,2986 4463,2983 4573,2982 4684,2980 4794,2980 4905,2982 5015,2986 5126,2992"
                         HEIGHT="184"
                         WIDTH="2238"
                         VPOS="2859"
                         HPOS="2902">
                  <String ID="string_region_1637682892230_4140l28"
                          HEIGHT="184"
                          WIDTH="2238"
                          VPOS="2859"
                          HPOS="2902"
                          CONTENT="vrent voor ende ick en soude dae mer geemedoor"/>
               </TextLine>
               <TextLine ID="region_1637682892230_4140l29"
                         BASELINE="2910,3114 3016,3114 3122,3114 3229,3112 3335,3110 3442,3108 3548,3106 3654,3102 3761,3098 3867,3096 3974,3092 4080,3090 4186,3086 4293,3084 4399,3082 4506,3080 4612,3080 4718,3080 4825,3080 4931,3082 5038,3084"
                         HEIGHT="166"
                         WIDTH="2157"
                         VPOS="3006"
                         HPOS="2896">
                  <String ID="string_region_1637682892230_4140l29"
                          HEIGHT="166"
                          WIDTH="2157"
                          VPOS="3006"
                          HPOS="2896"
                          CONTENT="passeerer ayt vreise van naer maes mogelyk "/>
               </TextLine>
               <TextLine ID="region_1637682892230_4140l30"
                         BASELINE="2926,3222 3030,3220 3134,3218 3238,3215 3342,3212 3446,3209 3550,3205 3654,3202 3758,3200 3862,3196 3966,3194 4070,3190 4174,3188 4278,3186 4382,3184 4486,3184 4590,3182 4694,3182 4798,3184 4902,3185 5006,3188"
                         HEIGHT="154"
                         WIDTH="2108"
                         VPOS="3114"
                         HPOS="2911">
                  <String ID="string_region_1637682892230_4140l30"
                          HEIGHT="154"
                          WIDTH="2108"
                          VPOS="3114"
                          HPOS="2911"
                          CONTENT="eyt te rescontreeren ende meer te moten at"/>
               </TextLine>
               <TextLine ID="region_1637682892230_4140l31"
                         BASELINE="2838,3320 2948,3322 3059,3322 3169,3322 3280,3320 3391,3318 3501,3316 3612,3313 3722,3309 3833,3306 3944,3302 4054,3300 4165,3296 4275,3292 4386,3290 4497,3288 4607,3286 4718,3286 4828,3286 4939,3288 5050,3290"
                         HEIGHT="156"
                         WIDTH="2240"
                         VPOS="3184"
                         HPOS="2825">
                  <String ID="string_region_1637682892230_4140l31"
                          HEIGHT="156"
                          WIDTH="2240"
                          VPOS="3184"
                          HPOS="2825"
                          CONTENT="voleeren als men soude hebben ontfangen biet soo "/>
               </TextLine>
               <TextLine ID="region_1637682892230_4140l32"
                         BASELINE="2924,3416 3031,3416 3139,3414 3246,3412 3354,3410 3462,3406 3569,3403 3677,3398 3784,3394 3892,3389 4000,3384 4107,3380 4215,3376 4322,3373 4430,3370 4538,3368 4645,3366 4753,3366 4860,3366 4968,3366 5076,3370"
                         HEIGHT="114"
                         WIDTH="2180"
                         VPOS="3317"
                         HPOS="2908">
                  <String ID="string_region_1637682892230_4140l32"
                          HEIGHT="114"
                          WIDTH="2180"
                          VPOS="3317"
                          HPOS="2908"
                          CONTENT="veel goetheyt mij daer van wat ement "/>
               </TextLine>
               <TextLine ID="region_1637682892230_4140l33"
                         BASELINE="2926,3490 3031,3489 3137,3486 3242,3484 3348,3482 3454,3480 3559,3477 3665,3474 3770,3471 3876,3468 3982,3466 4087,3462 4193,3460 4298,3458 4404,3456 4510,3454 4615,3452 4721,3450 4826,3450 4932,3448 5038,3448"
                         HEIGHT="184"
                         WIDTH="2143"
                         VPOS="3363"
                         HPOS="2911">
                  <String ID="string_region_1637682892230_4140l33"
                          HEIGHT="184"
                          WIDTH="2143"
                          VPOS="3363"
                          HPOS="2911"
                          CONTENT="te gevene want en twijfele niet oft ue sal sijn"/>
               </TextLine>
               <TextLine ID="region_1637682892230_4140l34"
                         BASELINE="2926,3576 3031,3574 3136,3573 3241,3570 3346,3570 3451,3566 3556,3564 3661,3562 3766,3560 3871,3558 3977,3556 4082,3554 4187,3552 4292,3550 4397,3550 4502,3548 4607,3548 4712,3548 4817,3550 4922,3550 5028,3552"
                         HEIGHT="153"
                         WIDTH="2131"
                         VPOS="3481"
                         HPOS="2912">
                  <String ID="string_region_1637682892230_4140l34"
                          HEIGHT="153"
                          WIDTH="2131"
                          VPOS="3481"
                          HPOS="2912"
                          CONTENT="al ontfangen hebben uewenschende allen tegen "/>
               </TextLine>
               <TextLine ID="region_1637682892230_4140l35"
                         BASELINE="2912,3674 3017,3672 3123,3670 3228,3668 3334,3665 3439,3662 3545,3659 3650,3656 3756,3652 3861,3650 3967,3647 4072,3644 4178,3642 4283,3640 4389,3640 4494,3638 4600,3638 4705,3638 4811,3640 4916,3642 5022,3646"
                         HEIGHT="123"
                         WIDTH="2139"
                         VPOS="3564"
                         HPOS="2898">
                  <String ID="string_region_1637682892230_4140l35"
                          HEIGHT="123"
                          WIDTH="2139"
                          VPOS="3564"
                          HPOS="2898"
                          CONTENT="en voors goet in dit begonnen ae met veele"/>
               </TextLine>
               <TextLine ID="region_1637682892230_4140l36"
                         BASELINE="2884,3748 2993,3748 3103,3748 3213,3748 3322,3746 3432,3744 3542,3742 3651,3740 3761,3738 3871,3736 3981,3734 4090,3733 4200,3732 4310,3732 4419,3732 4529,3732 4639,3734 4748,3737 4858,3741 4968,3746 5078,3754"
                         HEIGHT="117"
                         WIDTH="2223"
                         VPOS="3653"
                         HPOS="2870">
                  <String ID="string_region_1637682892230_4140l36"
                          HEIGHT="117"
                          WIDTH="2223"
                          VPOS="3653"
                          HPOS="2870"
                          CONTENT="volgende tot contentement en saligheyt soo blijve"/>
               </TextLine>
               <TextLine ID="region_1637682892230_4140l37"
                         BASELINE="2892,3830 2918,3832 2944,3833 2971,3835 2997,3838 3024,3838 3050,3840 3076,3838 3103,3837 3129,3836 3156,3834"
                         HEIGHT="87"
                         WIDTH="291"
                         VPOS="3763"
                         HPOS="2879">
                  <String ID="string_region_1637682892230_4140l37"
                          HEIGHT="87"
                          WIDTH="291"
                          VPOS="3763"
                          HPOS="2879"
                          CONTENT="was2 "/>
               </TextLine>
            </TextBlock>
         </PrintSpace>
      </Page>
   </Layout>
</alto>
