5632 3901
2072 44 438 129 14 april

577 48 1027 164 Mons anthorne Gallopen

675 119 2094 215 Jespere que vs aurez xccu en sonterp ma demiire

672 191 2152 208 lettre du 18 mars je n'avois point de carisees et vrela

683 339 2127 174 la raison que je nene pouvois s servirce lla cy p

714 418 2089 197 advis que je vs ay envoyee 2 p bleufrisee dans le

711 511 2048 164 ballot de mons J:B: le Blaux pr que era en

731 599 2077 235 luze qui je vs prie juy rendere a 2 port s 2 bie

744 706 2065 229 que celle pr vead: la veufve charles andry vos

746 833 2069 215 2 p sont marque N3 paijable a ƒ30:- ƒ60 en sa

729 917 2037 220 blu argent de change pr l'avenir v les payerez

743 1036 2026 198 autant au blanc car les marchandises encheres

721 1126 2099 221 dent de plus en plus on dit que la poix est sugoe

730 1221 2004 209 entre les nlem potentaire a ietrecht marde

733 1333 2039 225 dernier d'ieu ps la donne bientoot afin que

733 1457 2052 213 le pais je puis remettre en tout ce quil soffre

719 1556 1780 232 pr vre service disposez de mois que suis

2174 1674 454 170 24 avril

591 1689 1424 194 Mons la veefve Charle Candis

751 1798 2065 155 Jay bien receu la chere vre du  du court avec renu

2613 1925 69 72 @

715 1927 2076 136 se des ƒ150 a charge le Sr Jaques de Cleves a jous

696 2032 2118 125 de veu en son temps jen proceeras le necessaire et a

711 2111 2067 154 tant payse jen passeray la valeur au credit de vre

710 2222 1960 158 compte on dit qui la paix est fait et svrie a

709 2335 2070 134 uhecht mardu denier jespere qu dieu ns dele

718 2404 2049 158 verera de cettes faneste guerre que le pays jere

704 2499 2031 188 mettera pr le hepes et que la commerce cr

710 2595 2103 206 come il faut je vs fait ofre de mes service prtous

699 2727 2123 171 jours et je ne manqueray jamais c vs bien servr

717 2795 2091 203 que suis vs souhaittant le bonne faister de pasquer

2036 2938 431 135 14 april

540 2891 849 206 Mons J:bb le bleue

683 2996 2132 197 je me refere a maderniere du 28 mars ensui

682 3108 2126 162 ja vs ay addresse la marchandise que m'avezor

683 3207 2098 161 donne mercondy passe dans une net it ballot

666 3309 2092 182 marque 828 pr la barque pr bruss elles chez

658 3412 2153 182 henry de pauw a la faiste d'or au marche au

666 3517 2156 151 grain vs aurez la bonte de parler a en charties

686 3634 2111 142 de vre connoissence afin quil aelle prendre

667 3731 2131 99 le ballot et vs le faire tenir ils is a 2 curisees de

2906 7 2278 152 don pr lest anthare yalopen quel 1es plaeraley,

2881 88 2277 174 prettre en main estant arrivee chey vs vs avez

2930 196 2224 121 au pied de cette ore factiure portant de change

3188 269 1954 187 pr quelle somme il vs plaira me ende

2869 386 2270 140 ter vs ne m'en jpayez non plus que le Galopin

2925 472 2222 222 m'en a payce au bon marche les mancsfactures

2923 579 2227 230 estant depuis ce temps considerablement augmen

2899 685 2217 169 te en prix elles encherrssent de jours en jours

2924 782 2246 203 dautant que l'on dit la paix faitte et seyne a

2912 903 2267 205 a ietrecht le mardy dernier la baye souge est

2917 1004 2167 246 une ffinne et bonne baye contenent & 66 ou les

2909 1147 2224 161 ordenaire ne continnent que 14  mais elle

2895 1250 2246 189 ma serve au blanc d'enveloppe et il y a quly

2899 1377 2192 152 aulnes endommage ce pr quoy que je vs la doix

2903 1494 2185 145 ne a l'advenant en prix a ƒ 36 dome jenay

2893 1608 2218 172 vendue les parcelles les ordinaires ne sont pas se

2878 1717 2262 129 bonnes et ce pr cela qui je vs en envoyee telle ne

2899 1829 2262 147 doubtant pas ou cela vs accommodera bien ar

2902 1921 2208 182 coupant en bas ce quilsy at enden magie vs au

2916 2026 2149 147 rez autant de longeur que d'une ordinaie que

2903 2146 2194 139 me devreez payer au mes me prix et quelle seroit

2895 2237 2203 199 beaucoup ifcriceer en qualite jespere quons

2912 2342 2219 136 vons connoissence p ensemble et que pr l'avenr

2919 2495 2216 144 pauvay l'honneur de vre chalandise priant me

2926 2558 2171 172 commander en tout ce quil s'offre pr vre service

2910 2679 2193 189 de vs souhaitte les bonnes faitteude pos que et suis

4313 2804 482 149 14 april

2893 2778 1034 182 Brusselle h: de pacun

2993 2864 2093 197 hebbe ue voorleden wondagh p beurtschipge

2963 2980 2211 188 consigiert een pascke imerc 25L8 p ordre en

2945 3087 2184 136 voor reete van mons J: le bleux van bergen

2944 3173 2201 141 waer mede sijn ondre gelieft te volgenen bliven aen

2954 3257 2193 191 werschinge van het saleyhhooghijt van passchen

4287 3362 409 117 13 avril

2920 3365 931 147 leeds Willeam Bockson

2887 3404 2213 166 & cejourd hy je recoive  de chere vres du 25 et du 28

2962 3507 2131 142 mais mais pr la premiere le connescement du

2952 3615 2205 152 hall of N2 et 3 charge pr rotterdam a boid dos h

2953 3667 2139 131 blaides p vre seconde facture et eschantillions
