5630 3879
804 69 2059 120 n olents u   suht op Jean van

796 103 2088 201 gteenwegh tot amsterdan. men seght mij voor

829 209 1931 221 vast den agio niet hooger als 4¼ gewesen

781 337 2108 180 soo dat dese partije op 1½ prets banco soude

793 470 2021 152 correspondeeren. ue behenden int rest is

806 582 1089 216 afgeloopen blijve

2044 712 652 168 28 gber 1712

744 701 958 198 Brusselle W doosedam

783 815 2059 164 tot antwort op ue bref van 10 deser moete ue

826 917 2092 191 segeen dat het wondt is ue mij dest schrijven

825 1003 2126 220 in ommaght te wesens door daen ue dis b

844 1160 2003 156 aen sijne crediteuren soo ue eenen styver

866 1246 2064 198 gewonnen heeft ben ick soo wel als anderen

900 1342 2022 167 een iterr niet en waerom en doe

891 1396 2047 226 ue het selve nat aen mij weet u wel dit

915 1519 1976 191 ue in consientie aen my meer als aen

889 1603 2027 256 andere geobligeert is redene u met an

862 1723 2071 255 dere noch en lanck heeft gehandelt en

872 1863 2030 237 dat u regh voor ue tallieren mij soo 2

890 1955 2038 265 partijen heeft coemen athaelen welt ue

866 2117 2094 171 noch hebben dat ick ue voorder credit sue

891 2178 2062 256 dat en heeft van den eersten in stant van

863 2279 2087 251 ue maer gedependeert want ick hebbe ue

860 2390 2077 290 geschreven betaelt mij ƒ300 ende ick sal

841 2522 2040 233 snom ƒ200 goet senden ende soo salmen

863 2649 2096 187 voorder in onderhout van kennisse coemens

898 2747 1974 188 dat ben ick noch parait te doen als ge

877 2870 2077 183 welt ende ue moet van mij nen cant gune

898 2961 2048 207 exceptee nemen nochte claen voorrde

877 3069 2029 193 bidde ick ue seveelijck van niet meer te

890 3178 2001 183 laeten iets op rock aen dh van goek te

903 3273 1616 172 tillen blijve my daer ofd verlactendi

748 3366 2203 156 Brusselle la veufire rousseau 2 9 ber 1715„

938 3439 2025 164 pr reponcer al lhonicer de la vrz it u

956 3570 1998 108 je procureray le necesseire de vos 2 nemer

921 3612 2021 99 lene £240 a charge mad: constance croisellut

889 3711 2044 108 payable le 1 xbres e2 l'autre de ƒ171 & change

3000 39 2349 169 le & Pedro Baut a vours de veu et estant payez

3016 127 2310 195 ie vs le feray bon en compte estant de tout mas

3015 250 290 125 coeur

3060 318 1433 177 Busselle de wed: mosselmans

4482 343 787 161 28 sber13

3068 457 2352 210 Ick hebbe ue brief de dato 27 sber het sijn a

3091 589 2280 169 bijde wel ontfange ick  hadde niet gewest

3109 662 2227 173 de in dis positie van uen man daer ardf

3115 788 2190 153 sedert vaen gedisponiert heefts0 ick hebbe

3115 867 2227 191 hebbe veanbemen den lvgende wille

3099 990 2206 213 syne sule genaede doen ende e ts offen

3105 1111 2209 214 sedert die tijt en hebbe ue niet welle moe

3091 1214 2270 238 ejck vallen maer nu ue uyt het eba

3100 1329 2211 199 is en can iemiet querlijck nemen dt

3099 1471 2176 163 ick ue nie voeedelggh coemen verloec

3098 1540 2204 257 en van mijne laeste trato voor dh van

3095 1660 2176 259 joek in dato 9 aecgieste van £31:16:4

3086 1772 2205 263 p slot van reet te wellen volgoen want

3107 1894 2129 227 het en is niet redelijck dat der van goet

3095 1994 2167 239 in dis boeurse soude wesen ende l onvol

3119 2098 2138 247 daen blijve coindereert de ewelctjte

3119 2228 2175 198 disxreti die ick gehaedt hebbe het is noch

3102 2347 2143 184 van de eenige parye die ick ue y t

3121 2444 2149 204 hebbe vercocht ende nu in ue gusty a 2

3122 2573 2137 220 jaeren greeden ick vertroiwe dan mant

3137 2670 2137 200 wort te vernemen dat ue dan eyndelijck

3136 2784 1405 203 sal hebbe volgaen blijve

4592 2892 660 161 28 gber 1715

3031 2913 1181 191 Brusselle p van dock

3114 2992 2127 236 en twijfele niet oft mijnen laesten van 27

3116 3094 2178 213 sber is ue het sijnen sijde geworden ende sal

3122 3212 2168 212 ue appaisement hebbe gegeven sedert ben

3124 3280 2132 201 sonder eenige van ue aengenaeme heden

3112 3376 2182 191 ontfange ue briefken op m. miles phelipson

3109 3496 2112 148 van  £29 met protest teruyge faute

3125 3605 2068 154 den selven noch in stat ts gevonden

3112 3694 2115 128 om te accepteeren nochte en ver al di
