5513 3887
605 50 2188 143 want het slecnt debit ende de lange bon

611 125 2138 117 intrest is ingelooftelick ende daer sijn enig

613 211 2161 173 gelsoke selfs die het gheel. lant van stadt tot stadt

634 294 2140 206 afloonen ende icn iver geneven tot soo daenegen

668 400 2116 223 smij dat wij niet cxpabel sijn die ree te ne

621 493 2170 185 maecken ik woorde dat gewaer bij brieven die e

634 590 2060 220 desconteere ende die mij gepresenteert worden

667 689 2062 193 ie is die ekcestwe hooge cour van wensal

649 779 2145 257 dat 6 a4 pret aen voorlede jaer comt te disfe

696 917 1946 175 reeren soo diet ue laetens oordeelen watter te

682 1033 2099 190 doen sal wesen met de slatterie van veranderen

690 1107 2071 223 ge ende advantagie hebbe ick mijne dis aveen

655 1216 2039 213 tagie te gemoet geloopen ick moe patientie

684 1340 2066 187 hebben ingesloete remitteere ue dan provise

680 1432 2043 234 onelijck £ 250 op themas halsey london van

687 1555 2080 215 17 february sos waer voor mij het synen t de inge

676 1686 2050 162 edermine sijnde gelieve te crediteeren ende ans

661 1767 2112 219 te adviseenen often veranderenge in den prp

664 1885 2064 178 der manuefacturen is om voor de geene de ic

668 1993 2042 211 bij mij hebbe mijne mesieres a l'advenait te

711 2109 1433 180 nemen: ick groete uven blijve

2012 2180 561 136 3 meert 1713

536 2198 857 173 Leuven hiliph nys

687 2262 2086 176 ue aengenaeme van 26 tebruarij en is mij op gesteren

679 2352 2061 205 behobdight in gevolge hebbe heden bij den boede gons

662 2462 2118 164 sens metie eene quittantie om gelt gesonden soo als

680 2558 2092 145 ue mij ordonneet en hebbe voor antwoort gecregt

647 2653 2138 192 hij mij niet als in de naeste wecke en sal connen

659 2743 2124 205 betaelen dat goet gedaght hebbe ue te laeten wete

686 2857 2066 154 dat ontfange sal ick ue sonder manquement met

701 2936 2085 172 den boede janssens de naert wecke reck aoccssinde

698 3035 2082 212 waer op mooght betrouwen de engelsche goederen

698 3133 2069 212 sijn merckaelijck op gelaegen sedert corte maen

664 3247 2104 144 ende sullen veel dierder worden soo den vreden ge

683 3342 2108 198 daen is heeft ue iets noodigh ick soude ue als vre

673 3427 2120 190 raeden wat provisie te doen ue sal het mij danck

694 3535 2087 151 weeten ick ben wel ncoorsien tot ue dienste end

660 3626 2033 140 van het gene dat ick bij mij hebbe sal ick ue

655 3714 2134 121 noch goeden coop connen geneven ende soo lijn

2835 0 1165 184 Leuven bartholomens Corthour

4326 3 551 171 D maert 176

2943 104 2128 146 met den ingebreden vasten ende het faeen aen uoe

2940 198 2120 121 piende soo en wille niet naer laeten de memorie

2927 294 2205 95 noch eens te vervooschen ende nue mmjn diens moch

2944 354 2207 130 een presenteren ick an wete iet wat het te sene

2901 448 2262 166 is dat ue mij comt te verlacte dat noot sackelijve

2827 515 2205 158 nedordeele alsoo ick in soo lange tyt niet en

2887 604 2260 182 hebbe vercocht den vvnden jaet vast ende daerop

2882 717 2200 201 seven de goederen daegelijcks op in prijs en

2902 820 2182 176 staer noch meer te monteren soo dat ick ue

2902 929 2213 185 als wint raede eenige provisie te doen en u

4191 1043 184 85 6y

2836 1053 2265 174 fott mij danck weten, ick seer schoon genot

2863 1144 2233 177 op voerat bij mij ddat ick noch goeden coop aen

2912 1227 2251 194 geven en eck sal alles doen wat mogelijce is omm

2919 1367 2106 169 ue calandise te hebbe ende ue seer hertelijck

2892 1459 1497 175 versoeckende en groetende blijve

4092 1543 423 142 3 meert

2858 1555 945 158 Leuven de wed: Jan le vis

2909 1629 2207 144 ue aengenaeme van 5 sber laest hebbe wel ontfan

2907 1777 2126 130 te achter volgens hadde al verwacht dat ue ens

2895 1818 2199 201 soyde hebbe ovegecoeme en mits na het jaesoen

2926 1890 2152 208 vande biet aen comt soo en welle nat nier laeten

2922 2020 2197 185 ue andermael mijn dierst te presenteren ende

2892 2122 2223 136 ue eens te adviseren dat de engelsche grederen

2895 2232 2152 139 soo merckelijck op slaen ende ver volghens

2888 2342 2104 201 dat ick ue soude raeden eeige provisie te

2878 2517 2245 114 coope ue sal mij danck wete waert soo den

2869 2621 2219 123 inden gedaen is daer men niet meet aen

2889 2693 2242 138 en twijffele soo sullen die goederen noch dagelijck

2863 2784 2221 188 lijck noch hooger los ne ick hebbe seer schoon

2892 2895 2221 187 genef van lle soorte en dat can ick noch goe

2866 3046 2261 115 den coop geven en sal alles n wat

2859 3124 2297 146 gelijck is om ue te anm en in alle occas

2868 3210 1633 147 gien te connen bedienen die blijvee

4216 3290 400 131 8 meert

2824 3321 797 153 Bredael Laureys a

2879 3424 2228 130 Ick hebbe ue breef van primo deser wel ontfangenen

2915 3510 2160 90 oock het t sweert lacken daer by vermelt daer niet

2905 3563 2209 151 wel te onden over en ben en can noch voor vrou

2926 3667 2182 133 wen nochmans dienen het en is geen 2 e breet

3165 3721 1970 132 od dien dat ick niet en weete wat voor een

2920 3773 187 79 ende
