<?xml version="1.0" encoding="UTF-8"?>
<alto xmlns:xsi="http://www.w3.org/2001/XMLSchema-instance"
      xmlns="http://www.loc.gov/standards/alto/ns-v4#"
      xmlns:page="http://schema.primaresearch.org/PAGE/gts/pagecontent/2013-07-15"
      xsi:schemaLocation="http://www.loc.gov/standards/alto/ns-v4# https://www.loc.gov/standards/alto/v4/alto.xsd">
   <Description>
      <MeasurementUnit>pixel</MeasurementUnit>
      <OCRProcessing ID="IdOcr">
         <ocrProcessingStep>
            <processingDateTime>2022-02-11T21:31:54.298+01:00</processingDateTime>
            <processingSoftware>
               <softwareCreator>READ COOP</softwareCreator>
               <softwareName>Transkribus</softwareName>
            </processingSoftware>
         </ocrProcessingStep>
      </OCRProcessing>
   </Description>
   <Layout>
      <Page ID="Page1" PHYSICAL_IMG_NR="1" HEIGHT="3880" WIDTH="5661">
         <TopMargin HEIGHT="0" WIDTH="5661" VPOS="0" HPOS="0"/>
         <LeftMargin HEIGHT="3880" WIDTH="0" VPOS="0" HPOS="0"/>
         <RightMargin HEIGHT="3880" WIDTH="0" VPOS="0" HPOS="5661"/>
         <BottomMargin HEIGHT="0" WIDTH="5661" VPOS="3880" HPOS="0"/>
         <PrintSpace HEIGHT="3880" WIDTH="5661" VPOS="0" HPOS="0">
            <TextBlock ID="region_1637685221254_4757"
                       HEIGHT="3813"
                       WIDTH="2266"
                       VPOS="40"
                       HPOS="625">
               <Shape>
                  <Polygon POINTS="625,40 2891,40 2891,3853 625,3853"/>
               </Shape>
               <TextLine ID="region_1637685221254_4757l1"
                         BASELINE="1924,130 1950,132 1977,134 2004,137 2030,138 2057,140 2084,142 2110,142 2137,144 2164,145 2190,146 2217,146 2244,146"
                         HEIGHT="161"
                         WIDTH="355"
                         VPOS="65"
                         HPOS="1907">
                  <String ID="string_region_1637685221254_4757l1"
                          HEIGHT="161"
                          WIDTH="355"
                          VPOS="65"
                          HPOS="1907"
                          CONTENT="5 July"/>
               </TextLine>
               <TextLine ID="region_1637685221254_4757l2"
                         BASELINE="686,198 728,194 770,192 812,188 854,186 896,182 938,180 980,178 1022,176 1064,174 1106,172 1148,171 1190,169 1232,168 1274,166 1316,166 1358,164 1400,164 1442,164 1484,162 1526,162"
                         HEIGHT="202"
                         WIDTH="872"
                         VPOS="54"
                         HPOS="668">
                  <String ID="string_region_1637685221254_4757l2"
                          HEIGHT="202"
                          WIDTH="872"
                          VPOS="54"
                          HPOS="668"
                          CONTENT="Brusselle J: haegens"/>
               </TextLine>
               <TextLine ID="region_1637685221254_4757l3"
                         BASELINE="744,326 850,314 956,307 1062,300 1169,294 1275,292 1381,288 1488,286 1594,286 1700,286 1807,286 1913,286 2019,286 2125,286 2232,286 2338,284 2444,282 2551,280 2657,276 2763,270 2870,264"
                         HEIGHT="244"
                         WIDTH="2157"
                         VPOS="160"
                         HPOS="727">
                  <String ID="string_region_1637685221254_4757l3"
                          HEIGHT="244"
                          WIDTH="2157"
                          VPOS="160"
                          HPOS="727"
                          CONTENT="Ick verhoepe dat ue desen mijnen op ue goet retoen"/>
               </TextLine>
               <TextLine ID="region_1637685221254_4757l4"
                         BASELINE="780,414 880,408 981,402 1081,398 1182,394 1283,390 1383,388 1484,388 1584,386 1685,386 1786,386 1886,386 1987,386 2087,387 2188,388 2289,388 2389,388 2490,388 2590,388 2691,388 2792,388"
                         HEIGHT="186"
                         WIDTH="2039"
                         VPOS="280"
                         HPOS="766">
                  <String ID="string_region_1637685221254_4757l4"
                          HEIGHT="186"
                          WIDTH="2039"
                          VPOS="280"
                          HPOS="766"
                          CONTENT="wel sal behandight worden den sholbrief al"/>
               </TextLine>
               <TextLine ID="region_1637685221254_4757l5"
                         BASELINE="800,512 900,508 1000,506 1100,504 1200,500 1301,498 1401,494 1501,492 1601,490 1701,488 1802,486 1902,484 2002,482 2102,480 2202,480 2303,480 2403,480 2503,480 2603,480 2703,482 2804,484"
                         HEIGHT="180"
                         WIDTH="2034"
                         VPOS="394"
                         HPOS="784">
                  <String ID="string_region_1637685221254_4757l5"
                          HEIGHT="180"
                          WIDTH="2034"
                          VPOS="394"
                          HPOS="784"
                          CONTENT="hier synde soo hebbe ue 5 laeckens met eenen "/>
               </TextLine>
               <TextLine ID="region_1637685221254_4757l6"
                         BASELINE="816,624 914,619 1013,612 1111,608 1210,604 1309,599 1407,595 1506,591 1604,588 1703,585 1802,582 1900,580 1999,578 2097,576 2196,574 2295,574 2393,572 2492,572 2590,572 2689,572 2788,572"
                         HEIGHT="205"
                         WIDTH="2001"
                         VPOS="480"
                         HPOS="800">
                  <String ID="string_region_1637685221254_4757l6"
                          HEIGHT="205"
                          WIDTH="2001"
                          VPOS="480"
                          HPOS="800"
                          CONTENT="baye op gepackt ende gemerckt ½ E heden"/>
               </TextLine>
               <TextLine ID="region_1637685221254_4757l7"
                         BASELINE="808,744 908,735 1009,728 1109,722 1210,716 1310,712 1411,707 1511,704 1612,701 1712,698 1813,696 1913,695 2014,692 2114,692 2215,690 2315,687 2416,684 2516,682 2617,680 2717,676 2818,672"
                         HEIGHT="232"
                         WIDTH="2039"
                         VPOS="579"
                         HPOS="792">
                  <String ID="string_region_1637685221254_4757l7"
                          HEIGHT="232"
                          WIDTH="2039"
                          VPOS="579"
                          HPOS="792"
                          CONTENT="scheep gedaen dat niet en twijfele oft sal ue "/>
               </TextLine>
               <TextLine ID="region_1637685221254_4757l8"
                         BASELINE="832,840 933,834 1035,830 1136,825 1238,822 1339,818 1441,816 1542,814 1644,812 1745,810 1847,810 1948,808 2050,808 2151,806 2253,806 2354,804 2456,802 2557,800 2659,798 2760,796 2862,792"
                         HEIGHT="152"
                         WIDTH="2059"
                         VPOS="682"
                         HPOS="817">
                  <String ID="string_region_1637685221254_4757l8"
                          HEIGHT="152"
                          WIDTH="2059"
                          VPOS="682"
                          HPOS="817"
                          CONTENT="wel en tot contentement geworden heren "/>
               </TextLine>
               <TextLine ID="region_1637685221254_4757l9"
                         BASELINE="848,948 945,944 1042,941 1139,938 1236,936 1333,933 1430,932 1527,928 1624,926 1721,924 1818,922 1915,920 2012,918 2109,916 2206,913 2303,910 2400,908 2497,905 2594,902 2691,898 2788,894"
                         HEIGHT="208"
                         WIDTH="1973"
                         VPOS="801"
                         HPOS="832">
                  <String ID="string_region_1637685221254_4757l9"
                          HEIGHT="208"
                          WIDTH="1973"
                          VPOS="801"
                          HPOS="832"
                          CONTENT="der daer van de facture bedraegende in"/>
               </TextLine>
               <TextLine ID="region_1637685221254_4757l10"
                         BASELINE="870,1046 967,1044 1065,1044 1162,1042 1260,1042 1358,1042 1455,1040 1553,1040 1650,1038 1748,1038 1846,1036 1943,1034 2041,1034 2138,1032 2236,1028 2334,1025 2431,1022 2529,1018 2626,1012 2724,1006 2822,1000"
                         HEIGHT="187"
                         WIDTH="1981"
                         VPOS="927"
                         HPOS="855">
                  <String ID="string_region_1637685221254_4757l10"
                          HEIGHT="187"
                          WIDTH="1981"
                          VPOS="927"
                          HPOS="855"
                          CONTENT="wesselelde ƒ590:4 ¼½ waer voor mij maer "/>
               </TextLine>
               <TextLine ID="region_1637685221254_4757l11"
                         BASELINE="886,1146 983,1148 1080,1148 1177,1148 1274,1148 1372,1148 1469,1148 1566,1148 1663,1146 1760,1144 1858,1144 1955,1142 2052,1140 2149,1140 2246,1138 2344,1136 2441,1134 2538,1132 2635,1130 2732,1130 2830,1128"
                         HEIGHT="203"
                         WIDTH="1973"
                         VPOS="1017"
                         HPOS="872">
                  <String ID="string_region_1637685221254_4757l11"
                          HEIGHT="203"
                          WIDTH="1973"
                          VPOS="1017"
                          HPOS="872"
                          CONTENT="recht bevendenden gelieft te crediteeden "/>
               </TextLine>
               <TextLine ID="region_1637685221254_4757l12"
                         BASELINE="872,1254 972,1256 1073,1258 1174,1258 1275,1258 1376,1258 1476,1258 1577,1256 1678,1254 1779,1252 1880,1252 1980,1250 2081,1250 2182,1248 2283,1250 2384,1250 2484,1252 2585,1255 2686,1261 2787,1266 2888,1274"
                         HEIGHT="213"
                         WIDTH="2044"
                         VPOS="1122"
                         HPOS="859">
                  <String ID="string_region_1637685221254_4757l12"
                          HEIGHT="213"
                          WIDTH="2044"
                          VPOS="1122"
                          HPOS="859"
                          CONTENT="en voort wenter e soen toecoemende meth"/>
               </TextLine>
               <TextLine ID="region_1637685221254_4757l13"
                         BASELINE="888,1368 984,1370 1081,1372 1178,1372 1275,1372 1372,1372 1468,1372 1565,1370 1662,1370 1759,1368 1856,1366 1952,1364 2049,1362 2146,1360 2243,1358 2340,1356 2436,1356 2533,1354 2630,1354 2727,1354 2824,1354"
                         HEIGHT="150"
                         WIDTH="1964"
                         VPOS="1279"
                         HPOS="873">
                  <String ID="string_region_1637685221254_4757l13"
                          HEIGHT="150"
                          WIDTH="1964"
                          VPOS="1279"
                          HPOS="873"
                          CONTENT="voor allen ick hebbe seer scon sorte"/>
               </TextLine>
               <TextLine ID="region_1637685221254_4757l14"
                         BASELINE="878,1492 978,1490 1078,1488 1178,1486 1278,1484 1379,1480 1479,1478 1579,1475 1679,1472 1779,1470 1880,1468 1980,1466 2080,1464 2180,1462 2280,1462 2381,1462 2481,1464 2581,1464 2681,1467 2781,1470 2882,1474"
                         HEIGHT="195"
                         WIDTH="2033"
                         VPOS="1367"
                         HPOS="863">
                  <String ID="string_region_1637685221254_4757l14"
                          HEIGHT="195"
                          WIDTH="2033"
                          VPOS="1367"
                          HPOS="863"
                          CONTENT="ment gelijck ue bekent is en ick sal brach"/>
               </TextLine>
               <TextLine ID="region_1637685221254_4757l15"
                         BASELINE="876,1624 973,1617 1071,1611 1169,1606 1267,1602 1365,1598 1463,1594 1561,1592 1659,1590 1757,1588 1855,1588 1952,1586 2050,1585 2148,1584 2246,1582 2344,1581 2442,1579 2540,1577 2638,1574 2736,1570 2834,1566"
                         HEIGHT="207"
                         WIDTH="1987"
                         VPOS="1477"
                         HPOS="860">
                  <String ID="string_region_1637685221254_4757l15"
                          HEIGHT="207"
                          WIDTH="1987"
                          VPOS="1477"
                          HPOS="860"
                          CONTENT="ten daer door te slaen en ue goeden coop"/>
               </TextLine>
               <TextLine ID="region_1637685221254_4757l16"
                         BASELINE="884,1748 980,1741 1077,1735 1174,1730 1271,1724 1368,1720 1465,1716 1562,1712 1659,1709 1756,1706 1853,1704 1949,1702 2046,1698 2143,1696 2240,1694 2337,1693 2434,1690 2531,1688 2628,1686 2725,1684 2822,1682"
                         HEIGHT="183"
                         WIDTH="1968"
                         VPOS="1585"
                         HPOS="869">
                  <String ID="string_region_1637685221254_4757l16"
                          HEIGHT="183"
                          WIDTH="1968"
                          VPOS="1585"
                          HPOS="869"
                          CONTENT="te bedunen denckende dat het debutsal"/>
               </TextLine>
               <TextLine ID="region_1637685221254_4757l17"
                         BASELINE="876,1850 972,1844 1069,1839 1165,1835 1262,1831 1358,1826 1455,1824 1551,1821 1648,1818 1744,1816 1841,1814 1937,1812 2034,1812 2130,1810 2227,1810 2323,1810 2420,1810 2516,1810 2613,1812 2709,1812 2806,1812"
                         HEIGHT="182"
                         WIDTH="1959"
                         VPOS="1691"
                         HPOS="862">
                  <String ID="string_region_1637685221254_4757l17"
                          HEIGHT="182"
                          WIDTH="1959"
                          VPOS="1691"
                          HPOS="862"
                          CONTENT="vermeerderen ende dat het de menighte"/>
               </TextLine>
               <TextLine ID="region_1637685221254_4757l18"
                         BASELINE="850,1960 951,1954 1052,1948 1153,1942 1255,1937 1356,1932 1457,1928 1559,1924 1660,1921 1761,1918 1863,1916 1964,1914 2065,1913 2166,1912 2268,1912 2369,1912 2470,1914 2572,1916 2673,1918 2774,1922 2876,1924"
                         HEIGHT="156"
                         WIDTH="2056"
                         VPOS="1812"
                         HPOS="834">
                  <String ID="string_region_1637685221254_4757l18"
                          HEIGHT="156"
                          WIDTH="2056"
                          VPOS="1812"
                          HPOS="834"
                          CONTENT="sal door draegen en vervolgens wat beeter"/>
               </TextLine>
               <TextLine ID="region_1637685221254_4757l19"
                         BASELINE="872,2060 970,2054 1068,2050 1166,2046 1264,2041 1362,2037 1460,2034 1558,2030 1656,2028 1754,2024 1853,2022 1951,2020 2049,2018 2147,2018 2245,2016 2343,2016 2441,2016 2539,2016 2637,2016 2735,2018 2834,2018"
                         HEIGHT="205"
                         WIDTH="1992"
                         VPOS="1916"
                         HPOS="856">
                  <String ID="string_region_1637685221254_4757l19"
                          HEIGHT="205"
                          WIDTH="1992"
                          VPOS="1916"
                          HPOS="856"
                          CONTENT="rick connen rendeeren al die miserale "/>
               </TextLine>
               <TextLine ID="region_1637685221254_4757l20"
                         BASELINE="896,2180 993,2174 1091,2168 1188,2163 1286,2158 1383,2152 1481,2148 1578,2143 1676,2139 1773,2135 1871,2132 1968,2128 2066,2126 2163,2124 2261,2122 2358,2120 2456,2120 2553,2120 2651,2120 2748,2122 2846,2124"
                         HEIGHT="234"
                         WIDTH="1978"
                         VPOS="2022"
                         HPOS="882">
                  <String ID="string_region_1637685221254_4757l20"
                          HEIGHT="234"
                          WIDTH="1978"
                          VPOS="2022"
                          HPOS="882"
                          CONTENT="negotie tot noch soo gedaen heeft dat godt"/>
               </TextLine>
               <TextLine ID="region_1637685221254_4757l21"
                         BASELINE="888,2296 986,2291 1085,2286 1184,2280 1283,2276 1382,2270 1481,2266 1580,2261 1679,2256 1778,2252 1877,2247 1975,2244 2074,2240 2173,2238 2272,2236 2371,2234 2470,2234 2569,2234 2668,2236 2767,2239 2866,2242"
                         HEIGHT="188"
                         WIDTH="2010"
                         VPOS="2137"
                         HPOS="871">
                  <String ID="string_region_1637685221254_4757l21"
                          HEIGHT="188"
                          WIDTH="2010"
                          VPOS="2137"
                          HPOS="871"
                          CONTENT="wille verleenen naer mensaeme roet"/>
               </TextLine>
               <TextLine ID="region_1637685221254_4757l22"
                         BASELINE="888,2396 963,2394 1039,2390 1115,2386 1190,2382 1266,2378 1342,2374 1417,2369 1493,2364 1569,2359 1645,2355 1720,2350 1796,2347 1872,2343 1947,2340 2023,2338 2099,2336 2174,2336 2250,2336 2326,2338 2402,2342"
                         HEIGHT="195"
                         WIDTH="1545"
                         VPOS="2254"
                         HPOS="872">
                  <String ID="string_region_1637685221254_4757l22"
                          HEIGHT="195"
                          WIDTH="1545"
                          VPOS="2254"
                          HPOS="872"
                          CONTENT="al aen P: ue beminde soo blijve"/>
               </TextLine>
               <TextLine ID="region_1637685221254_4757l23"
                         BASELINE="790,2550 891,2538 993,2530 1094,2522 1196,2516 1298,2511 1399,2506 1501,2504 1602,2500 1704,2498 1806,2497 1907,2496 2009,2494 2110,2494 2212,2492 2314,2490 2415,2488 2517,2486 2618,2484 2720,2479 2822,2474"
                         HEIGHT="268"
                         WIDTH="2066"
                         VPOS="2333"
                         HPOS="771">
                  <String ID="string_region_1637685221254_4757l23"
                          HEIGHT="268"
                          WIDTH="2066"
                          VPOS="2333"
                          HPOS="771"
                          CONTENT="Brussel de Wedue Dekens Ady 8 Juli 172"/>
               </TextLine>
               <TextLine ID="region_1637685221254_4757l24"
                         BASELINE="742,2566 778,2538"
                         HEIGHT="176"
                         WIDTH="171"
                         VPOS="2433"
                         HPOS="650">
                  <String ID="string_region_1637685221254_4757l24"
                          HEIGHT="176"
                          WIDTH="171"
                          VPOS="2433"
                          HPOS="650"
                          CONTENT="de"/>
               </TextLine>
               <TextLine ID="region_1637685221254_4757l25"
                         BASELINE="806,2684 907,2676 1009,2668 1110,2662 1212,2658 1314,2654 1415,2652 1517,2650 1618,2650 1720,2648 1822,2648 1923,2648 2025,2647 2126,2646 2228,2644 2330,2642 2431,2640 2533,2635 2634,2629 2736,2623 2838,2614"
                         HEIGHT="217"
                         WIDTH="2061"
                         VPOS="2498"
                         HPOS="791">
                  <String ID="string_region_1637685221254_4757l25"
                          HEIGHT="217"
                          WIDTH="2061"
                          VPOS="2498"
                          HPOS="791"
                          CONTENT="Sedert ue mij altgots aengenaeme van 9 muy"/>
               </TextLine>
               <TextLine ID="region_1637685221254_4757l26"
                         BASELINE="826,2790 927,2786 1029,2782 1130,2778 1232,2776 1334,2774 1435,2772 1537,2772 1638,2772 1740,2772 1842,2770 1943,2772 2045,2770 2146,2770 2248,2770 2350,2770 2451,2768 2553,2766 2654,2764 2756,2760 2858,2756"
                         HEIGHT="178"
                         WIDTH="2061"
                         VPOS="2635"
                         HPOS="811">
                  <String ID="string_region_1637685221254_4757l26"
                          HEIGHT="178"
                          WIDTH="2061"
                          VPOS="2635"
                          HPOS="811"
                          CONTENT="laest ende dat ick adheer de meester hebbe"/>
               </TextLine>
               <TextLine ID="region_1637685221254_4757l27"
                         BASELINE="748,2912 851,2908 955,2902 1059,2899 1163,2896 1267,2894 1371,2892 1475,2890 1579,2888 1683,2888 1787,2886 1890,2886 1994,2884 2098,2884 2202,2884 2306,2882 2410,2880 2514,2878 2618,2876 2722,2874 2826,2870"
                         HEIGHT="146"
                         WIDTH="2108"
                         VPOS="2783"
                         HPOS="733">
                  <String ID="string_region_1637685221254_4757l27"
                          HEIGHT="146"
                          WIDTH="2108"
                          VPOS="2783"
                          HPOS="733"
                          CONTENT="uyt ue naem geschreven en hebbe ick voorders"/>
               </TextLine>
               <TextLine ID="region_1637685221254_4757l28"
                         BASELINE="850,3022 946,3017 1042,3012 1138,3010 1234,3008 1330,3005 1426,3004 1522,3002 1618,3002 1714,3002 1810,3002 1906,3002 2002,3000 2098,3000 2194,3000 2290,2998 2386,2997 2482,2995 2578,2992 2674,2988 2770,2984"
                         HEIGHT="150"
                         WIDTH="1948"
                         VPOS="2885"
                         HPOS="835">
                  <String ID="string_region_1637685221254_4757l28"
                          HEIGHT="150"
                          WIDTH="1948"
                          VPOS="2885"
                          HPOS="835"
                          CONTENT="nochte van ue nochte van hem eenige"/>
               </TextLine>
               <TextLine ID="region_1637685221254_4757l29"
                         BASELINE="856,3140 954,3134 1052,3127 1150,3123 1248,3118 1347,3116 1445,3114 1543,3112 1641,3110 1739,3110 1838,3110 1936,3109 2034,3108 2132,3108 2230,3108 2329,3108 2427,3106 2525,3104 2623,3102 2721,3099 2820,3096"
                         HEIGHT="166"
                         WIDTH="1992"
                         VPOS="2999"
                         HPOS="841">
                  <String ID="string_region_1637685221254_4757l29"
                          HEIGHT="166"
                          WIDTH="1992"
                          VPOS="2999"
                          HPOS="841"
                          CONTENT="brieven becoemen dat mij doet oordeelen"/>
               </TextLine>
               <TextLine ID="region_1637685221254_4757l30"
                         BASELINE="860,3250 959,3246 1058,3242 1157,3240 1256,3238 1355,3235 1454,3233 1553,3232 1652,3230 1751,3228 1850,3228 1949,3226 2048,3224 2147,3224 2246,3222 2345,3221 2444,3220 2543,3218 2642,3216 2741,3214 2840,3212"
                         HEIGHT="183"
                         WIDTH="2009"
                         VPOS="3116"
                         HPOS="846">
                  <String ID="string_region_1637685221254_4757l30"
                          HEIGHT="183"
                          WIDTH="2009"
                          VPOS="3116"
                          HPOS="846"
                          CONTENT="hij aen ue adroitur sal hebben geantwoort"/>
               </TextLine>
               <TextLine ID="region_1637685221254_4757l31"
                         BASELINE="876,3358 970,3356 1064,3354 1158,3354 1252,3352 1347,3350 1441,3350 1535,3348 1629,3346 1723,3346 1818,3344 1912,3342 2006,3342 2100,3340 2194,3338 2289,3338 2383,3336 2477,3334 2571,3332 2665,3330 2760,3328"
                         HEIGHT="194"
                         WIDTH="1912"
                         VPOS="3229"
                         HPOS="861">
                  <String ID="string_region_1637685221254_4757l31"
                          HEIGHT="194"
                          WIDTH="1912"
                          VPOS="3229"
                          HPOS="861"
                          CONTENT="een kennisse vant gepasseerde gegeven"/>
               </TextLine>
               <TextLine ID="region_1637685221254_4757l32"
                         BASELINE="860,3472 957,3472 1055,3472 1153,3470 1250,3470 1348,3468 1446,3468 1543,3466 1641,3464 1739,3462 1837,3462 1934,3460 2032,3458 2130,3456 2227,3454 2325,3452 2423,3452 2520,3450 2618,3450 2716,3448 2814,3448"
                         HEIGHT="189"
                         WIDTH="1983"
                         VPOS="3338"
                         HPOS="845">
                  <String ID="string_region_1637685221254_4757l32"
                          HEIGHT="189"
                          WIDTH="1983"
                          VPOS="3338"
                          HPOS="845"
                          CONTENT="weuschende alles naer ue genoeyen migh"/>
               </TextLine>
               <TextLine ID="region_1637685221254_4757l33"
                         BASELINE="834,3580 934,3580 1034,3582 1134,3582 1234,3582 1334,3582 1434,3582 1534,3580 1634,3580 1734,3578 1834,3576 1934,3574 2034,3574 2134,3572 2234,3570 2334,3570 2434,3568 2534,3568 2634,3568 2734,3570 2834,3570"
                         HEIGHT="144"
                         WIDTH="2029"
                         VPOS="3455"
                         HPOS="818">
                  <String ID="string_region_1637685221254_4757l33"
                          HEIGHT="144"
                          WIDTH="2029"
                          VPOS="3455"
                          HPOS="818"
                          CONTENT="wesen. ick vertrouwe dat ue nu volcoemen"/>
               </TextLine>
               <TextLine ID="region_1637685221254_4757l34"
                         BASELINE="818,3696 919,3696 1020,3696 1121,3696 1222,3694 1323,3692 1424,3690 1525,3688 1626,3686 1727,3683 1828,3680 1929,3678 2030,3676 2131,3674 2232,3672 2333,3672 2434,3672 2535,3672 2636,3672 2737,3674 2838,3678"
                         HEIGHT="143"
                         WIDTH="2048"
                         VPOS="3568"
                         HPOS="804">
                  <String ID="string_region_1637685221254_4757l34"
                          HEIGHT="143"
                          WIDTH="2048"
                          VPOS="3568"
                          HPOS="804"
                          CONTENT="herstelt is ende in staet weest om ae affairen"/>
               </TextLine>
               <TextLine ID="region_1637685221254_4757l35"
                         BASELINE="842,3774 934,3780 1027,3787 1119,3790 1212,3794 1305,3795 1397,3796 1490,3796 1582,3794 1675,3794 1768,3792 1860,3789 1953,3786 2045,3784 2138,3782 2231,3781 2323,3780 2416,3780 2508,3780 2601,3781 2694,3784"
                         HEIGHT="161"
                         WIDTH="1881"
                         VPOS="3673"
                         HPOS="827">
                  <String ID="string_region_1637685221254_4757l35"
                          HEIGHT="161"
                          WIDTH="1881"
                          VPOS="3673"
                          HPOS="827"
                          CONTENT="te conmen waernemen mijnen cleijnen"/>
               </TextLine>
            </TextBlock>
            <TextBlock ID="region_1637685224927_4760"
                       HEIGHT="3823"
                       WIDTH="2292"
                       VPOS="19"
                       HPOS="2917">
               <Shape>
                  <Polygon POINTS="2917,19 5209,19 5209,3842 2917,3842"/>
               </Shape>
               <TextLine ID="region_1637685224927_4760l1"
                         BASELINE="2982,158 3092,156 3203,156 3314,156 3425,156 3536,156 3647,158 3758,160 3869,162 3980,164 4091,166 4201,170 4312,173 4423,176 4534,180 4645,184 4756,188 4867,192 4978,196 5089,198 5200,202"
                         HEIGHT="175"
                         WIDTH="2246"
                         VPOS="67"
                         HPOS="2967">
                  <String ID="string_region_1637685224927_4760l1"
                          HEIGHT="175"
                          WIDTH="2246"
                          VPOS="67"
                          HPOS="2967"
                          CONTENT="diendt en sal ue noeydt weygeren daer capabelben"/>
               </TextLine>
               <TextLine ID="region_1637685224927_4760l2"
                         BASELINE="2974,274 3082,274 3191,274 3300,276 3408,276 3517,276 3626,278 3734,280 3843,282 3952,284 4061,286 4169,289 4278,292 4387,296 4495,298 4604,302 4713,304 4821,308 4930,312 5039,316 5148,318"
                         HEIGHT="192"
                         WIDTH="2205"
                         VPOS="177"
                         HPOS="2958">
                  <String ID="string_region_1637685224927_4760l2"
                          HEIGHT="192"
                          WIDTH="2205"
                          VPOS="177"
                          HPOS="2958"
                          CONTENT="selfs salt mij aengenaeme weten te thoonen"/>
               </TextLine>
               <TextLine ID="region_1637685224927_4760l3"
                         BASELINE="2982,408 3090,406 3198,404 3306,404 3415,404 3523,405 3631,406 3740,408 3848,410 3956,413 4065,416 4173,419 4281,422 4389,426 4498,428 4606,432 4714,435 4823,438 4931,440 5039,443 5148,446"
                         HEIGHT="185"
                         WIDTH="2195"
                         VPOS="305"
                         HPOS="2968">
                  <String ID="string_region_1637685224927_4760l3"
                          HEIGHT="185"
                          WIDTH="2195"
                          VPOS="305"
                          HPOS="2968"
                          CONTENT="het wat genegentheydt dat ben van herten"/>
               </TextLine>
               <TextLine ID="region_1637685224927_4760l4"
                         BASELINE="2958,552 3000,550 3043,549 3086,548 3129,546 3172,546 3214,544 3257,544 3300,544 3343,544 3386,542 3428,542 3471,542 3514,542 3557,542 3600,542 3642,542 3685,542 3728,542 3771,542 3814,542"
                         HEIGHT="162"
                         WIDTH="886"
                         VPOS="427"
                         HPOS="2942">
                  <String ID="string_region_1637685224927_4760l4"
                          HEIGHT="162"
                          WIDTH="886"
                          VPOS="427"
                          HPOS="2942"
                          CONTENT="Brusselle h: de Paew"/>
               </TextLine>
               <TextLine ID="region_1637685224927_4760l5"
                         BASELINE="4364,560 4389,558 4414,556 4440,556 4465,558 4490,560 4516,560 4541,562 4566,563 4592,564 4617,564 4642,562 4668,560"
                         HEIGHT="174"
                         WIDTH="333"
                         VPOS="448"
                         HPOS="4350">
                  <String ID="string_region_1637685224927_4760l5"
                          HEIGHT="174"
                          WIDTH="333"
                          VPOS="448"
                          HPOS="4350"
                          CONTENT="6 July"/>
               </TextLine>
               <TextLine ID="region_1637685224927_4760l6"
                         BASELINE="3072,674 3178,668 3285,662 3391,658 3498,654 3605,652 3711,650 3818,650 3924,650 4031,652 4138,653 4244,656 4351,658 4457,662 4564,664 4671,668 4777,672 4884,675 4990,680 5097,683 5204,686"
                         HEIGHT="218"
                         WIDTH="2162"
                         VPOS="547"
                         HPOS="3058">
                  <String ID="string_region_1637685224927_4760l6"
                          HEIGHT="218"
                          WIDTH="2162"
                          VPOS="547"
                          HPOS="3058"
                          CONTENT="tot mijn verwonderinge becoemen heden een brief "/>
               </TextLine>
               <TextLine ID="region_1637685224927_4760l7"
                         BASELINE="3058,770 3165,768 3272,768 3379,766 3487,764 3594,763 3701,762 3809,760 3916,760 4023,760 4131,760 4238,760 4345,762 4452,764 4560,766 4667,770 4774,775 4882,781 4989,788 5096,796 5204,806"
                         HEIGHT="177"
                         WIDTH="2173"
                         VPOS="677"
                         HPOS="3045">
                  <String ID="string_region_1637685224927_4760l7"
                          HEIGHT="177"
                          WIDTH="2173"
                          VPOS="677"
                          HPOS="3045"
                          CONTENT="van mons bassccourt van bergen dat hy sijn pack"/>
               </TextLine>
               <TextLine ID="region_1637685224927_4760l8"
                         BASELINE="3056,856 3163,859 3271,860 3378,860 3486,860 3594,860 3701,860 3809,860 3916,858 4024,858 4132,858 4239,860 4347,860 4454,862 4562,866 4670,871 4777,877 4885,884 4992,893 5100,904 5208,918"
                         HEIGHT="216"
                         WIDTH="2180"
                         VPOS="758"
                         HPOS="3041">
                  <String ID="string_region_1637685224927_4760l8"
                          HEIGHT="216"
                          WIDTH="2180"
                          VPOS="758"
                          HPOS="3041"
                          CONTENT="noch niet en t heeft becoemen segaende het self"/>
               </TextLine>
               <TextLine ID="region_1637685224927_4760l9"
                         BASELINE="3072,958 3176,960 3281,962 3386,962 3491,962 3596,962 3700,962 3805,962 3910,962 4015,962 4120,962 4224,964 4329,964 4434,966 4539,970 4644,974 4748,977 4853,983 4958,990 5063,999 5168,1008"
                         HEIGHT="166"
                         WIDTH="2126"
                         VPOS="891"
                         HPOS="3057">
                  <String ID="string_region_1637685224927_4760l9"
                          HEIGHT="166"
                          WIDTH="2126"
                          VPOS="891"
                          HPOS="3057"
                          CONTENT="wait vinden en can ick en twijffele niet oft mij "/>
               </TextLine>
               <TextLine ID="region_1637685224927_4760l10"
                         BASELINE="3058,1060 3162,1058 3267,1058 3372,1058 3477,1056 3582,1056 3687,1056 3792,1058 3897,1058 4002,1058 4107,1060 4211,1062 4316,1063 4421,1065 4526,1067 4631,1070 4736,1072 4841,1074 4946,1078 5051,1081 5156,1084"
                         HEIGHT="165"
                         WIDTH="2125"
                         VPOS="975"
                         HPOS="3044">
                  <String ID="string_region_1637685224927_4760l10"
                          HEIGHT="165"
                          WIDTH="2125"
                          VPOS="975"
                          HPOS="3044"
                          CONTENT="nen brief van 2½ junij is ue wel geeorden "/>
               </TextLine>
               <TextLine ID="region_1637685224927_4760l11"
                         BASELINE="3052,1156 3156,1157 3260,1158 3365,1160 3469,1162 3574,1162 3678,1164 3782,1164 3887,1164 3991,1166 4096,1166 4200,1168 4304,1168 4409,1170 4513,1170 4618,1172 4722,1174 4826,1176 4931,1179 5035,1182 5140,1186"
                         HEIGHT="183"
                         WIDTH="2117"
                         VPOS="1052"
                         HPOS="3037">
                  <String ID="string_region_1637685224927_4760l11"
                          HEIGHT="183"
                          WIDTH="2117"
                          VPOS="1052"
                          HPOS="3037"
                          CONTENT="waer bij e hebbe geadviseert dagh te voortns "/>
               </TextLine>
               <TextLine ID="region_1637685224927_4760l12"
                         BASELINE="3056,1270 3161,1270 3266,1269 3372,1268 3477,1266 3583,1266 3688,1264 3793,1264 3899,1262 4004,1262 4110,1262 4215,1262 4320,1262 4426,1262 4531,1264 4637,1266 4742,1270 4847,1274 4953,1279 5058,1285 5164,1292"
                         HEIGHT="149"
                         WIDTH="2137"
                         VPOS="1172"
                         HPOS="3041">
                  <String ID="string_region_1637685224927_4760l12"
                          HEIGHT="149"
                          WIDTH="2137"
                          VPOS="1172"
                          HPOS="3041"
                          CONTENT="ue te hebbe geconsegneert voor reck van ditto"/>
               </TextLine>
               <TextLine ID="region_1637685224927_4760l13"
                         BASELINE="3080,1376 3184,1378 3289,1380 3394,1380 3499,1380 3604,1378 3709,1376 3814,1374 3919,1372 4024,1370 4129,1368 4233,1366 4338,1366 4443,1364 4548,1364 4653,1366 4758,1368 4863,1371 4968,1376 5073,1382 5178,1390"
                         HEIGHT="200"
                         WIDTH="2125"
                         VPOS="1266"
                         HPOS="3066">
                  <String ID="string_region_1637685224927_4760l13"
                          HEIGHT="200"
                          WIDTH="2125"
                          VPOS="1266"
                          HPOS="3066"
                          CONTENT="basse coust van bergen een pack gemerc"/>
               </TextLine>
               <TextLine ID="region_1637685224927_4760l14"
                         BASELINE="3062,1494 3167,1496 3272,1497 3377,1498 3482,1500 3587,1500 3692,1500 3797,1500 3902,1500 4007,1500 4113,1498 4218,1498 4323,1498 4428,1496 4533,1496 4638,1496 4743,1494 4848,1494 4953,1494 5058,1494 5164,1494"
                         HEIGHT="178"
                         WIDTH="2130"
                         VPOS="1371"
                         HPOS="3049">
                  <String ID="string_region_1637685224927_4760l14"
                          HEIGHT="178"
                          WIDTH="2130"
                          VPOS="1371"
                          HPOS="3049"
                          CONTENT="2p &amp; inhoudende 11 engelsche ende een mi"/>
               </TextLine>
               <TextLine ID="region_1637685224927_4760l15"
                         BASELINE="3086,1628 3191,1629 3296,1628 3401,1628 3506,1626 3611,1623 3716,1621 3821,1618 3926,1616 4031,1612 4136,1610 4241,1608 4346,1606 4451,1604 4556,1604 4661,1604 4766,1606 4871,1608 4976,1612 5081,1616 5186,1622"
                         HEIGHT="138"
                         WIDTH="2128"
                         VPOS="1498"
                         HPOS="3071">
                  <String ID="string_region_1637685224927_4760l15"
                          HEIGHT="138"
                          WIDTH="2128"
                          VPOS="1498"
                          HPOS="3071"
                          CONTENT="lanst laeckens met 2 bayen ick ebbe bidde "/>
               </TextLine>
               <TextLine ID="region_1637685224927_4760l16"
                         BASELINE="3098,1736 3202,1738 3307,1740 3411,1740 3516,1738 3620,1737 3725,1735 3829,1732 3934,1729 4038,1727 4143,1724 4247,1722 4352,1720 4456,1718 4561,1718 4665,1718 4770,1719 4874,1722 4979,1726 5083,1732 5188,1740"
                         HEIGHT="207"
                         WIDTH="2120"
                         VPOS="1604"
                         HPOS="3083">
                  <String ID="string_region_1637685224927_4760l16"
                          HEIGHT="207"
                          WIDTH="2120"
                          VPOS="1604"
                          HPOS="3083"
                          CONTENT="ue soo veel goetheyt te hebben van ons onfan"/>
               </TextLine>
               <TextLine ID="region_1637685224927_4760l17"
                         BASELINE="3094,1844 3197,1849 3301,1852 3405,1852 3508,1852 3612,1852 3716,1850 3819,1848 3923,1846 4027,1842 4131,1840 4234,1838 4338,1836 4442,1834 4545,1834 4649,1834 4753,1836 4856,1840 4960,1844 5064,1850 5168,1860"
                         HEIGHT="178"
                         WIDTH="2103"
                         VPOS="1728"
                         HPOS="3080">
                  <String ID="string_region_1637685224927_4760l17"
                          HEIGHT="178"
                          WIDTH="2103"
                          VPOS="1728"
                          HPOS="3080"
                          CONTENT="deser daer eens naer te doen seen ende sogen "/>
               </TextLine>
               <TextLine ID="region_1637685224927_4760l18"
                         BASELINE="3098,1950 3202,1956 3306,1958 3410,1960 3515,1960 3619,1960 3723,1960 3828,1958 3932,1956 4036,1954 4141,1950 4245,1948 4349,1946 4453,1946 4558,1944 4662,1944 4766,1945 4871,1948 4975,1950 5079,1955 5184,1962"
                         HEIGHT="217"
                         WIDTH="2114"
                         VPOS="1830"
                         HPOS="3084">
                  <String ID="string_region_1637685224927_4760l18"
                          HEIGHT="217"
                          WIDTH="2114"
                          VPOS="1830"
                          HPOS="3084"
                          CONTENT="te draegen dat het toeh met de eerste occasae"/>
               </TextLine>
               <TextLine ID="region_1637685224927_4760l19"
                         BASELINE="3104,2082 3187,2081 3270,2080 3353,2078 3437,2076 3520,2074 3603,2072 3687,2070 3770,2068 3853,2067 3937,2066 4020,2064 4103,2062 4186,2060 4270,2060 4353,2058 4436,2058 4520,2056 4603,2056 4686,2056 4770,2056"
                         HEIGHT="205"
                         WIDTH="1693"
                         VPOS="1948"
                         HPOS="3090">
                  <String ID="string_region_1637685224927_4760l19"
                          HEIGHT="205"
                          WIDTH="1693"
                          VPOS="1948"
                          HPOS="3090"
                          CONTENT="hem mah geworden en soo blijve"/>
               </TextLine>
               <TextLine ID="region_1637685224927_4760l20"
                         BASELINE="4354,2174 4380,2174 4406,2174 4433,2171 4459,2169 4485,2168 4512,2166 4538,2164 4564,2162 4591,2160 4617,2160 4644,2160"
                         HEIGHT="158"
                         WIDTH="326"
                         VPOS="2083"
                         HPOS="4336">
                  <String ID="string_region_1637685224927_4760l20"
                          HEIGHT="158"
                          WIDTH="326"
                          VPOS="2083"
                          HPOS="4336"
                          CONTENT="7 July"/>
               </TextLine>
               <TextLine ID="region_1637685224927_4760l21"
                         BASELINE="2998,2202 3039,2204 3080,2206 3121,2208 3162,2208 3203,2210 3244,2210 3285,2210 3326,2210 3367,2210 3409,2210 3450,2210 3491,2210 3532,2210 3573,2208 3614,2208 3655,2208 3696,2206 3737,2206 3778,2204 3820,2204"
                         HEIGHT="161"
                         WIDTH="851"
                         VPOS="2094"
                         HPOS="2984">
                  <String ID="string_region_1637685224927_4760l21"
                          HEIGHT="161"
                          WIDTH="851"
                          VPOS="2094"
                          HPOS="2984"
                          CONTENT="Mons Bascourt"/>
               </TextLine>
               <TextLine ID="region_1637685224927_4760l22"
                         BASELINE="3110,2314 3212,2318 3314,2320 3416,2320 3518,2320 3620,2320 3722,2318 3824,2316 3926,2313 4028,2310 4131,2308 4233,2305 4335,2302 4437,2300 4539,2300 4641,2300 4743,2300 4845,2302 4947,2306 5049,2310 5152,2316"
                         HEIGHT="190"
                         WIDTH="2070"
                         VPOS="2165"
                         HPOS="3096">
                  <String ID="string_region_1637685224927_4760l22"
                          HEIGHT="190"
                          WIDTH="2070"
                          VPOS="2165"
                          HPOS="3096"
                          CONTENT="De suis estonne de vois pr la chere vre du"/>
               </TextLine>
               <TextLine ID="region_1637685224927_4760l23"
                         BASELINE="3110,2414 3210,2416 3310,2416 3410,2418 3510,2418 3611,2418 3711,2416 3811,2416 3911,2416 4011,2414 4112,2414 4212,2412 4312,2412 4412,2410 4512,2410 4613,2410 4713,2410 4813,2408 4913,2410 5013,2410 5114,2410"
                         HEIGHT="117"
                         WIDTH="2030"
                         VPOS="2332"
                         HPOS="3096">
                  <String ID="string_region_1637685224927_4760l23"
                          HEIGHT="117"
                          WIDTH="2030"
                          VPOS="2332"
                          HPOS="3096"
                          CONTENT="de court q le bollof ne vs est parvenue il "/>
               </TextLine>
               <TextLine ID="region_1637685224927_4760l24"
                         BASELINE="3062,2512 3164,2513 3267,2514 3370,2514 3473,2514 3576,2514 3679,2514 3782,2514 3885,2512 3988,2512 4091,2511 4193,2510 4296,2510 4399,2508 4502,2508 4605,2508 4708,2508 4811,2508 4914,2508 5017,2508 5120,2508"
                         HEIGHT="152"
                         WIDTH="2086"
                         VPOS="2440"
                         HPOS="3047">
                  <String ID="string_region_1637685224927_4760l24"
                          HEIGHT="152"
                          WIDTH="2086"
                          VPOS="2440"
                          HPOS="3047"
                          CONTENT="est parti d'icy pr la barque marchande pr "/>
               </TextLine>
               <TextLine ID="region_1637685224927_4760l25"
                         BASELINE="3060,2620 3163,2620 3267,2617 3371,2616 3474,2614 3578,2612 3682,2610 3785,2608 3889,2608 3993,2606 4097,2604 4200,2602 4304,2602 4408,2600 4511,2599 4615,2598 4719,2597 4822,2596 4926,2596 5030,2594 5134,2594"
                         HEIGHT="141"
                         WIDTH="2103"
                         VPOS="2505"
                         HPOS="3044">
                  <String ID="string_region_1637685224927_4760l25"
                          HEIGHT="141"
                          WIDTH="2103"
                          VPOS="2505"
                          HPOS="3044"
                          CONTENT="Brusselle le 21 du uer en suitte a vre ordra"/>
               </TextLine>
               <TextLine ID="region_1637685224927_4760l26"
                         BASELINE="3058,2732 3163,2731 3268,2730 3373,2728 3478,2726 3583,2724 3688,2721 3793,2718 3898,2716 4003,2714 4108,2710 4213,2708 4318,2706 4423,2702 4528,2700 4633,2698 4738,2696 4843,2694 4948,2692 5053,2692 5158,2690"
                         HEIGHT="167"
                         WIDTH="2126"
                         VPOS="2595"
                         HPOS="3043">
                  <String ID="string_region_1637685224927_4760l26"
                          HEIGHT="167"
                          WIDTH="2126"
                          VPOS="2595"
                          HPOS="3043"
                          CONTENT="a laddresse de henry de paus koste a lates"/>
               </TextLine>
               <TextLine ID="region_1637685224927_4760l27"
                         BASELINE="3060,2850 3163,2846 3266,2841 3369,2838 3472,2833 3575,2830 3678,2826 3781,2822 3884,2820 3987,2816 4091,2814 4194,2810 4297,2808 4400,2806 4503,2804 4606,2801 4709,2800 4812,2798 4915,2795 5018,2794 5122,2792"
                         HEIGHT="167"
                         WIDTH="2094"
                         VPOS="2723"
                         HPOS="3043">
                  <String ID="string_region_1637685224927_4760l27"
                          HEIGHT="167"
                          WIDTH="2094"
                          VPOS="2723"
                          HPOS="3043"
                          CONTENT="dor acmarche au graen le 2a je donne "/>
               </TextLine>
               <TextLine ID="region_1637685224927_4760l28"
                         BASELINE="3078,2950 3180,2946 3282,2942 3385,2938 3487,2934 3590,2930 3692,2924 3794,2920 3897,2916 3999,2912 4102,2908 4204,2904 4306,2902 4409,2898 4511,2897 4614,2896 4716,2896 4818,2896 4921,2898 5023,2900 5126,2904"
                         HEIGHT="197"
                         WIDTH="2076"
                         VPOS="2803"
                         HPOS="3063">
                  <String ID="string_region_1637685224927_4760l28"
                          HEIGHT="197"
                          WIDTH="2076"
                          VPOS="2803"
                          HPOS="3063"
                          CONTENT="advis au s de pacus suiditte afin quil en "/>
               </TextLine>
               <TextLine ID="region_1637685224927_4760l29"
                         BASELINE="3058,3050 3163,3050 3269,3050 3375,3048 3480,3044 3586,3040 3692,3036 3797,3031 3903,3026 4009,3021 4115,3016 4220,3012 4326,3010 4432,3008 4537,3008 4643,3008 4749,3010 4854,3015 4960,3022 5066,3030 5172,3040"
                         HEIGHT="230"
                         WIDTH="2139"
                         VPOS="2864"
                         HPOS="3045">
                  <String ID="string_region_1637685224927_4760l29"
                          HEIGHT="230"
                          WIDTH="2139"
                          VPOS="2864"
                          HPOS="3045"
                          CONTENT="voudroit avoir soing et suiire vre ordre a balpp"/>
               </TextLine>
               <TextLine ID="region_1637685224927_4760l30"
                         BASELINE="3078,3126 3180,3130 3282,3132 3384,3132 3486,3132 3589,3130 3691,3128 3793,3126 3895,3123 3997,3120 4100,3118 4202,3114 4304,3112 4406,3110 4508,3108 4611,3106 4713,3106 4815,3106 4917,3109 5019,3112 5122,3118"
                         HEIGHT="162"
                         WIDTH="2073"
                         VPOS="3019"
                         HPOS="3063">
                  <String ID="string_region_1637685224927_4760l30"
                          HEIGHT="162"
                          WIDTH="2073"
                          VPOS="3019"
                          HPOS="3063"
                          CONTENT="est marque £8  sur vre advis je nay pas "/>
               </TextLine>
               <TextLine ID="region_1637685224927_4760l31"
                         BASELINE="3078,3230 3181,3230 3285,3230 3388,3230 3492,3228 3596,3226 3699,3224 3803,3221 3906,3219 4010,3216 4114,3214 4217,3212 4321,3209 4424,3208 4528,3206 4632,3204 4735,3204 4839,3204 4942,3206 5046,3208 5150,3210"
                         HEIGHT="115"
                         WIDTH="2099"
                         VPOS="3125"
                         HPOS="3064">
                  <String ID="string_region_1637685224927_4760l31"
                          HEIGHT="115"
                          WIDTH="2099"
                          VPOS="3125"
                          HPOS="3064"
                          CONTENT="manque cito leeserere encor iene sois vou "/>
               </TextLine>
               <TextLine ID="region_1637685224927_4760l32"
                         BASELINE="3080,3324 3182,3326 3285,3326 3388,3324 3491,3324 3594,3320 3696,3317 3799,3314 3902,3311 4005,3307 4108,3304 4210,3300 4313,3298 4416,3296 4519,3296 4622,3296 4724,3296 4827,3298 4930,3303 5033,3309 5136,3316"
                         HEIGHT="178"
                         WIDTH="2084"
                         VPOS="3205"
                         HPOS="3066">
                  <String ID="string_region_1637685224927_4760l32"
                          HEIGHT="178"
                          WIDTH="2084"
                          VPOS="3205"
                          HPOS="3066"
                          CONTENT="p tat ce que je pais faire il m'estoit mm"/>
               </TextLine>
               <TextLine ID="region_1637685224927_4760l33"
                         BASELINE="3086,3422 3189,3422 3292,3422 3396,3420 3499,3418 3603,3416 3706,3413 3809,3410 3913,3407 4016,3404 4120,3400 4223,3396 4326,3394 4430,3391 4533,3388 4637,3387 4740,3386 4843,3386 4947,3386 5050,3387 5154,3390"
                         HEIGHT="167"
                         WIDTH="2098"
                         VPOS="3302"
                         HPOS="3071">
                  <String ID="string_region_1637685224927_4760l33"
                          HEIGHT="167"
                          WIDTH="2098"
                          VPOS="3302"
                          HPOS="3071"
                          CONTENT="possible de vs livrer facture ce soir que vs pas"/>
               </TextLine>
               <TextLine ID="region_1637685224927_4760l34"
                         BASELINE="3078,3512 3182,3516 3287,3518 3392,3518 3497,3516 3602,3514 3706,3510 3811,3506 3916,3502 4021,3499 4126,3494 4230,3490 4335,3488 4440,3486 4545,3484 4650,3484 4754,3486 4859,3490 4964,3497 5069,3505 5174,3516"
                         HEIGHT="123"
                         WIDTH="2124"
                         VPOS="3412"
                         HPOS="3064">
                  <String ID="string_region_1637685224927_4760l34"
                          HEIGHT="123"
                          WIDTH="2124"
                          VPOS="3412"
                          HPOS="3064"
                          CONTENT="le le lende mair il me vercoit une marchand"/>
               </TextLine>
               <TextLine ID="region_1637685224927_4760l35"
                         BASELINE="3066,3622 3168,3620 3271,3618 3374,3614 3477,3610 3580,3606 3683,3602 3786,3597 3889,3593 3992,3588 4095,3584 4197,3580 4300,3578 4403,3575 4506,3574 4609,3572 4712,3572 4815,3574 4918,3576 5021,3580 5124,3584"
                         HEIGHT="156"
                         WIDTH="2088"
                         VPOS="3494"
                         HPOS="3049">
                  <String ID="string_region_1637685224927_4760l35"
                          HEIGHT="156"
                          WIDTH="2088"
                          VPOS="3494"
                          HPOS="3049"
                          CONTENT="de de tournaij et cela me l'at empeche jes"/>
               </TextLine>
               <TextLine ID="region_1637685224927_4760l36"
                         BASELINE="3088,3716 3187,3714 3287,3712 3386,3707 3486,3704 3586,3698 3685,3695 3785,3688 3884,3684 3984,3679 4084,3675 4183,3672 4283,3668 4382,3666 4482,3666 4582,3666 4681,3668 4781,3670 4880,3675 4980,3682 5080,3690"
                         HEIGHT="171"
                         WIDTH="2024"
                         VPOS="3576"
                         HPOS="3071">
                  <String ID="string_region_1637685224927_4760l36"
                          HEIGHT="171"
                          WIDTH="2024"
                          VPOS="3576"
                          HPOS="3071"
                          CONTENT="toit d'intentconde vs l'envoyer corsque "/>
               </TextLine>
               <TextLine ID="region_1637685224927_4760l37"
                         BASELINE="3072,3800 3178,3800 3284,3800 3390,3798 3496,3796 3602,3794 3708,3790 3814,3787 3920,3784 4026,3780 4133,3778 4239,3775 4345,3774 4451,3772 4557,3772 4663,3774 4769,3776 4875,3780 4981,3786 5087,3794 5194,3804"
                         HEIGHT="130"
                         WIDTH="2150"
                         VPOS="3704"
                         HPOS="3057">
                  <String ID="string_region_1637685224927_4760l37"
                          HEIGHT="130"
                          WIDTH="2150"
                          VPOS="3704"
                          HPOS="3057"
                          CONTENT="jaurois livrer les 2 draps thomme a umisa"/>
               </TextLine>
            </TextBlock>
         </PrintSpace>
      </Page>
   </Layout>
</alto>
