5647 3880
1892 55 516 120 3 abcest 1713:

650 69 957 156 Leeds William Couison

739 76 2133 266 Jay vs ay escrit le 26 du passe ie vs ay dit qui n'avec

777 209 2107 216 qu'a charger les 2 ballots si bien qui le draps gres

797 286 2093 248 que les draps briens que je les accepterais pr mon

818 372 2026 211 compte et que je les souhaitte d'avoir bien toit

790 515 2057 212 pr la grace de dieu parce que jen ay besoen

809 586 2056 264 je vs ay prie de prendre un neu mieurgarda

787 653 2089 263 a que je vs escrive et alors il ny suroit point

825 774 2042 245 tant de dis pute dais le ballot  N41 cl mare

814 899 2066 239 quint les 2 supersinnes bayes marque 3a 167

828 1005 1996 179 la mr jayouvert le ballot  N5 de carisce

832 1099 2053 235 celles de la marque jouasfj den sont passa

814 1212 2089 216 ble mais celle de i1 saluy et elij green woodne vait

804 1309 2075 269 sent pas leur prix je n'ayt encor de maveecu

811 1423 2088 231 de vs de bonnes carisces je ne scay pas ce que

846 1518 2014 184 ala veu dire jay aus sy examin le prix

811 1599 2075 233 de larisces et beyes q m'avc donne pr notitie

807 1699 2078 265 pr vre derniere lettrey joint le di favantage

827 1813 2031 247 de change il ny a point mojen den faire

845 1914 2057 221 son araent tullement q je suis resoulie de ma

847 2057 2039 201 posser et de debiter le reste que jen ay pr vois

866 2163 2030 193 comment cela sereglera l'annee que veeun

833 2229 2084 284 Jay reccu le ballot  N6 a revee p robert hunte

849 2350 2061 253 jes trove bien en cherie et cher pr leur prix p

856 2495 2034 205 vs avois demande la qualite de  3:10 a  4 t

852 2611 2002 181 vs me les envoyez de 4 a 4:6 cela est trop

862 2708 2005 196 haut on n'en peu vendre a profit vs nescau

880 2830 2018 186 sies jamais croire come il va avez le nee

856 2960 2058 163 prisentement l'on ne pece pas faire le vecles

835 3073 2069 148 dela marchandise pres querien de plus qu

869 3126 2053 215 die passez asteur vs in ecz que les draps sont

867 3256 1991 126 demencee fort abondant et meeux marche

874 3358 1996 171 cela me fait rejoudre pr encoreun ballota

877 3449 2029 200 bon compte que je vs prie machenter touts du

875 3540 2048 172 3:8 a 4 in excudant pas pr  pr a pac

879 3646 2032 185 12 en un petit ballot avec 2 cansies denveloppe

2953 0 2307 177 m pes en saere aaer hall paloeman e

2983 121 2274 151 je veu tout couleures que vs apcelles podi come a

2994 211 2255 146 le petit ballot dans N6 ou est joint les draps couu

2988 288 2239 171 leur drab touts les  p coullur mode p n'envez

2994 388 2218 197 point d'autres mais prinnez bien garde quil

3000 477 2181 213 ny eu point de couleur blanche ne peele

3016 569 2116 210 in ay si grand quantete que je ne les paes

3001 667 2181 216 pas debiter puis que les dossens sont je court et

3002 776 2180 207 contiennent si pue de verges dittez moy en pue

3016 876 2242 224 sil n'est pas praticable d'en coudre 2 en sem

3019 995 2212 195 soible dans un toillitte afin de les faire

2992 1101 2218 234 passer pr un pr les fraix et les droit d'entres

3012 1225 2164 206 icy sont 2 ex cessit et grand que ns ne pouvons

2996 1328 2150 256 plus fain die profet et vs salue et suis je stache

3016 1434 1844 220 ray de vs stairt remise au premeire

4193 1543 548 213 3 augusty 1713

2946 1609 846 161 Rotterdam Dibrijs verburgh

5127 1648 94 117 s

2998 1701 2098 162 den verwondert sedert ue 2 laesten van 18 passato geen voorder advis

3019 1809 2175 159 te becoemen hoe het met mijn aengehaelde pack sal afloepende

2998 1901 2155 161 het en bestaet in geene reden dat men geene promptere en

3004 1994 2123 147 peditie en can becoemen considereert eens wat intrest ick

3024 2073 2077 148 moete lijden ben gefrustreert van mijn assortiment en

5157 2132 100 142 t

3014 2170 2110 182 penningen ende en wete niet wat mesuris te nemen

3017 2291 2171 173 oft ick die goederen sal becoemen oft wel mj van andere

3019 2369 2145 196 moeten voorsorgen ick bidde ue op alle vrinschan gelieft ue

3032 2439 2210 236 goede officie te imployeren op dat ick magh een eijden van

3012 2589 2175 167 saecken hebben ick wenste wel dat sulckx uyt mijn hooftsoe

3026 2701 2142 166 des stellen want het chagrineert mij te veel considereeren

3030 2790 2127 200 de hoe qualijck ick in die saecken getracteert ben geweert

3019 2887 2082 142 ick wille ue wel seggen dat dien uytslagh van conse

3032 2968 2133 203 quentie can wesen voor de commissionarissen a costy

3030 3075 2102 195 want dat ick begeerde devoiren te doen ben wel geassie

3012 3162 2101 139 reert dat de meeste ja alle de engelsche handelaers

3040 3298 2096 115 soude disponeren de route van hollant gelijck ten

3009 3346 2168 161 tijden van oorlogh te continueren ende dat omaen

3007 3441 2145 152 die van vlaenderen voor te wesen ende die vaert doodt

3017 3551 2120 150 te maecken daen een ider een soe schijnt te imeli

3017 3661 2098 119 neeren almen saemen der hant sickt daer toe
