5274 3889
383 44 2212 165 het can wel sijn datter van die soorte deen oft dander

392 203 2078 129 hier te lande noch heeft die provisee op voeraet

432 246 1980 199 gedaen hebben, dogh die gedebiteert sijnde en

417 366 2156 159 salder geene mindere soorte te vinden weken

399 470 2171 168 ue ergens anders inconnende dienst doen gelieft

407 583 1377 167 liber te gebigden die blijve

1568 649 847 173 Adij 4 mey 1712

288 684 1041 155 London R. de Doispere

444 732 2030 227 verhoepe mijnen laestende dato 27 past ue wel 1s

452 837 1970 246 geworden met myne remises van  £ 302:11:8

439 957 1973 195 als van 7 April 2 usos op john meadint wee

454 1058 1979 152 brieven £202:11:8 en van 11 Apill 2 usos op

484 1144 2061 191 Edward frouwd st £100:- hebbe ue pr deselfde

464 1242 2013 172 versocht inte coopen 24 p spaensche laekens

483 1343 2126 167 te assorteeren op de prijsen als het laest gesondene

459 1437 2033 205 pack de packen intwee baeltiens ende dan

475 1556 2046 149 in eene groote voorders noch 24 p a ƒ11:12

494 1654 2026 150 13 off14 niet eneederende naer advenant ue de

506 1717 2059 158 bette qualitijdt voor sijnen prijscont aentreffen

511 1817 1912 142 ende oock te packen als vooren gemelde

494 1902 2010 152 dat p desen contirmeere ende ue hertelijck

493 1993 1943 166 recommandeere soo voor de qualitijds als

503 2082 1861 153 voor de aldernieuwste en raerste moede

511 2169 2029 161 couleuren alles plaisant en de glogende in de

495 2263 2037 184 ooge geen witte nochte etten couleuren meer

502 2376 2028 129 tot governo. hier nevenstwee staeltiens soo

502 2454 1995 173 als men nu de olyt couleuren draeght doet alles

482 2545 1892 196 naer ue commoditeydt: daer en is niet dat

494 2652 1992 218 presseert. gelieft te sorghen dat de laekens sogh

515 2769 2004 179 niet soner nochte rouw van wlle en vallen

525 2847 1735 176 want de laeste gesondene hebben seer

471 2935 2001 202 slechte minie aen de staelen en hebbe geene

506 3020 2015 185 occasie om die noch te openen gelieft dese

493 3140 1976 156 tavee staeltiens te conserveeren. sal in de

501 3234 2057 204 gemeyne int cort daerop nocht Cordonneeren

517 3330 2047 143 voor laekens van 16 a ƒ56:6 wensche wel te weten

501 3426 2025 156 den prijs van de alder laeghtse colchestir bayen

543 3570 1940 113 witte lanten ende af waght ende soo blijve

1971 3621 350 151 2

2689 43 788 159 Mons A. DeAoust

3855 54 962 162 Ady 4 mey 1712

2781 144 2086 207 pour responce a la chere vre sans date ie vous

2833 304 2172 133 envoye cy in clise l'attestationsigne et posse p les

2799 391 2189 134 halongeus que i'ay reccu ceiourdhuy de la haye

2821 459 2059 152 tons van heteren me marque d'avoir reccu

2820 573 2197 132 encor un termine tellement quiil n'en reste plus

2812 695 2247 97 q'un le temps me manque pour faire responce

2779 755 2237 140 plus Aple estant tous desposte pour lietn

2759 855 2253 144 ½ gleterre s. i'espere quel nous resteros bon ui

2801 965 2114 115 tous iours et ayant adiuste le vieu compte pr

2826 1062 2125 100 ensemble que nous en hourrons commence

2812 1121 2144 164 un nouweau avec plus du sccez et courage

2803 1226 2189 185 principalement sti le bon dieu nous donne

2795 1308 2234 136 la paix dont les apparences aug mentent de

2799 1421 2234 172 plus en plus. i'ay tauttes sortes des marchandise

2778 1513 2234 144 et tpres solie assortiment a vre service ie suis

2694 1609 1040 157 London Jcaren Et Tlackdale

4191 1609 737 128 adij 4 meij 1712

2829 1665 2156 160 Jay bien recen les lreis agreables vres du 5 11 et 12 du

2804 1782 2205 147 passe ettre autre la derniere le jourdhay avecle protent

2825 1851 2212 125 d'un lettrez a charge des frs ourson et gaigher a londres du

2833 1935 2173 151 4 mars stile  saules mais je metonne fort que ie m'aver en

2846 2008 2138 118 meme temps poient envoye la lettre estant de  £ 100 si je

2840 2057 2187 162 l'avois ent fen aurois peu lejour encore, en obtenir la beleur

2839 2158 2093 157 pour sont ce qu'il pent surbenir et su asaier & a mien

2837 2243 2175 131 mon frere meedit vous avoir escris au occasion que j'an

2828 2301 2160 131 ne puis rien faire ni anayser par le protest sans ravoir

2839 2333 2204 174 la lettre vous este donc la canse et vos devoirs du pret est

2847 2420 2051 145 ne me pennent sevvir de vien renvoiez la au plas

2861 2504 2166 139 ayant t'celte la mienne sens cmanque lesourduny il ni a que

2871 2550 2096 174 vre advis sen, du fallissement de messis surdits tellement

2864 2657 2132 188 que j'estois le premier et que j'aurois este rembaursee sans

2862 2724 2111 160 manque je ne crois pas qu'il y a du peril pour la tirens

2873 2786 2102 169 mass 1 m'aurait cause lete avantage que j'aurois obtenu

2870 2895 2097 151 la valeur a linstant, dont je ne puis faire des de voity

2876 2947 2148 171 a moins de ravoir la lettre & icy inclase la presuration

2870 3029 2142 158 en laten je croy que cela pourra sardister comme si cela estoit

2869 3090 2160 214 en antluis par lansegmentil vats plaira me fairx cannoistre

2870 3148 2130 237 et imelbre pour principel dans la campagui le pour les molle

2847 3221 2134 207 olieres sts par apres me envoier le coupte ce que je

2863 3312 2103 195 seray en jattendant repanse de lette &sa hang remetteray

2874 3412 2130 152 pa premier a cours jours pour le qu'il viendra a rester

2861 3476 2149 161 advisez may le nriz des colchester bayes 1 men sant y

2885 3533 2145 198 partie de differente sorte comme aussij des bayes desente

2878 3614 2128 165 on Wanlins bayes de ly ou m rouge et quelque ba llots
