5496 3887
1926 47 443 136 4 febbery

507 65 1116 130 Brusselle Francois van den heck

639 161 2133 111 tot antwoort op die ue van 2 court motte ue seyge dat het

631 212 2156 132 wil patientie te hebben is als men het doen can ick en

655 282 2123 146 eak mijne vrinden met sulcke miente niet betaelen

688 367 2008 173 oock en soude ick dat in conscatie nit conien

682 477 2086 184 bevinden ick en mectete soo dange antwoort

659 565 2151 180 niet en beliefde ue mijne peeterije niet te coopen

685 648 2092 158 ue ten hadde de selve mij maer te laeten houden

696 750 2101 201 ic geloove dat ick daerne mijn gelt ten minsten

724 845 1965 193 van soude becomen hebben ende mij in dese

706 949 2093 186 occasie van compen bedienen paer 22 jaeren ue

720 1054 2086 200 gecrediteert te hebben ende dan in eenen nootƒ 50

727 1142 2058 153 op reck te vraegen laete ick de gheele werckt

708 1235 2105 215 oordeeln oft mij sulckx in die te mijnen can

720 1335 2081 240 qualijck afgenomen worden met die maete daer

714 1449 2058 171 men mede meet wortmen ordinaerelijck gemet

695 1541 2043 226 mij dunckt dat het redelijck voor godtende de

709 1647 2046 192 wetelt is dat ick betaelinge naer soo eenen tijt

688 1773 2108 180 megh vraegen ende die pretendeere ick te hebbe

719 1864 2089 155 ue can met sijne calandisee gaen andelen ende

701 1966 2068 182 en hebt mij maer te voldoen ende op dat ick in

700 2084 2049 157 geender maniere aen mijne ordenaire saghe

712 2160 2092 166 nigheyt ende aviscrit die ick voor mijne calae

714 2245 2082 171 hebben en soude te coort doen soo ben tervieden dat

719 2347 2029 186 ue mij brefkens teckene ende accepteere aen

702 2447 2094 147 mijne ordre te betaelen voor de £300 vlaemenwis

718 2548 2053 179 die ue mij noch schuldigh is ende dat en can ue

716 2652 2062 183 mij niet refcteeren over sulckx sal dat imant

712 2777 2088 140 woort deser te gemoet sien om mij daer van te con

725 2861 2048 171 nen bedienen want ick moete fouduyt vinden

707 2959 2068 148 om mijne schulden in engellant te betaelen

690 3088 2102 132 ende in reputatiet blijven ick sal die ten

678 3160 2127 144 mingten connen uenigetiren ende het verliet

705 3266 2065 127 dat ick daer op mocte doen al bij plaeken bij

705 3368 2086 150 den considerabelen intrest van tijt dee ick van

697 3463 2063 157 nu affaen aen ue verlooren hebben patientie

687 3557 2119 192 merelieft bij eenen dodt maer niet bij eenerm

684 3677 318 152 blijve

4286 63 485 132 7 Jeburery

2846 50 853 163 gent f J: vand Rorghe

2931 145 2227 133 ue aengenaeme van 8 passato hebbe het sijnen bijde wel

2929 226 2153 127 ontfange ende alsoo met het ne uwe jaer weet eele

2960 313 2201 167 affairen in mijn boeuken gehadt hebbe niet eerderem

2969 417 2141 168 nen beantworden ingesloeten sende ue rek ct

2966 483 2194 205 oft entrachet uyt pijne boeuken van a len affairen

2960 569 2200 190 die k met regnier de buck gehadt hebben waer bij

2967 666 2192 220 is blijckende mij tot gij ue lastere ende in dess e

2967 776 2171 198 bondel te competeerende de somme van £707:17:1

2980 854 2093 214 vlaems wisselgelde waer affa wat van 12 ret

2985 962 2166 255 £95:14:10 teeckeninge ende assignatie sende aen

2969 1067 2149 209 Dhr Jacob baut volgens ue te nock die dan con

2992 1179 2160 235 form gelieve in te trecken ende met de betaelen

3004 1294 2153 230 ge op oec te vicheeren veel maecken diffeut

3014 1401 2113 224 tijt noopende ditto reck echter te goede trouwe

3016 1508 2138 187 wille daer wek door passeeren weetende met eere

3006 1615 2146 203 lijcke leyden te doen hebbe ende naer maelt gene

3013 1699 2072 209 dispate nochte uytheeringen en sullen mockn

2991 1803 2118 232 geschieden ende dat sulckx in den verstaende is

3000 1924 2058 230 dat men sich niet voorder en oblegeert nochte mij

3008 2042 2120 178 niet voorders en wille oblgeven als voor de pen

2997 2178 2132 162 ninge die men op reck comt te ontfangeonder

2999 2255 2115 211 arghlist ofte voordere obligatie ue heeft inge

3002 2365 2091 161 loeten mede mijne orgenele wes selbrieven

3013 2451 2107 182 maeckende 15 in getalle de smme van £741:17:1

2999 2537 2129 177 s00 dat maer resteert £56 daer ick geen brief voor

2938 2630 2210 170 hebbe becoemen gelieft de selve dian aen te teeckenen

3001 2729 2148 199 ende mij weder te senden waer op mij betrouwende

2996 2831 2130 209 blijve met affectie en affres vandier f in alle occus

2973 2938 1382 176 sien daer capabel  een wesen

4191 2995 670 162 5 fevrier 1713

2862 3065 732 121 Mons J J: treveer

2965 3117 2191 192 il y peu du temps q ie me suis donne l'honneur

2871 3235 2285 113 e vs escrire jespere quelle vs sera bien parvin uen

2958 3315 2162 162 son temps je rend la leberse vs prier me vouloir

2943 3389 2154 175 faire la grace de e rforme un pou souhant

2955 3463 2147 187 apacite de et situation des affaires de p antvoin

2937 3530 2135 159 Ballopn et P J:B le bleu que de meun tenans la

2937 3636 2176 139 maissen de mons ore pere ce so de v

2924 3708 2161 122 manchand et dans la congon con prisente on ne jeu
