5409 3889
600 38 2120 197 parler aune chartiers de vre connorssence a fin

592 154 2018 181 quils aillent prendre les marchandises c'est

600 223 2166 238 pour cela que ie vous advents tousjours en tep

606 302 2103 240 i'ay fait tout ce que i'ay peu et mesme ranausse

598 455 2047 194 touttes mes carisees bleu parce que vous estiez

603 551 2083 225 sipressei n'en at plus une presce de preste

612 669 1897 236 pour vos draps ildy en a que i'ay prest

610 787 2009 152 tienture d Angleterre comme lebrombleu

636 908 2084 161 et le brunverd mais le spal bleu et le rouge

598 1016 2039 186 doibtie faire tiendre expres si bien que la

632 1120 2128 190 car sel verde etpalbleu. i'espere que le tout sera

636 1241 2117 217 presse pour vous menvoyeer la sepmainne

652 1336 2107 184 qui tienne voicy le compte de frain dripnat

623 1446 2114 149 du S van heteren de la haye montant argent

631 1550 2081 169 dhollande comme ie vous ay porte a vous deux

630 1694 2038 158 en compte 173:19. il vous plaira de me

638 1791 2083 164 le retvoycer sans manque. pour les ƒ79:7

612 1892 1938 191 fraia de mons meyers. il mesla porteeen

2665 1955 87 115 ƒ144

640 1995 2010 177 compte courants si vous en sou haittes

652 2075 2103 193 nre specilication et voir son biliet aspart

709 2209 2061 195 enfaudra faire venir un expres temed

1836 2332 496 119 27 sber 1712

540 2340 773 164 Mons Josepe Maille

630 2427 2128 161 Jespere vre bon retour cellycy pr vs donne advis oq vrs balla

657 2519 2094 140 cy dessus mentionne est em barque hier vr la barque pr brun

653 2606 2114 137 elles et en mesme temps en voyay la fachere en pactant ie

650 2694 2116 135 sallot jay remarque q' la cansei dont vs aviez faite choeur

665 2788 2097 138 pr enveloppe estoit trouce mayant servi autre tous ma

651 2858 2110 130 il estoit trop tard pr en prendre une autre je vs l'adverre

663 2929 2063 149 et a q vs pourrie estre intresse en cela ie vs la deseu

650 3032 2124 183 tresseraz avec plaisir tout le reste est bien conditionis

645 3112 2085 156 et de la plus belle marchandise q'os aurez encor qa

642 3201 2122 145 mais eu et a tres bon marche jy pactie avec dps due

650 3287 2114 129 carisces du 8 le grelle et pr mons heurhen une ca

639 3373 2091 137 sie 2 flanelles et 2 bayes dans vre ballot vre der

657 3452 2088 102 drap N167 est dans le ballot du S haus  la

655 3534 2105 128 bonte de luy dire q la faille est dans la p de su fenn

647 3625 2097 112 baye de 30 come il me l'at ordonnee come ils so

629 3697 2139 96 partie pr la grace de Diee et q vs serez pas content de la

609 3752 2139 89 marchandise can ma fois c'est tout a  prie et bonnas

2861 0 2274 192 m 0 mr ucerert de mesne e med: ves es poure poon

2868 90 678 148 dit pr tous jours

4019 161 577 166 27 sber 1712

2839 187 839 155 Mons N de hauchere

2884 300 2265 143 j'espere q'cette la miinne vs sera rendue a vre bon re

2898 361 2241 117 tour chez vs vre ballot oy dessus mentinee est emburque

2892 436 2203 143 hier et sera demain pr la grace de Dieu a bruxelles

2887 535 2269 151 jen escrive au  de pu luy recommande rl'ex

2880 603 2240 155 pedition mais  e ferez pas mal den parlerne

2888 710 2251 96 chortier watier afin qil en prene soing a pa

2889 774 2243 150 see avec 2 bayes  la co et 2 drreps

2895 856 2259 154 de t legrelle mais vos 2 flenelles it 2 bayes avces

2896 952 2223 129 la causee noire sont dans le ballot du s maille

2911 1070 2187 116 telloment q le vre ne contienne  17 draps et 2

2894 1163 2173 120 bayes je ne doute nullement qne serez jats fuit

2920 1238 2205 132 de la marchandise et jespere q ie la donnera lieu

2909 1324 2243 152 pr contineer p onsomble priant de me comman

2914 1455 2204 106 der en touttes oc cascons et pr tout a quil se pies

2910 1529 2212 189 offris pr vre service oy imolux la quettance

2931 1615 2219 179 doh 20 de charge que jay payee a mon frere pris

2930 1714 2201 181 compte et p vre ordre je vs salue de mosne que

2902 1820 2097 117 madiure com payne je suis 2 inclose a de mee port

4164 1904 346 166 27 ber

2820 1912 736 158 Mons P: masson

2908 2002 2209 157 je vs gy esort hier il mestoit impossible vs faire

2903 2107 2200 144 repance plus tot pr der occupations et a ffaires u

2900 2187 2239 123 veniue a dit q je vs envoyeray le reste de vos meas

2902 2308 2220 125 chandise samedy pr la grace de Dieu sans faute mii

2903 2374 2163 160 il ne vaut pas la peine den faire un ballot u

2919 2479 2192 113 il my a 5 p scavoir 3ba is et 2 carisees asteurge

2906 2572 2245 126 vienne de recevoir en corune de cherer vre date

2922 2647 2155 126 dhiir pr reponce je vs direcy q jay de draps prex

2915 2757 2200 134 en a londance de ƒ2:2 ƒ 2:5 ƒ 2:82:14 ƒ 2:18 foutte

2899 2852 2242 123 sortes de couleures et auiregard de carisces je vs en siray

2914 2945 2220 132 tiendre apris si vs y voulez netore le prix des draps

2893 3028 2197 137 jausnes verdrouge auvore bleu je n'en ay de pluy

2890 3098 2228 151 hant prix q de £2:14 ps des fins il les fautfaire

2861 3200 2265 176 pe parer apres car celu e debibe faitrare je vs salus

2873 3313 293 137 et suis

4127 3359 529 123 27 sber 1712

2820 3377 555 126 Brusselle G tsas

2878 3465 2198 112 so hebbe ue un acgeste laest geadviseert het arrivie

2888 3517 2219 136 van de versche gaeden ende mede ue mijn dinst gepiese e

2900 3627 2187 128 doch ick ben verwondert dat ick sedert het geluck nutge

2860 3709 2150 126 hadt en hebbe van ue heerte sin oft eenige ue e
