5653 3878
2032 47 313 136 12 jnny

591 66 1164 192 Rotterdam  iongs verbargh

757 117 2082 198 op antwoort op ue aernaeme van 9 deser soo sende ue

752 244 2085 176 haer ingesloeten de onginede fachere van het aenge

741 352 2058 193 slaegen pack ue can daer ue mede doen naer ge

701 444 2118 157 randere sult vinden daer bij blijckt claer dat ick de re

728 522 2102 175 ductie niet gemaeckt hebbe als selfs u de lange

760 612 2034 168 veerden ende dat tot een quaet inolus voordens

739 712 2090 197 dat het de gerenghste laeckens wesen dierde van

768 788 2030 184 engelant coemen ue en alle eerlijcke luyden

785 863 2080 228 moeten oordeelen datter noch in lenghde noch

775 998 2047 226 in weerde gepenceert en is want de fresaerden

798 1100 2038 201 die tot vrappers dienen en moek nochte in

812 1201 1992 204 lenghde nochte in weerde aengeven icck dencke

783 1334 2014 187 dat DH commis generael een man is die niet

808 1418 2038 210 en sal permitteeren nochte gedoogen dat den

809 1526 1986 255 coop man mal apropos houffeut noch den coop

819 1654 2014 223 handel gedestrueert worde daer en is anders niet

803 1755 1995 209 van te verwachten want ick protesteere dat het

826 1889 1980 166 hier qualijck in dooren sal clincken ende voor

812 1996 1950 159 mijn deel ick en sal geen een pet meer

826 2092 2016 137 over hollant laeten coemen en mede andere

818 2192 2014 154 daer van dessuadeeren die ick tot noch toe geand

861 2290 1985 190 meert hebbe lange costy te continueeren om

834 2393 1975 179 dat men soo veel eerder expeditie hebbe ende

824 2470 2028 203 aen die van vlaenderen voor soude wese de a

832 2607 1998 181 re van het pack dat noch achter is werda

833 2718 1978 208 aen annen hebbe die af gisnden omdat daer

845 2825 2006 152 niemant mede te doen en heeft ick blijve van

830 2971 363 168 heten

657 3034 1804 204 Amsterdam Francois Rousseau 12 juny

820 3149 2033 154 Ick ben verwondert dat heder mijnen laeste van

795 3254 2057 157 22 passato gene van ue mij altijts aengenaem

832 3337 1927 156 en hebbeoonen ick en twijfele niet oft daer

824 3426 2005 178 valt alte somoylent iets van profijt optiyt ende

843 3526 2016 146 wensche ue endaghtigh magh wesen dat geerne daer

823 3632 1966 131 in een laende negotie soudeonder houde en

788 3716 2041 124 hebbe heet geremiteert omdat het als  niet schelt

2947 3 2250 192 deneeue t ul e

2987 141 2207 125 wessel volgens notitie op laeste post is seer versche

3008 218 2189 147 lande aft gecoemen eenige noteerden 1 a ¼ andere

2998 319 2195 139 1¼ a 8 en 2 prito in banco daer op is heden gedaen

2986 429 2192 198 tot 12 a 1¼ alheerte borge in cous 3¼ pit op london

2994 506 2119 203 35:5 a 6 usy bidde in gevalle het can geschieven

3005 603 2177 225 van mij voor £10oo op tijt met een redelick advan

3002 752 2139 198 ie te remitteeren ende de weerde te trecken als

3007 826 2183 187 mede te adviseeren ue ostenie wegens din tegen

3034 927 2145 166 woordegen cours der wissel het gaet seer vret o

3040 1033 2126 177 londen men noteert van costj d ie monteerende

3042 1117 2109 171 en van london vallende hebbe wijnige daegen

3021 1222 2123 245 geleden hier noch partije no mendral lso tet

3008 1299 2175 228 N 35:2 afgegeven in achte doghte de selve meer

2998 1405 2170 240 soude gesaelt hebben alsoo van london swaerere

3019 1515 2161 271 mises stonden overgemaicht te worden ende nu

3024 1617 2173 294 ter contrarie comt tiet te monteeren aen gaed

3013 1747 2127 304 het opnemen van tisfanten in hollandt doe

3029 1864 2155 249 d'een van gehadt hebbe ue hier sijnde tes pecke

3035 1994 2128 292 bidde mij mede eenste informeeren tet gondr

3037 2101 1770 260 speculatie en soo blijve  herte

4261 2270 360 160 13 Jurny

2954 2303 1066 184 Brusselle J: Beekmans

2989 2361 2110 231 met ue aengenaeme van 22  pasatohebbe wel

2987 2492 2181 199 ontfange ue geaccepteed brifkens aen mijn ordre

2988 2597 2198 189 te saementan ƒ1272:6 voor de aetye op so moijue

3015 2704 2121 148 vercocht ende gesondere vermits ue mij gene iet

3026 2766 2143 212 teert heeft te trecken tegen ½ Ja het partijcken

3003 2870 2186 213 van 7 bayen ue op 7 yber laest gelevert bedraeserde

2978 2977 2202 218 £:13:4 vlames wis: soo neme de libertijt u te

2984 3095 2186 178 bidde het selfde daen conform te veheeren aen

3011 3218 2157 152 d'ordre meyaffrous de wed: anthonne Bouten

3003 3265 2169 241 aengande de sijne swaere bayen daer ue mij ooge

3004 3345 2167 258 schreven heeft die en sijn niet minder elis ƒ 80 het

2999 3484 2102 147 steuck bidde nemt saer maer eens de preeve

3001 3578 2150 147 van sij sjn het weert ende met eenen boye ft

3005 3703 2155 125 een stuck en is ue niet bedrogen nochte bedowen
