5489 3887
632 45 2086 179 a quisetier vs m'obligerez intinement qui suis

661 140 1841 165 come e mons vn fere et mad.  et pouse

1862 258 405 149 7 sevreir

525 246 957 186 Mons Anhoine Daout

624 364 2097 151 la chere vre dhis mest bien parvenue a vec une

651 469 2094 128 assignation sus le oliceter de militaire nome

676 559 2106 130 nonf a la hoys de ƒ318 argent court d'hollande

658 657 2148 173 je doute foit quelle soit paye l'a a la repentation

663 798 2139 114 presentation non obstant je la envoye sal vs plais

684 842 2094 196 a mon ner dhollande mais touchient que vre ge

664 952 2112 178 me presente de me ffaire bon la perte de change

707 1043 2054 190 cela nesirpeut comment voules vs je porte la

666 1162 254 90 soutf

675 1160 2131 172 parte de changedige pouvis neoter ca pair vs au

684 1246 2043 160 op racoon mais t fachant quil ya de la perte

671 1359 2101 164 tougours est grand difference estant argent coutros me

687 1465 2126 175 deve des intresser si non je vs le renvoy iay ayant

691 1567 2088 156 l'honneur de vre responce vos bayes seront te

704 1668 2072 179 au premiere et prest et je ne manquray vs les

681 1790 2129 199 envoyer p que na vez besoirg d'autre chose ppesque

694 1880 2112 201 a present croyez quil i a bien de change ient en

673 1985 2138 189 le prix de marchandise depuis peu de temps et quill

671 2075 2151 179 en cheressent de jair en jour la parse estant le ssur

695 2199 2120 142 ree vs n'achiterez plus de vre vre les mancifai

701 2265 2103 183 tien a si bon marche come les avez eus desonnee

705 2370 2049 156 passe priant de faire rendre l'incluse aus

698 2465 2099 195 triveer le jeusne vs m'obbligerez qui suis en toute

724 2618 485 125 a ce as

1960 2650 570 175 9 februarij 1713

563 2690 817 171 Brusselle J: haegens

694 2781 2086 142 tot antwoort op ue aengenaeme van gisteren het is waer

732 2888 2015 105 dat ick ƒ400 in waerse van ƒ300 getrocken hebbe in

724 2960 2077 149 assignatie te betaelen aen d'ordre van  peeter van

706 3053 2079 146 3ock ick en wecke niet hoesusckx geschiet is miet te

722 3139 2071 158 men mits die partije nu foo te geboeck staet gelieft die

698 3218 2094 137 alsoo conform te verheeren om ue dienst te doen ben

681 3344 2071 102 van gelijcken te vreden dat ue die op een maen

701 3391 2095 185 accepteert want het waere mij leet dat ick ue arges

699 3474 2091 177 in soude lastigh vallen de tijder sijn  en de dat

702 3606 2106 135 worden ick genoch gewaer het sal met de hulpe godd

685 3655 2118 172 door den aenstaen den eden beteren het op mj gen

709 3741 2091 93 dat ick mijne calanten can onderhoudnende dat

2879 0 2288 182 de mne encantirer onderseel ege dat isp

2896 124 2265 143 teyt tot tijt maer soo veel een becomen dat mjeljak mijne

2879 195 2308 178 schulde btaelen anders en sal ick niemans oyelijck

2930 269 2220 164 vallen de goederen sijn merckelijck gementent door

2925 376 2200 198 wissel als andersents in prijs ende dat maeckt bujer

2904 490 2260 190 verlegen want ick en hebbe geine cou iy om veele go

2909 579 2239 179 deen te ontbieden ick en sien voort eerste geemons

2914 687 2203 172 om ons gelt daet ujt te maecken ick hebbe rede

2915 793 2143 189 lyke partie by mij en op vorraetontoden ee

2911 901 2222 144 als ue gelieft onen te coemen ende een en plye te doen

2911 1001 2247 218 plijete ue mij schijft ick sal daer al eewecl afscheyden

2905 1083 2165 178 ende mijne vrinden mede bedienen ende maer cor

2908 1204 1154 162 diacle groete niesse soo blijve

2897 1258 1883 267 Bruseleests van den kek9 febuy

2961 1392 2175 166 ue aengenaeme van 3 cout is mij wel geworden

2966 1544 2174 112 ende tot antwoort moete ue seggen datter geen t

2972 1608 2163 126 mensch in de werelt meer cevilitiyt en heeft noch en

2968 1716 2192 134 n hebben als ick voor sijn  maer als men

2968 1790 2183 177 alles doet wah noogglijck is ende dat men weeren

2959 1882 2194 192 noodt oft paesserende gevalt meijnt oock sijne ven

2975 1972 2126 138 dens te venden ende daerby salaes te erjgen en

2968 2106 2131 128 in plaetsche van dien sieleke reboeert rencontrecrt

2976 2148 2148 197 gelijck ue mij doet ende gedaen heeft dat dwenght

2964 2281 2171 126 mij aehtervaests te dencken ick en hebbe enoyt

2971 2363 2189 133 dan met de muste cevelitjt vande werel tgescreve

2966 2455 2126 180 ende met vrintschop gevraeght e en dan  op

2951 2550 2168 141 reck te moogen trecken 2 leyse hebte ick gescoe

4383 2642 214 75 de de

2950 2685 2052 136 lent ende de patientie gehadt de 3 heeff ue te

2936 2756 2080 131 veel exava geert men magh vrentschap doen

2938 2861 2171 128 maer men moet niet verdraegen oft om soo te segge

2942 2969 2155 142 bedelen om hetsin te becoemen ue eeet genoch

2950 3031 2152 166 soo wel als ick dat ick meer aen intrest toegoeals

2935 3116 2091 168 ick op de goederen cen wnnix o geaonnen

2918 3186 2206 188 hebben het en ismedt om protijte at ick ue vercoope

2905 3334 2178 114 oft vercocht hebbe naer alleen om de kennisse

2916 3404 2195 124 onderhoude in hoepe dat het met dersonden sal

3160 3471 153 73 ande

2903 3466 2202 155 beteren dat men dan eens eenen stver sal connen

2936 3579 2179 114 innen waer toe dat ackeu noch mijne goeen

2919 3638 2140 90 en dienst presenteere maer gelieft ooe van uen

2948 3732 2154 71 cant sijne devoeren te alteitteren in voorvalle

3722 3772 1311 68 versoeckt sijnde
