5632 3901
1938 45 527 159 24 april

638 51 923 157 Rotter Dronys verburgh

827 116 1996 183 en hebbe noyt deere gehadt ue te schrijven met dese

841 232 1995 122 occasie neme de libbertijt mij aen ue te address e

807 324 2031 160 versoeckende naer de onderstaende schepen gelieft

818 410 1977 146 te informeren ende ten arrnvemente den selve

811 505 1969 136 mijne goederen te lossen transitor aftes enden

817 630 2042 177 doch p ider beurtman niet meer also a 2 pack

823 694 2028 186 om den isico te verdeelen en twijfle niet oft de

803 790 2037 222 scheepen van london sijn met godts huulpe voor

817 894 2046 207 nu salvo die packen versoecke de eerste en sonder

816 1023 2043 216 tyt verlies gelieft te expedieeren ende mij tegens

799 1122 2049 160 woons dagh met een letter advis te verceren tidde

824 1232 2021 201 soo voor de vraght als andere on coste pnaus

811 1343 1977 199 te te menageeren want als maer eencistsent

819 1446 2032 203 can geschden gevonden worden hebbe ue ve

814 1547 2011 197 de route a cost dan over oostende te behoude

849 1636 2017 210 ende dat om de prompte expeditie met brieven

823 1744 2030 167 van londen  court vaeren die schepen op heen

818 1874 2052 156 venreck ende mits den wint favorabel is gew

845 1962 2021 168 verhoepe de selve salvo wesen blijve van herte

1423 2070 1372 174 mr Lamwell faycor van london

775 2180 2012 146 N15 met 19 witte bayen van entraordinaire

851 2274 1356 154 breede ider p op a65 gcreduceet

1071 2341 1746 184 2 witte cottons op a 40 ider 17 apper dien cet

1053 2447 1169 161 en betaelen het pack 1t

2437 2473 418 156 £ 105:8:4

1153 2519 1342 199 N Robert Coistiaens van London

790 2657 2079 183 N 16 met 19 engelsche lackens inde wolle geverftend

832 2736 1986 180 op de spaensche manieregemaeckt ider sop C45

953 2828 1908 176 4 cottons op C 40 ider vrappery s55 £ £ 247:5:11

1436 2938 924 148 wilkinson van hull

745 3021 2126 204 N1 met 35 witte bayen op C65 ider gereducet £ 97:3

1171 3127 1203 166 pr Josept Blaydes vanHelll

726 3245 2127 180 N2 met 17 nootsche carseyen ider op a 26 gereduu 90:6:

718 3341 2142 215 N 3 me 17 ditto carseyen als boven s6½ - ƒ:94:15

677 3428 1143 153 Amsterdam Drancsed Rousseau

2115 3473 148 113 24

758 3536 2104 172 sien bij ue aen genaeme van 24 court dat ue voormgne

754 3621 2117 210 remise van £1000:5 het noodigh soude besorgen waer

757 3665 2098 184 tegens ue mij remitteert op vwos op Pienutorrians en

2986 56 2246 107 ree tot londen l 207: 3: 2 a 6 3556½ dat ue selfs mae

3005 105 2162 144 de borseyden heeft laeten ia doen opsoecken het iswons

2950 193 2171 177 jder dat ue 2 borstijden heeft laeten voorbij gaen naer

2992 288 2136 159 de mael ick het ue p mijnen leersten soo intan

2999 397 2170 164 delijck versochte ga soo veer dat ue maer de weerde

3000 499 2175 166 in my hadde le reen op die maniireenan

3011 579 2157 233 men geen staet maecken daer sijn heden partije

3010 677 2167 241 brieven op londen in getrocken van costj coemend

3002 785 2139 168 maer die en coten een 35:6½ ue can maerop

3024 888 2131 195 morgen mijn beste advantage moogelijck waer

2984 981 2134 252 nimen en noch £ 3 a 400 afgeven die tegens

2965 1111 2157 229 vrij dagh te gemoet sien donder dagh sal ue voor

4435 1208 118 82 2d

2948 1213 2187 245 diers ictk remitteeren daer is hedenm abon dan

3028 1336 2081 256 telijck tot 4 schaeden a 5 voor den brief in

2996 1456 2097 223 vanico gedaen in coeut 33 a 4ams london by

3277 1631 92 104 6

3003 1589 1349 222 35:9 isos uee groetende blijve

2909 1719 2034 201 sonder Finaus de Sorpere  24 april 1713

3030 1782 2187 242 door ue aengenaeme van 15 court ien mijne pda

2999 1941 2134 171 remises ue wel syn geworden ende dat ue voorders

2987 2034 2157 164 sijne ordre voorde spaensche laeckens sal volbren

3001 2106 2123 174 gen die te gemoet sien de  6278 voor ue reck inge

2995 2211 2065 189 trocken op nantes a 67 maecken maer £175:2:3

3014 2305 2098 162 vlaems wissel ue wilt dat ick ue daex tegens ue

3032 2415 2142 157 fus partije remitterin heer en sijn geentrecke

3033 2518 2074 141 en geene brieven minder dan  35:0op uns te

2993 2610 2173 143 becoemen alhoewel ue N 36 noteert soo sultee

2997 2689 2176 173 wen op sicht pr casse iets minder connen trecken

2997 2789 2134 130 ene dan geen ½ maer den maer ue gelt moeten

3008 2877 2142 185 wachter dat immers ue advantagie is ic hebbe

3003 2987 2118 156 eene partije op londen die mij selfs boven deb

2997 3080 2126 156 35:6 coert te costen en van amsterdie in doen

2977 3209 2118 127 coemen waer van noch partye tegens nier ten

2981 3291 2170 127 post verwachten om ue te senden voor desn incoop

2985 3403 2178 91 van de laeckens die ick ue geordonneert hebbe gelft

2997 3458 2112 111 toch wel daer op te leffen soo voor de g ualitie

2985 3554 2145 118 als de couleuren want ue den wel dencken

2928 3615 2207 171 dat men het pre sent quaet genoet sullen

2982 3704 2077 122 hebben om ins gelt daer van te becoemen ick
