5650 3895
815 34 2134 189 ce que je confinme esperant que cette ma lette

852 123 2089 233 vs fera parvencee en son temps et que pr

870 234 2084 215 le prisent vs aurez excccete cette mon ordre

887 343 2022 218 depuis jay trois de cheres vre a rexponne

903 442 2029 230 scavoir du 2:5 et 9 sbere avec les connos

904 550 2020 189 sements dus 2 ballots N8 a bord wel kenson

919 667 2038 187 et N9 dans Jonathan baquell vs mar que

898 776 1998 231 que ces arsseaux ferount voile au pie

919 892 2026 180 meer le vent at este advantagieure asso

893 986 2043 232 et cependant je n'en ay encor p ppres pu

894 1097 2051 246 ques a e jour dieu le conduise a son port

891 1204 2025 252 pr le prence il est bien facheux quels

904 1337 1975 244 ny a non plus frequente occasion o

896 1459 2040 191 commodite m ns ffaire vener vosn a

895 1566 2040 227 factures cela fait sort au commence et

892 1671 2046 226 vs deveez recradier il ve bien que cchevez

902 1785 2037 180 mon ordre pr  pr de draps de  3:0

930 1901 1902 208 a 4 conform en couleures au ballets

881 2016 2013 178 N 39 de l'annee passie hors mes 452

918 2123 1948 196 et 438 N412 et N 167 ne vaillent nien

918 2244 2017 209 non plus ces couleures sont drop rocues

936 2359 2014 201 il les faut cannelles approchant la cou

903 2446 2072 220 leur Jausne ou tabai en paudre come 'on

916 2586 2040 192 porte presentement beaucoup je vs re commende

917 2698 2028 142 a ay mindre esgard et me procurer de bonnes

916 2786 1954 203 ef belles marchandises bien approste a la

912 2900 2049 235 facille beaucus a la debite et plu debetont

928 3050 2009 150 nd plus de commessions avez vs je vs dit en

944 3126 2001 217 cor q jay essez examine le bayes du baloot

898 3229 1975 230 N141 je n'ay pas trouve vre marque de 2

896 3340 2054 237 siperfinnes bayes depuis jay en cor auvess

896 3436 2051 233 les ballot & N5 le hery bay es sont passes

889 3552 2025 260 lakes mais les 6 pr superfinnes  33 a 65

888 3712 2034 119 ne vaillent en pr leur prix il ny a pointt

3019 56 2257 128 dontrey aux pecedentes & quil est bienne

3066 165 2180 121 serable et chagrenant de voir les manufac

3062 233 2151 208 teres cheres et haut en pixle change si

3095 353 2134 194 excessif cayse quil ny a point moyen

3032 443 2240 217 de profiter quely chose cvoyez que cestune

3089 579 2095 179 mesere a faire ne goec presentement

3091 676 2191 188 la change est hause a N 36 icy l'ondit

3080 806 2151 216 que c'est la cause que la compaynie des

3076 910 2178 209 inder vende a londreset que ce la ne dure

3081 1036 2102 238 ra point ace prennier je vs feray encor

3070 1145 2063 205 remise de £4 a £500 k dont pouvez

3076 1294 1245 225 faire fond et g geslus

4499 1457 644 166 7 8bre 1712

3042 1446 1022 211 tournay eA de sae

3068 1569 2194 213 Jay bien receu la chere vre du  gbre dernier

3106 1674 2096 186 asteur un mois passe l'assignation

3103 1776 2137 248 m'avez envoyée sur la hoye n est pas encor

3105 1893 2149 248 pay ie car je n'en ay t auiun advis mon

3128 2005 2090 246 amis ne pus faire atte chose qd en

3149 2133 2112 244 solliceter le payement il n jussie de scaver

3136 2268 2109 228 quilles n'est pas payee et vs devz mendre

3119 2391 2126 214 les mesurez que trociverez convenables avec

3117 2509 2118 198 les autres intressee vre la tout ce que pr

3114 2640 2091 203 pis dere je suis prist a vs renvjer cette

3118 2748 2113 232 assignation mons il y a 2 ans que je ne

3090 2847 2124 253 vs ay livre pr un leard de marchandise

3113 2964 2110 241 et en an que je n'syr en touche de ve

3099 3068 2119 231 et grace sur ce que me devez ce quil est

3106 3206 2137 192 ne ennoins assec onsiderable pr cone

3092 3315 2088 254 le il fautnecessairement q vs vs pour

3069 3395 2217 277 voyez d'autre part cardans une boutiqu

3092 3535 2155 234 il man que entrece finps d'assortiment

3103 3635 2084 193 il est vray il vs est liere d'ach

5241 883 80 181 1

5310 2004 87 160 s

5284 220 149 103 4 J

5335 644 92 89 us

5343 719 87 67 s

5329 761 215 181 Juss

5276 888 216 127 Russe n

5419 957 98 128 suy

5364 981 78 150 u

5266 1128 176 131 ij

5323 1207 121 130 ny

5338 1308 75 84 h

5342 1459 155 231 1d
