5645 3887
703 78 2165 108 waer voerens mij gelieft te crediteeren. ick verhoepe datter

692 153 2131 140 naer den oost beeter vertier sal wesen ende dat ue voor

713 264 2145 147 het winter saidoen noch al eens over sal coemen om

715 382 2121 143 wat provisie te coopen ue magh verseekert wesen

721 452 2023 241 dat ick alles sal doen wat moogelijck is om ue

711 573 2058 219 calandisie te onderhouden ende ue goeden coop te

740 673 2123 196 bedienen die blijve naer minsaeme groetenisse

652 780 2114 298 Brussel Peeter van Joch Ady 9 Amyn 1719

759 929 1981 207 ue laesten van 26 past. is mij het sijnen lyde

756 1062 2064 177 wel geworden, ingesloeten 2 briefkens op sicht

780 1186 1993 203 sijnde mijne tratos aen ue ordre op Christ. segers

754 1304 1952 172 £50 en op Ludovieus Rosselmans £31:16:4

780 1420 2021 180 wisselgelde waer van gelieve de betaelinge

770 1531 2012 205 te voorderen en ontfangen sijnde my voerens

758 1644 2054 193 te crediteeren. als ue des van satisfactie nmet

740 1754 2076 192 advance voorcoeme verwaghte ue het selfde

752 1875 2121 194 indaghtigh sal wesen en naer cordiaele groetenise

737 2030 635 171 soo blijve

2046 2101 619 164 3 accgiesty 1713

664 2126 1203 176 Antwerpen Jacobus snillaert

769 2172 2121 269 Ick hebbe goet gevonden ue door de pennete scennen

790 2273 2116 227 te geven dat ten ue respecte personcelijck beschont

809 2395 2070 166 ben ter moeten doen ue weet wat some ue mj

785 2476 2041 230 schuldigh is ende naer dat ick ue nu meer als

811 2584 1960 175 een jaer hebbe getracht tot reden te brengen

797 2665 2028 225 dat alles tot den dagh van heden te vergeefts is

838 2814 2045 189 geweest ien en can op soo een maniere mijne

824 2895 2047 231 schulden niet betaelen nochte in mijne con

827 2980 2047 210 saientie niet redelijck vinden dat men meer

813 3076 2020 213 aen den in trest comt te verliesen als men

891 3176 1905 249 de gogeren can avaneeren ick ben soo

853 3259 2027 223 redele alser iemant in de werelt soude

851 3386 2042 214 connen wesen maer het is nie van in de

857 3473 2008 221 mae mey al een gheel jaer geleden dat ue

837 3574 2020 200 mij niet eenen stuyver op reck en heeft pe

778 3703 1865 140 felt niettenenstaende ue bebotten van 4

2980 4 2308 194 6

2994 86 2176 222 ende cont in uyt roepen coopen ende laet my

2997 237 2177 128 soo over de 5 jaeren naer mijn gelt wachten

2996 328 2223 215 ick en can niet meer doen als ick gedaen en

3021 438 2198 218 hebbe nochte met eerdere reden handelen

3000 560 2211 239 als ick en hansele ende daer om coemen ue

3022 685 2135 182 met desen brief noch eens minnelije ver

3020 812 2269 183 soecken dat ue niet langen en soude gelieven de

3017 908 2219 235 te dilayeeren van mij ten minsten iets op nek

3010 1050 2290 189 te brengen ende vercoepende dat e n

3012 1153 2138 217 sal manckeren in antwoort deser soo blijve

4570 1290 616 168 16 accqius tj 1713

2965 1321 1248 190 Amsterdam francois Rousseau

3032 1367 2223 249 refere mij aen mijnen laesten van 7 contomt

3056 1511 2085 222 remise op dh comelis van lentele van £462:

3070 1595 2140 208 banco hebbe ue oock gedebiteert voor ue tratos voor

3079 1708 2130 243 mijne recke op J: ue moeder tot brussel gerocken

3091 1785 2211 233 sedert becoemen ue aengenaeme van selven

3052 1929 2109 187 dat 7 court met alleen een remise van £100

3055 2012 2153 211 op 2 usos op Jacobus pauwels die de selve geae

3047 2125 2145 239 cepteert heeft en ick ue confoim af 2½ pree voor

3044 2239 2151 239 £97:10 gecrediteert het is wonder dat ue die bree

3046 2370 2135 148 ven aenneemt naerde mael ick ue ront uyt

3040 2458 2183 174 hebbe geschreven dat ick die voor mijne reek niet

3050 2562 2156 184 en soude accepteeren nochte begeeren kent uede

3044 2698 2159 169 trecker voor suffisant man dan en iss en nietsa

3034 2785 2133 228 gekegen verwachte dan wat ue mij verdens te

3046 2884 2147 215 gens mogen sal connen remitteeren voor de

3038 2978 2102 162 tratos die ue op Brussel gedaen heeft benick

3067 3086 2054 190 wederom ½ preto geschieert ic hadde ue

3038 3175 2094 164 soo ge commandeert niets te recken ten s9

3057 3278 2133 174 dat ue mij pro rato met eenen conde remitteere

3046 3383 2130 166 met den heylighen dagh en isser heden geen borse

3057 3460 2149 160 soo datter op gesteren ey nieyth gedaen is mijn

3035 3538 2253 147 broeder versoeckt ue voor den ingelijden op tre

3042 3630 1962 198 men geleve xpeditie te besorgen blijve
