5650 3895
2090 53 654 124 26 sber 1713

673 66 1006 190 Leeds William Coisesoa

811 117 2088 249 Jay bap receu la chere vre du 22 d' goust avec

803 235 2112 179 ne et eschantillions d'un ballots des dropssaye

803 339 2074 190 au reguard des couleures elles me plaisent a

816 399 2043 190 estant de la sorte come je vs ayt ordonne jes

839 505 2055 231 here quils seront a l'advenant pr leur qualix

853 630 2046 204 ce que est le principail je voudrois les avos

869 688 2036 284 icy car jen sus prasse tachez de procurer

850 804 2022 308 quil que de plus frequent moy en prns

859 918 2036 292 faire senir de la marchandise autrement

881 1021 2015 257 cest une mesere chargez ce ballot et le ballot

835 1148 2065 244 N8 avec le drap gressant, dre du temps

863 1195 2052 295 touts 2 en un raisseau soiut p oostende re

862 1357 1953 295 pr rotterdam maes si l'occasion est in

886 1459 1973 285 motterdam ceto que pr oostende: gaime

854 1562 2018 256 micexgutte route je ne say a qui veut

867 1670 2017 268 dire qp je n'ay pas reponce sur mes 2 der

854 1773 2021 246 niers lettres de 28 d'aoust avec remesses de

873 1901 1939 294 stt too etsur celle du 6 du court avec bes

867 2018 1975 289 be condes lettres p alles la je vs ay donne

892 2141 1957 261 ordre pr achepter  m. de draps de  316

891 2255 1944 243 aft 4n excedant pas pr en faire 2 ballots

892 2392 2006 212 et le pacter avec 4 p de carisces en un com

888 2486 2008 241 a l' ordinaire ser les couseures du ballot

897 2615 2005 242 ce q je vs comfinne priant a ny manquer de

903 2747 1997 208 mesme q pr ½ pr encor de  38 a 6 ¾ avec tp

896 2819 1969 234 de carisces a paiter come cy dessur en un

892 2935 1978 242 ballot g vo assortires de couleurez les plus

884 3039 2023 251 nouvelles a la mode dons gens laisse le

901 3168 1994 253 et vs prie a me procurer quelq chose de

922 3254 1981 271 Jole George bilbey est a rreyee jay bien

927 3361 1929 256 reccu le ballot sN 7 avecrles draps bocens

901 3497 2010 233 grace au seignecer je voudrois a voir de mes

904 3582 2000 204 vne les vs autres N8 et 9 dont ne perde poir

920 3691 1968 142 du temps ie tacheray vs remettre encor u

3010 64 2214 157 conne somme au premier jour et entre temps

3037 142 1837 190 attendant de vos nouvelles je me dit

2980 277 2248 207 Londen beauwen ck stockdaele  20 sber 1713

2998 367 2205 248 jay bien receu en son temps la tres chere vre

3052 483 2148 188 de d1 jalleut dernier en saitte de la quelle jay

3052 592 2096 202 attendice de jour en jour d'apprendre de vos

3045 683 2079 234 nouvelles au regardidu ballot de drapsa

3061 788 2176 251 madvisiez de m'apprester p prequer jpsv

3064 911 2176 271 y je ne a iay ce quil veu dix  celx terde

3083 1043 2120 243 s2 lonytemps je vs prie ne j delayer

3068 1155 2126 206 car la gaison savence pr ditte corte dde

3042 1276 2169 223 marchandise ayant vre respone je n

3055 1374 2171 186 manquerrey pas a vs faire remeit cepe

3073 1488 2065 196 la valeur ay  la bonte de charge la

3067 1587 2119 233 marque ordenaire is faittez en faire

3088 1715 2129 204 un aufri seer les ballot parce p le pre

3091 1808 2149 216 e dent est to op come ce que je ne sochaitte

3042 1924 2195 219 pas comme jay apppres des autres qu'on

3067 2041 2161 243 a payee le dirvent de st: Jean de la comp

3051 2150 2184 234 des indes jene doute pas vayz auagre

3080 2261 2145 221 ceu le mien je vs prie me marquer l'estes

3090 2390 2121 199 des ces fonds  p la compay a rececdes

3080 2505 2113 178 bons retours il est in croyable q ois avons

3045 2595 2121 237 presentement so peude negoie ue ny a

3042 2714 2111 162 riere a ffaire du tout sur au qeu endroit

3055 2838 2168 182 le change seir londres ne pecurendre acuecune

3070 2935 2148 172 advantage car quoy q l'on marque N364

3065 3052 2150 192 reste ic tousjours vers le  39:8 a 9 a 2 usone

3069 3158 2127 184 en manufactures il va de pir en per

3069 3244 2110 217 attendant sil vs plaust un mot de re

3067 3364 953 221 ponce je medit

4366 3430 629 161 28 sbre 1713

2993 3501 968 171 Ggent J:B: de Saedelaer

3097 3548 2041 163 op 16 cout sijnde voorleden saterdagh hebbe de

3104 3659 2073 106 le berteyt genoemen ue in gesloeten te sendenen

3105 3756 2083 78 3 brieven £1000 op Dr John heerton om daer
