5661 3880
757 0 2112 198 one resparde vre ae ded e e

747 113 2153 203 acistatie te besorgen ende de selven mij veld

751 207 1275 198 te senden blijve van herten

2021 296 482 180 13 Juny 173

660 333 1125 205 Rotterdam Biougs ve beurgth

772 379 2111 252 beyde ue aengenaeme van 30 past en7 court weste

778 531 2107 148 wel ontfange ngvolge den eersten hebbe ue confoe

804 608 2067 230 gedobiteert voor de ƒ500 cont die ue py goet doet

757 730 2051 140 van mijn broeder an micc oock hebbe de

815 808 2073 194 baele hermente  N6 wel ontfange godtdanck

803 904 2069 230 Rovert henter salvo is soo ue mij metsmenne

827 1030 2033 165 sive van 11 deser comt te adviseeren det pack

825 1154 2046 152 heeft lanck aen boort geweest gelieft te doengien

816 1244 2042 208 oft het nergens beschaedigh alvoorens teerte

832 1361 2041 212 schepen het is  N0 met ½2½ dosijntiens op

823 1463 2054 260 & 18 ider gereduceert daer sijn 4 volle  carseyen

835 1576 2041 256 tot vrappers die niet en betaelen het coat met

853 1696 2030 250 de vrappers provisie en allioncostenset

872 1811 1943 225 een diyt toe st £140: 11 gelieft dat te doen de

875 1919 2016 229 penscheren ende aen te geven gelijck het moet

888 2017 1969 193 wesen het is wonder dat het met het malheu

887 2113 1945 262 reito pack soo banck blijft dieren als de g2

893 2229 1998 225 meyne laeckens open leggen ende haere pere

890 2333 2004 279 quijt worden sijn die by naer niet te debiteren

880 2434 2006 207 voorders hebben de commissen den  om

884 2563 1995 210 die aen een ider te veylen ende de uyterste

882 2677 2010 187 weerde te achterhaelen ick wille wel segn

891 2795 1998 168 dat het wonder manieren van handelen

871 2892 2024 235 sijn men gaet heer soo niet te wercke en di

871 3001 2029 225 hoe eliendigh onse commessen sijn oft niet

854 3100 2049 267 soo can men echter daer beter mede om sprie

867 3231 2042 213 gen ick sal dan den tijt verwachten maer

865 3327 2032 225 het doet mij groote prejuditie om dat van die

862 3435 2008 218 goederen ot soorte niet meer als ½ p bij mij

840 3501 2074 256 hebben ende volck moet laeten gaen die doe

855 3685 2003 146 mede soude connen gerieven mits het godt

2953 81 2238 110 soo beleeft ick sal patientie nemen en verwachte

2965 121 2176 149 het eynden om veerder mijn mescere naer aldve

2954 238 2235 183 want te connen nemen brijve naer groetense

2936 323 2171 235 Amsterdam Francois Rousseau 13 July 113

3041 463 2117 221 Jin gevolge ue aengenaeme van 7 our hebbe

3060 554 2115 204 ue trato voor th ue broeder stephen Rousseau

3066 678 2107 223 voldaen van £200 ende ue daer voorens gedebiteert

3073 781 2111 240 af1  ƒ196:16 ue laeste remises op rrussie op

3084 904 2078 228 gras en &i na als Broden £a00 saemen £700

3070 981 2115 228 en hebbe al noch niet geaccepteert becoemen

3059 1073 2068 264 int uyt reckenen der somme heeft ue abus

3059 1198 2053 243 £200 af 2 ¼ moet wesen £194:12:11 en niet

3074 1292 2027 224 £193:10 en £500 aƒ 2 ¼ is £488:8 en nit

3066 1418 2120 214 £488:2:6 gelieft selfde eens naer te sien ende

3080 1503 2034 256 just bevindende conformite redrisseeren

3065 1609 2061 244 ingesloeten remitteeren ue op Phr francois

3089 1694 2108 257 sweert £433:7:10 en op Dh Jan martinmunt

3076 1804 2124 276 £66:12:2 te saemen £500 waer voor het noodigh

3107 1987 2025 250 geleift te besoorgen ende ingecoemen sijn

3101 2076 2063 280 gens te remitteeren op u doch corti brieven

3098 2200 2063 187 en connen die negotie neet favoriseeren oock

3091 2332 2062 208 is gent ½ pis en brussel doorgaent ¼ a  re

3074 2402 2089 179 want men moet de courtagie van intrecken

3077 2518 2051 172 noch eens rekenen heden iaser seer different

3088 2611 2091 174 gedaen tot 15 1½ a 1 ¼ prt op de borse redenen

3087 2708 2082 174 deetter wat veel pagiier was veel afte geven

3090 2821 2082 202 en principacl op tijt en can met soo daenige

3077 2946 2104 198 wissel niet geraetsaem weren hoe het andere

3074 3018 2025 193 vrinden maecken en can ick niet be

3101 3129 2058 202 dencken echtermen heeft corte lin geen

3101 3242 2025 158 dien dat het soo ad vantagieus is geveert

3104 3320 2017 222 int betrecken als int remitteeren blijve

3099 3481 688 183 van herten
