5582 3887
657 32 2157 178 coogen wij een gheel pack voor eenen pertaeon

644 123 2180 160 te tot ue naericht deer ue receproquelijck can de

660 218 1654 184 doen gelieft te commandeeren die blijve

1899 311 381 110 13 meert

555 317 824 203 Brussel le J: haegens

646 391 2134 229 Ick hebbe ue aengenaeme van 25 bruer het bj

683 493 2059 185 nen bijde wel ontfangen endene niet lange

707 564 2070 194 delayeeren den selven te beantworden den pa

695 690 2066 194 ter proccesator van de paters auqust pien en

707 788 2075 223 heeft naer mij niet om gesien tebben den selven

719 872 2007 275 gaen specken ende gevraeght oft ick mijnen

730 986 2072 199 enecht met eene quittantie mochte senden b

727 1117 2088 205 heett mij geantrooort dat hij mn dat gelt selfs wel

708 1187 2089 282 thuys brengen dat is me al eenigen tijt geleden

737 1370 2074 189 ende evenwel en vernemen hem niet tot ue

745 1434 2063 248 governo ick en sal niet naer laete de oe

716 1538 2052 191 te soecken om hem andermael te sprecken

752 1649 2049 193 ende ditto somme te sien in voorderen daer

769 1751 2020 191 ick e can diendt doen gelieft mij maer al

757 1855 2065 231 tijts liberlijck te commanderen het is mij lief

762 1963 2062 206 te verst aen dat ue met den vasten eens sal e

771 2087 2017 192 coemen ick hebbe seer schoon gerieft ende tot

788 2156 2025 176 ceveelen prijs ende niet te min dat de goederen

752 2282 1992 206 merckelijck op slaen soo sal daer aleveil

759 2393 2044 152 can schyeren ende ue goeden coop bedienen dan

781 2494 2033 189 vreden gaet voot en buyten twijfel sal allesgaen

790 2610 1909 182 beteren dat godt verleene lijve van tweten

553 2689 2230 229 hall nicolas van den Berghen Ady 13 meert 1713

751 2837 2027 176 ick verhoepe dat desen mijnen op ue goet retont

756 2939 1980 189 nevens  ue: Beminde in vollegesontheydt

738 3055 1950 137 sal ter handt coemen waer van ue te saemen

759 3145 1955 183 voor lange jaeren de continuatie wensche

731 3246 2044 134 desen alleen om ue te adviseeren dat ue goet

741 3356 1966 130 ende dat van mijn broeder s ongepackt

755 3446 1805 172 in drij packen gemerckt N873  ƒ2:3

764 3515 2049 169 voor eden saterdagh scheep gedaen geconsigneert

757 3661 1905 126 aen Dh. grimberghe die met Godts grane

2995 43 2074 150 verhoepe morgen tot Brussel sullen gelost worden

3002 159 2083 144 int packe N1 is het carmosijn laeken met de twee

2981 230 2146 189 sticken in de pampieren breedt gevonden die ue mij

2975 328 2160 217 gerecommandeerrt heeft spaent laeken van ƒƒ3:12

2999 438 2156 162 twee van ƒ2:16: fijn geperst van ƒ 2:18 en 5 andere

3009 575 2126 137 van mindere prijsen met eenen couleuren carsey

3025 717 2143 150 int pack N2 sijn de castoenen, Panssens lijnwae

3053 813 2115 170 ette met den deventer en gemeynen witten baye

3022 904 2137 179 de twee roode bayen den blouwen en dandere

3025 1005 1908 178 couleure carsey en vier spaensche en vier

3014 1113 2066 218 geperste laekens :: nt pack N3 sijn de serges

3019 1210 2104 206 met het goet dat ue tpt mijn broeder geordon

2984 1354 2079 156 =neert heeft nte packen hebbe dit geraeden

3033 1449 2060 170 gevonden ue te adviseeren op dat ue den

3015 1562 2132 155 inhout der packen soude bekelt wesen omdat

3016 1684 2082 171 ue mj geselydt heeft misschien eenigh goet tot

2996 1801 2140 162 Brussel te sullen laeten staen iets voorder

2991 1890 2146 178 van ue dienst voorvallende gelieft te comman

2945 1999 1587 175 =deeren die blijve van herters

3013 2107 2118 195 als jiufe ue doghter gelieft overschoemen soo

3021 2206 2088 150 en magh sij niet naer laeten ont het faveur

3002 2324 1994 159 ue doen van te coemen logeeren sij sal

2979 2436 1520 150 liber en gelyck thuys weten

2869 2513 1075 162 mons nicosas de hauchin

4171 2520 837 175 Ady 14 mars 1713

3038 2610 2030 143 la chere vre Darce 10 du courant ne m'est rendre

3015 2740 2091 168 ghier avec une lettre de change de ƒ400:- argent de

3035 2836 1970 147 change a veu a charge le s. P.L de Cournch

3029 2919 2104 164 dont ie vous feray bon la valeur en compte estant

3016 3032 2044 110 payée et celle cy vous servira de quitteace. pour

3011 3109 2115 144 tout ce quil s'offre pour vre service ayez la bonne

3045 3203 2104 117 de m'honnorer de oos commendements et provis que

3012 3299 2137 122 feres tousiours parfaittement bien servi et a iu prix

3043 3396 2110 124 les marchandises sont bien auymentie en prixs depuiz

3015 3508 2052 91 que v y 'at este p icy et augmenteront encor cit

3015 3564 2085 99 que nous auront la paix dont on n'en doubte pas

3036 3656 2068 157 i'ay fait rendre s'incluse au s le quelle voscy da

3052 3730 1663 102 responce. ie suis de tout mon eu
