4906 3916
378 58 2055 130 van den inhout van de packe overbrengen gelijck ick van

397 134 2052 140 ue paxte oock mede gedaen hebbe te weten voor 10 sp laeckens

385 226 2090 111 5 p baijen en 1 p seersey ingesloeten de facture bedroagt

396 291 2061 151 de wese ƒ1264:1½ die gelieft naer te sjen in de wel be

401 385 2027 147 vendende mij voor te crediteeren ick en twijffele meet

418 442 1999 142 eens oft ue sal alles naer ue tas tisfactie moogelyck

431 522 2039 175 in die goederen vinden ick rccomen andere mi voor

438 599 2024 186 alle voor vallende occesten in ue goede  de

443 691 1846 169 riet court sal nu ejndelijck ende dat sonder

433 765 2045 212 faute in weynige daegen volgen wenste ol geerre

458 863 1950 196 te vernemen oft ick dan eenige s packlaecken

470 946 1976 214 magh ontnden oft niet ende naer cordicelugre

484 1061 669 173 tenisse soo blijvee

1431 1103 671 202 24 februarij 1712

298 1188 745 208 Mons 2 debourt

437 1184 2028 238 Demuis ma derniere du 4 du court ie n'ayt aucune de cheres

471 1305 2018 161 vre a jourdhuy jay receu advis que le S a longeus at encor paye

483 1370 1993 157 2 demines scavoir le 5 et 6 payement de vos assignations portant

466 1447 1944 148 pr vre compte ensemble en argent court dhollande ƒ 785:10 je

469 1504 1962 176 dit ƒ985:10 et pr compte du S Jean philiph de marez aussij

472 1590 1941 163 2 termines portants ƒ1048:14 je dit ƒ 1048:14 anso argent

478 1662 1927 156 court dhollande a u je vs prie de luy commeisuus et vs

476 1744 1882 143 facant offre de mes services en touttes occasions je medit

1494 1809 786 191 25 februarr: 1722

227 1849 870 172 tournay &. watte camp

398 1920 1959 198 J'ay bien receu en son temps la tres chere vre du 31

334 2021 2116 237 fanvier dernier avec remise de £125 de aros argent de

431 2128 1999 173 change a charge le sBapt vander Eost dont i'ay

430 2238 2014 164 receu la valeur ef vousfait bon en compte il m'est

424 2341 2053 165 tres agreable de voir que v q me feraz honneur pr

420 2395 1983 187 le mois de may de veuir p. icy cet que vous aures

428 2506 2050 183 besoing d'un assortiment t croyez que trouveres prest

463 2597 1974 192 chalanoy tout ce qu'il vous faudra et que sione

430 2692 1995 176 manqueray pas a vous nien servir et alinst prin

434 2802 1978 169 n Amid, mais afin que ce la iroit irot de fondrois

432 2865 1975 179 de tout mon ceur geld sige auroit la bonte de me

426 2948 1982 190 envoycer de petits eschantillions tant pourles draps

441 3024 1930 200 dhommes noirset bleu et feenmey afin que ie

423 3112 2034 193 me pourvois gouverner pour la force de draps, calue

425 3205 1999 182 et couleures i'en ay r partie presse que ie n'ay

398 3318 2009 188 & la donner en tienture et vous trouverz de selle

398 3406 2017 187 maniere un assortiment aplaisin ie feray evirer

465 3485 1976 195 la presse dont me faitte mentions vous saluan

446 3591 1927 164 comme toutte vre chere famille die me dit du

481 3728 298 104 cour

2550 76 883 171 mons Jacques Masson

3791 60 953 167 Ady 26 februari 1712

2621 179 2166 131 J'ay bien receu lagreable vre du 21 du cour. avec remise

2640 280 2066 149 a charge la veufve jecomo de bret mayable le 18 du

2634 428 2109 122 court de 323 et 2y pattars pour compte de la maison

2663 535 2123 105 mortuaire donticay de charge le compte pour £131:8:6

2638 587 2032 165 J'ay de carisees bleu sans frise et ausig fuisez a vre

2639 676 2130 172 service. vous n'avez qua me commander comme

2666 773 2085 147 ausy pour tout ce quiil sioffre pour vre service

2667 878 2035 143 compme ie vous ay marque p. ma deretre

2654 972 2166 174 pour des draps bleu de apre voiey des eschantllens

2674 1074 2121 194 comme ausy de toutte aultre couleure dau resppard

2626 1208 2129 141 de draps de mainteau. d'an 12  a 313 comme vous

2676 1290 2080 139 les souhaittez i'en ay presentemens une partie

2689 1363 2113 169 en tieutiire envoyez moy seulement un petitmonsme

2661 1445 2090 198 pour vou la couleur et loyz parsua de que ie hraes

2658 1550 2117 183 quelque chose pour etrert en connossence de la

2602 1692 2201 174 maiere que vous en serez tres satisfait en attendanm

2655 1766 1765 167 ll honneur de vre responce le medit

2541 1867 755 160 Mons JP: desmarcs

3848 1878 633 177 23 febre 171

2622 1953 2177 176 pr reponce a la chere vre dher ie mes tonne que vs mede

2639 2056 2144 111 mandez de largent vs scavez comme vs sommes convonu

2658 2140 2169 129 pr ensemble et je ne pretend pas de changer de condition

2655 2209 2168 111 st vs souhaities de la marchandise aux occasions qu

2658 2285 2152 112 en pourrez avoir besoing cela est a vre service et ns tahe

2669 2352 2109 89 nons d'entretenir la connoissance et augmenter pre

2667 2420 2131 101 corpespondence v assurant que je vs senudray tres bain et

2664 2493 2123 121 bon marche et de vs crediteray come mes autres amis et

2641 2586 713 109 ser cela je me dit

3953 2580 635 177 27 febvrier 1712

2496 2645 751 204 Mons T. Caniot

2656 2707 2112 197 pr reponce a la chere vre du 20 du cout les drap que

2655 2815 2154 176 vs me commandez partent aiviardhuy pr la grace de dux

2636 2891 2159 154 pr brusselles dans un petit ballot narque EKE a l'addressa

2639 2971 2164 136 du S Je de pauuw a la faiste d'or au marche au graire a lon

2664 3040 2159 160 dinair ie luy recommander de l'expeditien cito possible

2648 3111 2161 133 et de le livrer au chartier dilhaye voyeg la factures portant

2666 3193 2123 179 de change £451:12 ¼ pr quille somme il vs plais a me

2662 3249 2168 148 crediter et me commander en touttes occasion je m'estonne

2678 3332 2146 206 que vs avez si neu choise d'un sivel cessortiment comcest le

2655 3410 2134 152 ballot dont vs avez la drap N160 pr le ps bleu com

2651 3461 2191 200 eschantillions jen auray pr la grace de Dieu tost une nour

2645 3552 2159 204 le partie je vs en pourroy alors envoyeer ume s iay presente

2671 3621 2110 173 ment ties jolie assortement et noir et bleu de tout prix ac

2665 3714 2096 128 regard du mix de draps. soyez, sers uaez qu je le vend
