5530 3887
611 43 2165 171 tabrigue magh wesen oock is het noch vayden et

627 129 2145 164 in de verve gesteken ende ick geloove het een refas

642 212 2151 195 is die ue nergens heeft weten te debiteren ick en sal

669 311 2115 157 niet meer risqueren om iets op ue woort te ontvei

609 398 2155 181 den want sulcke commenschappe en can mij

670 497 2106 162 niet dienen den voorman en is niet naer geen

650 586 2104 194 men om het gelt heeft mij op de borse coemen

662 707 2126 193 sprecken als hij vertrecken moest en toen en hadde

699 802 2086 162 ick den tijt niet om hem te connen accomoder

698 905 2091 235 hij heeft mij geseyt dat hij ue niet te men soude be

713 1021 2085 182 taelen gelijck niet en twijffele oft sal gedaen hebbe

719 1133 2077 169 ick salt hem dese weekke tot a 36 ½ betaelen weent

690 1258 2055 172 op dat 4 moet ten minsten 2 & mack wesen ick

705 1362 2009 204 sal hem tot £3 alsoo in ducatons ttegen ƒ3:3

691 1479 2060 159 betaelen tot ue governo maer int toeloemende en

682 1584 2104 191 doet mij sulcken slechten commanschapniet meer

701 1712 819 142 aen de hant blive

1824 1753 361 152 6 meert

556 1772 995 213 Gent J:B. de saedelaer

750 1853 2031 179 ue aengenaeme is mij het sijnen tijde wel geoor

621 1997 2156 144 de en gesien het gesondene sweert drap chome

722 2088 2060 170 ue wel was gewonden doch te laet gecoemen om

710 2183 2044 151 ue daer van te connen bedienen ick moete pate

717 2274 2057 131 entie hebbe want daer en was eerder geene occasie om

674 2368 2115 159 het ue te connen senden ick en twijffele niet oft ue sal

691 2445 2090 165 het wel met de n eersten connen vercoopen ende hop

715 2537 2052 136 datte dan met den vasten oock een eynde vande

723 2633 2060 180 restanten sal volgen als wanneer soo veel goethet

702 2734 2027 178 gelieft te hebben van dan mede van de restanten

695 2823 2035 144 rech van vercoop te senden om die pastyekens

719 2923 1986 171 te connen sluyten ick sal ue dan een schoon

698 3030 2079 191 sortimentie vans alderhande prijsens op nicceu

703 3130 2030 193 senden de geordonneerde £500 hebbe aen dh de

726 3223 2049 158 bie voors ue  getelt soo als niet tweijfele sal

706 3337 2076 147 ue geadvsseert hebben daertegens hebbe het briefken

719 3441 2070 139 van £400 court op amsterdam in getrocken tot 3

695 3524 2090 135 met dat met de courtagie salvo iusto de  prete mac

704 3618 2063 152 gelijckk ue mij dat gesonden heeft het is mij liet wegens het

675 3710 2070 77 verlies van soaffetun ue moeder hadt wilt haer sule beson

717 3776 2049 65 hertoh wesen ue neven de famillie wins chend den sal vester

2857 58 1309 114 Amsterdam Francois Rousseau

4489 72 574 120 6 meert 1716

2954 166 2149 125 euve aengenaeme van 23 pasate hebbe wel ontfange

2922 235 2199 135 tot antwert moctene segge dat het eene slochte negosie

2935 325 2184 117 is die geene proisie can uyt doen echte moeschi

2951 387 2155 188 een weynigh besngeyen ende voor de inlants he

2930 492 2191 116 brieven met ½ pret consenteren anders is ser geenand

2926 589 2214 142 del om te connen contineeren de £500 die ue mij

2948 713 2210 133 op brussel a ¼ 4 mijne avance geremitseert heeft

2923 784 2208 163 sijn op 8 deser vervallen ende die en can

2932 856 2200 127 als tot  schaede intrecken daer by gevoeght de

2942 937 2125 193 courtagie sire a 2 prt soo dat de patye on

2928 1060 2203 178 schaedelijck is d ue vaeder die miy van serte sijn

2919 1156 2170 171 dienst te merenteert heeft neme de libertit e

2938 1229 2219 226 oft te senden met verooek van de selve in te voordere

2945 1352 2104 190 coste ue daer op pagy op brusselle trecken onder my

2951 1451 2154 138 wederom op tijt remitteren om alsoo die schaede

2945 1548 2110 153 te voor coemen dot soude mij seer aen genaem wesen

2935 1652 2202 166 in dien gevallen sal hem versoecke ue ts

2963 1731 2186 142 voor mij reck te verheeen hebbe onder hem siren

2939 1867 2208 117 £700 en wat ue meer der van profijt voor comt als wan

2938 1937 2197 164 3000 can ue in miy trecken oft sal ue pr remit

4777 2029 309 83 or dor brief

2953 2028 2165 190 teren alsoo heden ter borse ¼ prt vilius gedaen

2947 2132 2137 182 is maer ue moet reckenee bujten antwerper het sy

2945 2268 2183 156 gent oft brussel ½ preto schaede voor londen hebbe

2953 2339 2170 187 alhus een partije af gegeven a  35 versaite a

2967 2454 2150 143 costie gen obeter avantagce coste les peuren of

2991 2569 1589 180 vachtende wat e sal efffectueeren

4079 2670 559 148 7 meert 1718

2847 2653 918 160 Brusselle t rousseau

2943 2754 2124 188 les 2 cheres du 2 et 6 court me sont bien parveue p

2957 2843 2112 167 la derniere remise du 2 du court a fous de datte sur

2967 2957 2111 162 le Sr Jacobus de Coninct de £150 dont jen procureray

2974 3063 2145 154 le requis et estant payee jen passeray lu valeur en

2960 3114 2166 142 compte vorus £651:3:4 en 4 lettres come au pied

2965 3184 2121 164 de cette qui je suis necessite de vs envoyeer de z

2968 3289 2093 134 vs avez les premieres com mons trancesco vre

2957 3392 2131 125 fils ma marque estant pay ce vs aurez la bonte

2963 3454 2109 109 de m'en crediter en compte et quant l'occasin

2971 3531 2104 96 se presen te que me puisiez remetfre au pair je vs

2953 3616 2109 103 prie de le faire je vs en au ay de l'obligation et

2977 3683 934 100 s de tout mon cour

2960 3753 2122 93 de la receptien je vs prie me donner u mes avic
