5498 3889
1136 58 720 145 168

738 119 1347 255 Ad Marorem De

867 315 1262 217 Desparcque oirginis

1224 529 475 241 Marie

885 669 1468 235 Monorem et Glorram

945 858 1113 281 Anno Donni

1313 1115 326 141 N13

493 1330 2111 289 gendt francj van Berghe Ady 4 Janu. 1713

643 1438 2090 222 ue laengenneme 22 gber laest hebbe hetsinen tijde

630 1574 2064 219 ontfange nu verneme soo van dh ininclrait als van

622 1654 2036 194 dft vermoelen dat ue paract is de crediteeren 12 p

650 1747 2070 208 geijt denlinge provisioncelijck te doen doch datte moct

655 1849 2053 211 gereckent worden het progect aen hem overgesondoe

645 1942 2041 155 ende voorders de ongenele wisselorieden ue moet

670 2072 1919 144 behandight worden het gene mij onmogelijck vs

650 2134 2038 190 voor soo veel ick van alles geene wes van beck

657 2225 2045 168 geteekent en hebbe mijn goet vinden volgens mijn

667 2320 2046 141 sboecken resteet in £787:17:1 soo als ick het sjnen

667 2423 2071 207 tijde aen ue hebbe over gebrockt waer van 12 pret

680 2522 2045 154 soude maecken de somme £95:14:10 mijne vraege

688 2624 2040 123 is oft ue die niet en houde betaelen op eene manuet

694 2702 2030 195 quitantie die ik aen dh baut sal sonder op rek

705 2803 1982 131 van mijne deayledelijcke goet vinden tot lasten das

678 2917 1916 170 selfs boedel van gelijcke cop quittantie van J163

664 2991 2010 144 Bosmans v pretentie van £328:3:8 aen ue

671 3079 2059 211 bescent a 14 p £83:7: 8 die het selfde mij versochtheeft

660 3163 2071 207 bidde mij met een lettet antwoort te verheeremente

671 3259 2001 204 ue nevens sijne fauillie wenschende allen tegen

666 3360 2024 229 en prospentijt in dit beyonnen nieuwe jaer met

672 3457 2025 192 veele volgende tot contentement en salighe t

642 3633 442 167 soo blijve

2801 46 838 159 Leuven Vnileppies Mys

4390 74 617 164 3 January 1713

2868 160 2261 126 In gevolge ue aengenaeme van 24 xber soo hebbe ue het

2930 258 2156 79 versochte van 2 bayen in soolleken met den boeden

2921 329 2176 117 Janssens het sijnen tijde afgesonden dat ue mijnen met

2905 415 2148 126 sij nen van 3 court adviseert ontfange te hebben met

2890 526 2144 109 het eyndegen ende het beginnin vant nuuwe jaer

2885 594 2226 170 hebbe soo veel occapatie dat vergeeten hadde ue den

2895 684 2233 191 prijs en factuertien te senden dat ue hier ingeslotte

2891 771 2214 210 heeft aenden voet deser soo haest wat tijt hebbe sal

2887 874 2141 179 uie sonder faute volgens versoene eene rek cout

2892 1003 2226 230 sonden mits dat ue superfijne blouwe carsey vreg

2916 1091 2213 233 en hebbe geen derven sinden want ick geene beetere

2926 1196 2125 229 soorde present en hebbe als ue gewoon is bij mij te

2942 1296 2127 217 vinden can ick ue daer mede dienst doen gelieft mij

2928 1401 2170 203 maer een letter te scven ende te ordonneeren

2926 1507 2193 198 voor het geene ue voorders magh noodigh hebben

2910 1614 2212 201 ick hebbe schoon gerief van alle goederen altimaed

2919 1711 2196 199 verschie packern ende ick sal oock met den eersten

2898 1823 2203 268 suparfijne eersejen hebben alhoe wel de goed

2895 1945 2138 230 op slaen soo stellen ue evenwel den baeye met

2905 2034 2118 225 meer dan ƒ30 den vieden getvast soo men van

2900 2153 2177 239 hollantvenent de goederen sullen op slaen en dier

2916 2227 2204 266 dernworden ende ue en can niet gualijck doen

2920 2335 2176 256 een weynigh provisie te coopen onde wat mesures

2884 2457 2178 228 naer advenant te nemen gelijck ick p avance

2902 2561 2229 278 gedaen hebbe ick wensche ue mevens ue beminde

2895 2678 1917 226 het salgh meuveraenen blijve voor altijss

4194 2764 723 173 2 danuay 1713

2769 2870 841 149 Mons Jaqs Masson

2853 2851 2252 252 J bun reccu les 2 cheres vres de 30 xber et 4 du court

2863 2966 2241 198 p la premiere une remise de ƒ300 de change achage

2870 3058 2221 202 le Sr Jaqus de Blives a cusence de veu que ls accepte

2884 3114 2216 180 en son temps estant payi je vs en passeray la vve

2861 3227 2203 182 leur en compte pr vre derniere vs mordonnez de 2s

2856 3290 2132 190 envoyeer 2  de bayes ce q jay fait p messager

2856 3395 2167 179 Jonaert jeady passe dans une relle marque L1H

2867 3497 2207 155 jespere gr vs l'aurez bien receu une fine baye aƒ40

2874 3561 2234 135 et ue bonne devinter a £45 en semble en aas

2902 3656 2206 107 de chance ƒ85 les meeniufartie ne hausferent en pres

2889 3713 2176 105 sais doute x et la paix lest facitte selon qpi on de

4486 3763 391 89 e et suis

3857 3779 468 69 noi welle a

2905 3788 661 64 je vs souhaitte ch
