5504 3887
594 76 2127 137 fanck advis te geven het laecken io N 109 - a 62¼ te

612 134 2136 181 vercoopen N 15 p  het isseer fijn carceure en van

621 246 900 175 goede wolle blijve

1883 292 545 163 13 Hebruuay

544 348 583 201 Gent J: Baut

641 404 2096 218 sien geerne by ue aengenaeme 11 courant ue de gout

641 579 2121 189 heyt sal hebben mijne gesondene quittantien in te

642 665 2016 149 voorderen doch ue en maeckt geene mentie van

659 768 2089 176 mijn briefken op  sicht op Dh J:B: Desaedola

665 868 2073 158 van £68:8:4 dat moet te men verhoegie ue wel is

681 978 2069 179 geworden soo niet hebt de goetheyt mij te adviseere

674 1080 2078 157 sal een seconde maecken ende ue toesenden blijv

530 1203 1995 164 Amsterdam Francois rousseau 13 februay

671 1357 2090 141 beyde ue aengenaeme van 27 past en 9 coust hebbe

690 1426 2068 141 wel ontfange met den laesten 2 remises van 25 januasy

690 1487 1999 179 & dato op gros en rema brussel als £300 en £200

693 1602 2025 143 te saemen £5a0 waer voor ue mij hadde gedebiteert

649 1670 2106 173 £496:5:6 eynde a ¼ mijnder avance hadde ick daer

707 1762 2050 205 bij eenige benificie te gemoet gesien soude mijdeere

695 1860 2062 224 gegeven hebben ue die op de eerste presentati te vraege

704 1959 2050 146 want ¼ ue provisie ¼ verlies sonder noch de coeertag

677 2077 2085 202 tenverval daege op brusselle en salder voor mg niet

690 2182 2027 188 overscheeten ick hebbe ue het geadverteert datter

712 2293 2032 179 geene brieven op brussel mender als 4 pmet verlies

680 2397 2058 170 sijn in te trecken mits het  nu soo is sal ick

673 2490 2033 177 patientie nemen de partje conform boecken ende

691 2590 2047 181 daer tegens ue tratos van £333:6:8 en £166:13:4 te

689 2716 2058 174 saemen £500 patiy op 2 a d dato getrocken promtroer

705 2811 2052 179 eeren verhoepende het selve in een ander sult inien

687 2918 2072 177 met specien afte sende en hebbe mij noyt wille be

695 3009 2001 153 moyen met de jonghste brieven van londen comt de

696 3103 2062 168 wissel wat gevaller ende men noteert  35:6 soo die

699 3215 2035 130 meer comtt te daelen sal ick een partije remisess

667 3291 2078 134 enne waerts noodigh hebben mij dienckt dat dat een ge

668 3405 2093 154 forccert werck is en niet en can blijven staen de wise

650 3516 2113 134 monteert ende de pablique sonsen tot londen Dael

685 3601 2070 111 het is mij leet te vernemen het affrerven van Dh. een

664 3680 2059 91 oom tot parys Godt wille sine iseele bernhersigh

670 3733 2050 108 wesen icts van ppoofijt voor vallende opsmulat e

2896 3 2251 189 van vadene  ien ene opence deelaentese

2853 59 1368 201 te maecker die van herte lijve

2801 165 2323 198 Rotterd. John vanderheyden Add 7 sebru 1713

2925 336 2170 143 ue aengenaame van ban 1 abes saest ende 27

2918 418 2188 186 past vinde te beantwoorden in gevolge de eerste

2925 524 2112 166 hebbe de twee laeste packen het sijnen tijde

2944 648 2139 157 becoemen ende ue voor d'oncosten gecrediteert

2960 776 2102 123 ƒ141: & ue tweeden sendt ue my mijne

2923 846 2093 152 Reken Icourant: ingesloeten remitteere ue

2968 972 1977 120 op schraven hage ƒ488:- hollants courant

2951 1054 2181 191 op dh Pesident hoeff dat mijn vriendt schrijft

2942 1190 2193 185 prompt te sullen worden betaelt. ick wensche

2923 1292 2184 190 t ue sallen seghen en voorspoet in ue ingetreden

2949 1418 877 143 comp en blijve

4253 1514 467 158 14 Jbrunoy

2850 1521 1165 184 Brusselle Anthoine rousseau

2955 1623 2181 158 come ils a peu d'argent presentenent ser bruxelle

2958 1708 2133 166 et qui l'on ne se pie de faire des lettres moins dun

2940 1813 2164 143 fa5 de perte jespere que n me refuserez pas la

2901 1901 2210 162 grace de faire recevoir la valeu de 2 petitez re

2919 1996 2207 135 mises cy incluses 500 sur mad: la veu ve vander

2920 2074 2196 161 Borght et £300 a fous de veux sie le 1 faneois van

2922 2146 2176 189 den hk je vs en auray de l'obligation et ausoe

2953 2249 2127 158 casions vs me ferez plaises a me vouloir honnorer

2918 2359 2170 149 de vos commendements que suis com toutte vre chere

2911 2465 369 156 Aanille

4315 2490 488 176 15 Jebrugey

2857 2533 894 159 halle N: vanden berge

2929 2574 2162 160 ue aengenaeme 13 xber. laest ende van 12 deser hebbe ick

2906 2725 2242 104 wel ontfange en faute van materie en hebbe ue in soo lanse

2930 2810 2136 137 niet geschreven nesordonneert ue mij provisioncelijck

2954 2893 2182 142 te doen iervenss blous en een peerle couleur caer sy ende

2948 2980 2170 159 advoiseert dat  ue beminde int begensel van den vaste

2962 3065 2156 139 taet over te coemen sal haer met plaiser afwachten

2938 3132 2182 166 dogh sij en magh niet doen gelijck de gepasseerderyse

2878 3200 2219 147 maer moet recht ten mijnen huysescoe men logeren

2961 3310 2124 111 ick hebbe schoon genet en versch sortiment vor al

2964 3393 2167 155 derhande goederen mae die sijn sedert eenige maendi

2956 3502 2076 130 merckelijck op geslaegen in prijs en sullen noch

2961 3569 2084 97 meer op slaen soo den vreden gedaen is daer niet meen

2961 3653 2174 123 aen getwijfelt en wort mis te naen de goederen d

2969 3731 2158 116 goeden coop geeregen hebben ende die bij mij hebbe gehadt
