5650 3895
728 61 2176 111 daer van acceptate te willen beoorge en ue

751 113 2164 189 selve mij weder te senden tot mijn vewonderen

769 210 2134 173 ge daer van niet vernoemen ick en dene

812 288 2093 193 niet ditto mijnen brief int ongereet sal

817 396 2109 212 wesen geraeckt bidde het sasver van een

863 505 1131 214 leten antwort en blijve

2132 554 527 208 21 sber 1713

2710 620 163 122 A po

709 622 1071 189 Rotterdam Diouiys verburs

877 694 2029 192 In gevolge ue aende naeme van 15 deser sooo hebbe

842 781 1961 192 het packuyt george bilbey p adam bortolap

846 899 2023 221 godt doenck, wel ontfangen noopende het segies

839 958 2077 194 tarcood het sij voor de lenghde als voor de weerde

862 1053 2036 203 en bestaet maer in chelapes ende het is eene

859 1138 2067 217 schandi dat men in hollant permetteert soode

868 1272 2062 195 necotie te verdreghen ende een coopmanvan

863 1346 2049 235 sijn goet te frustreeren ende dat wegens een

887 1439 2027 213 trchse soor recht wat valt daer daer veel over

884 1539 2004 254 te pleyten ick en pretendiere geene forme

872 1627 2027 229 van procedure en can ue by dheeren van

871 1732 2049 244 de reueringe soo veel met reden niet oftee

867 1841 2052 212 ren ende claes doen sien wat onrecht mijn ott

886 1951 2030 217 aengedaen en op die forme geastitie becoemen

899 2058 2005 251 en eijnde van saecke erlange oft wel bij de

878 2184 2020 183 commissen het selve met een van atelle af

887 2271 2011 203 maecken soo moet men patientienemen

895 2407 2013 180 daerom laet mij pasetief het een oft het

921 2507 2009 170 honder weeten want dat in geen 3 maenden

947 2608 1986 227 geoven en wort en sal in jaeren en daegen

945 2702 1981 210 niet connen geaffecraeert worden en can

929 2820 1984 195 ick nie het goet heet becoemen daer ick het

910 2893 2013 257 ne can debiteeren met den stecen en het

911 3013 2009 244 daisoen wat sal het den naer dat e wes

948 3117 1964 233 dan bedorve waeren wat het gaetanders

944 3247 1948 234 met de manufacturen als andere com

935 3343 1986 245 mantchappen daerom recommandeere

921 3444 2013 213 ue de saecke omstelijck want ick verliest

901 3561 2021 225 myne patientie ick verwachte een pack

881 3671 1975 166 op het schep d'expedition schipper

3004 61 2257 155 henrj vander en op ven london het selve aiveeren

2995 112 2189 178 dis door godts heelne bidde mij te adviseeren

3038 207 2235 225 als oock oft ick het ander sal connen becoemen

3057 334 2175 246 oft niet en soo blijve naer mensaeme goet u

4473 453 668 168 21 sbre 71713

2953 478 960 219 Mons Ai Jallopen

3047 566 2209 258 se vinne de recevoir la chere vre dee 19 de

3045 712 2188 235 court p ou vs m'ordonnez vs envoyeerendrp

3058 796 2160 251 brun conform a vre eschantillion le queluy

3072 905 2154 225 esttoit point ce poner quoy ie me trouve oblige

3086 1010 2133 234 vs escrere celle cy affin que me l'envose

3095 1129 2098 234 cite jen ay receu 2 nouveaux ballotet

3078 1224 2144 256 vs aurez de tres beaux draps mas ils ont

3088 1334 2154 222 d'un eseu 4 a moins que vs vs voeleson

3120 1445 2018 222 tenter de sorte commienne dont je seray

3104 1567 2034 206 attendant vre responce sil y a quil

3126 1681 2041 197 chose d'autre commander le moy en mes

3101 1804 2085 248 temps et vs sereztres bien serve car ja pre

3106 1911 2088 205 sentement de tres belles marchandise pr

3095 2024 2093 197 vre serinceau resgard de ƒ400 quis savez

3108 2133 2056 251 prest pr moy je vs prie me les faire tenir

3078 2240 2095 250 pr vre remise les ceetres en scavent bien

3087 2360 2125 242 trouver et p icy il ny a point occasion

3080 2492 2129 196 en since rete pr pouvoirtirer attendant

3097 2651 550 187 pe me dit

2976 2733 2086 238 Brussel henry de Pauw Ady 22 sber

3030 2881 2107 212 hebbe ue woonsdagh avont tp Beurt schis

3022 3007 2187 186 geconsigneert twee paxheht het eene gemerckt

2967 3165 2211 161 T£1 en voor rehenise van Jacques Joseh matson

3040 3244 2045 177 iot Berghen het ander t voor rekene

3017 3357 2095 177 Mons Anthoine De toust oock tot Berghen

3032 3463 2141 191 en twijfele niet oft de selve sijn voor nu wel

3037 3568 2150 170 glarveer bidde datter geen tijdt magh

2993 3699 2017 117 versuymt worden op dat die selve cit

5269 2297 69 69 donf

5321 2064 72 100 1d

5255 99 147 142 e

5342 719 73 74 11d

5375 738 105 130 t

5334 794 192 127 114

5274 898 238 115 ns

5273 979 69 118 A

5390 1128 80 76 Luje

5249 1093 175 167 dui

5332 1227 118 114 ƒ24
