5409 3889
591 38 2165 124 aengenoeeme te become dat niet geweest in is can n

610 103 2119 159 sehieden ick versoekere ue dat ick prisent soo de hoome

601 174 2157 194 sortement van alderhande gorderen by een hebben uls

605 253 2147 195 men met aagen sier can soo meve mode cul

605 334 2124 238 praindite laeckens als geperste van ulderhandr

622 469 2134 172 sourte en prijsen o supersijne bayen

632 531 2070 209 volchester en deventer bayen sraire syne

643 650 2125 240 bayon & 40  48 a 50 en voorders alderhande

677 741 2086 257 gerief galtijt tot ue dinste als de occase presen

674 843 2033 212 teert hebbe gisteren op ue getrocken &25 wiss

682 947 2046 217 en assignatie te betaelen aen h peeter

679 1044 2048 232 van soch op eenige daege naer ue comoditit

669 1170 2086 245 gelieft te verheere en naer cordiuele grocte

683 1337 463 132 soo blijvvee

1841 1349 544 157 27 sber 1712

499 1407 1026 174 Brusselle henry de pacen

695 1455 2065 235 op gristeren hebbe ue p beutschip paddresseert

685 1603 2074 186 packen als een emerck N  pr ordre ande voir c

698 1693 2056 162 van mons incolus de hautien het andee gemens

693 1829 2028 116 TyM p ordre en voor ne van ims 9:81 maille

699 1904 2050 172 de dap berge aen hier voort te sende bijde met

698 1986 2061 165 den voopvan Gailliam  watteer daer niet ue

706 2128 2061 147 en gelief te manceeren de vrinde claegen seer dat

739 2203 2006 131 den goederen soo tragh geexpediert worden ende soo

730 2285 2019 187 lanck blijve ligge bidde vrindebij van deaen wet

713 2393 2034 185 sorge voorste draege indt usch mij vers bligeve

724 2504 419 148 die blijve

1937 2574 424 127 29 sber 1712

508 2556 847 187 haet Josepth Daulmerie

630 2658 2127 159 pr reponce a la chere vre du 25 du court le draps des paque

625 2781 2133 106 N4 n'est pas moins q a 58 pattars je vs en ay marque le des

619 2869 2138 128 ner prix mesme pr l'avener vs n'en aurez plus a e pr

633 2940 2130 138 si vs estus icy ie vs fervis voir de toutte sorte de couleur

615 3004 2130 162 il est impossible vs pouvoir satisfaire pr l'onvoy ce des

627 3106 2114 140 eschan tillions car jen ay trop grosse quandite ja au

625 3212 2142 134 encor le frere du diop noir mais je ne vende  pr ise

612 3284 2141 118 vs le souhaittes je vs le vendrra au mes me prex quoly

596 3363 2168 152 q le draps sont en cherie d'un eschellen au moins pr

619 3467 2135 128 aune jattendray l'honneur de vre reponce et quant il vs

605 3545 2161 154 plaiste me venir voir croyez q je ne manquray jamais

621 3635 2150 148 a vs bien servir et a just prix asant un as sartimest

576 3705 2191 132 de touttes de marchandise si jolie q poiuvez a voir veu

622 3779 913 53 de v

4801 61 216 80 1212

3083 42 192 106 dtty

2835 51 1845 193 Rotters ohu van de heyden 31 xber

2914 172 2111 183 sien bij ue van 25 cour mijne remise ƒ350 op

2891 303 2177 180 Amsterdam ue wel wat geworden: hebbe gisteren

2928 413 2105 174 van London advies becoemen dat schippersames

2919 512 2164 170 lask alle daeghen stont te seylen en twijfele niet

2925 621 2139 192 oft hij sal met Godts aratie salvo wesen. hebbe

2930 738 2177 140 in hem een paxke o 14 inhoudende 14 ¼ laekens

2882 835 2219 183 in de wolle geverft ende op de spaetsch maniere

2926 959 2019 180 gemachtop a 45 ider weert ste £160:13:9

2922 1085 2094 164 gelieft mij van sijn arrivemente advies te geven

2910 1171 2067 191 endde het paxke soo haest moogelijck dan te

2898 1336 2125 109 depercheeren: de vras persont 2 cottont die

2920 1392 2031 174 niet en betaelen: met de hul schepen sal

2911 1502 2163 169 mede eenigh int rest hebben die iuigelijckx alle

2883 1616 2036 156 daeghen staen over te coemen: groete ue

2824 1711 670 167 en blijve

4341 1804 468 125 3 gber 1712

2863 1803 1126 165 Tterdam John vander heyden

2878 1861 2226 138 tot antwoort op ue aengenaeme van 1 deser met samuele

2888 1970 2238 131 hall die van hulls Godt danck salvo is hebbe een pack

2912 2068 2183 120 N29 met 51 doggentiens op a 18 ider gereduceert to

2924 2171 2100 119 N 6:7:3 en 4 carseyen vrappers die mite betaelen

2919 2206 2208 189 gelieft het selfde pack soo haest moogelijck m toe

2936 2288 2189 135 te senden ende de oncoste toch op nases te te mene

2921 2389 2198 166 geeren wilkin son sal van hull met Godts gratie

2951 2490 2172 131 eerst dagh oock hooren op te scheeten gelieft mij daer

2919 2554 2206 129 tijdelijck van advis te geven verhoepe tegens saterdrijten

2905 2683 2189 112 het arrivement ran James lasch van london met

2913 2766 1578 148 oodts hulne te vernemen en blijve

4259 2855 485 131 3 gber1712

2832 2854 1301 133 Brusselle francois vanden hece

2895 2972 2224 89 Ick hebbe het sijnen tijde wel ontfange en 2 aengenaeme van

2891 3023 2230 150 12 en 30 pass het is mij het dat de stijden soo slecht sijn ende

2886 3114 2222 137 te verneme dat ue in 13 a 14 maenden in utweren

2874 3222 2216 122 niet geweest en tr. ick verhoegpe met godts asparie

2875 3312 2200 137 dat het eyndelyes met den aenstaenden vrede lefens

2893 3397 2200 139 sal veranderen en beteeren als de occasie voervalt

2888 3505 2202 100 soo houde ick mij gerecommandeert en weest versa

2822 3556 2232 148 kert dat ue patij altijdts schoon sortement sal

2889 3685 2178 103 vinden ende dat ick ue civiel sal bedienen ende oft

2871 3747 2031 89 het albeurde datue eenige witter provisie als
