5650 3895
795 86 2100 110 a la fen je ne  m eapechez a vs ades

808 122 2126 201 ser celle cy p inclination que jay prentre

845 248 2088 170 terier et augmenter nre connis sa et

866 362 2018 205 corpespondance vs asseurant q ioy le

880 443 2028 202 plus jole assortiment de toutte loite

915 542 1976 176 de marchandises d'angletere  paes

883 655 2041 202 siez ganais avoir vele et qui je ne mon

911 744 1971 269 qusa pas a vs servir a racsonnable

954 836 1978 241 prix il est vray q les marchandise

927 963 2027 223 sont augmentie en pres mais elle

956 1077 1992 229 augmen teront encor et pirle present

940 1189 1954 260 & suis en est at pr vs servir encor a

936 1280 1994 239 bon marché d'autant q jayt eu

853 1392 2045 264 i bonne provision ie vs enteray par

936 1509 1976 280 tixipant sil vs plaest et je tache

957 1632 1974 257 ray a vs rendre content en toubee

941 1751 1879 267 que pourrez avoir besoing pr

952 1859 2013 243 j'evoir beson prient d'avoinen peu

958 1957 51 73 R

964 1989 1984 193 de consideration et me vouloir sou

948 2093 1845 242 lager de quelq remise je me dit

2278 2250 528 135 5 sber 1713

776 2273 1133 217 Rotterdam D Vouys verburgh

939 2368 1981 161 scken wete niet wat wille dencke dat ick mij sonder

986 2479 1909 160 d'eere van ue aenwort vinden op den mijnere

979 2577 1957 179 van 28 passato hebte noch al oencondres gehadt

964 2675 1998 196 maer die gelijcke en is mj mijn lever niet weder

965 2765 1998 205 vaeren ick seggens ue andermael dat ick ten hoot

958 2871 1947 207 sten verlegen staen dat ick partije van  die

945 2982 2017 156 laeckens op de staelen vercocht hebte ende me

962 3080 1987 184 te leveren daerom laet mij ten minsten wete

975 3204 1979 155 waer naer ick mijne mesuremoete nemet

977 3301 1924 147 isser niets aen te doen het sy door re mon

957 3409 2005 187 streringe oft midiel van accort soo behoorde

979 3506 1962 206 de eyndelijck vornisse van confiocatiete

993 3611 1956 199 coemen ofte te wesen maer op soo eene

915 3712 2067 138 maniere te geeren ende een coop main van

3068 62 2175 156 sijne te frastreeren is ongehoort ick bidde ue

3082 150 2157 193 beeter een eynde toch van geecktworden

3080 301 2144 114 want die laeckens sullen tot niet coemen ed

3099 375 2192 176 aen niemant naer dat um profijtigh wesen

3089 504 2155 210 sserreden plaetschate geven eetse vrij ge

3108 635 2050 190 maeckt worden aftwel een accortm

3120 745 2094 188 middelinge geproponert worden ben

3117 859 2172 212 verwondert van ue geenstijdinge te hebben

3131 985 2134 208 van henonck vander crop van london

3117 1144 2129 204 nochte van p wilken sonen jonathom

3136 1257 2123 194 bagwell van hull in ade der salve hebb

3144 1418 2104 205 een baele ende die schopernstonden te

3125 1499 2090 197 vertrecken oock as den wint sedert av

3143 1635 2066 206 rbel geweest ick de selve venemend

3154 1725 1992 251 ofte vernoemen hebbende bidde ne

3124 1875 1987 197 naer te laden advisse geven die im

3096 2037 756 200 aeste blijve

4535 2203 462 138 5 sber 1713

3012 2155 1337 224 Amsterdam Francois Rousseau

3120 2276 2026 205 2 deser was aen ue mijnen laesten met remiss

3130 2369 2091 205 uls £389:11:8 op agelaer a cost selven daghen

3133 2490 1993 196 vallende ende door mij qualycke gert op

3134 2583 2074 230 ende £96:14:7 op cavalier en freres welck

3129 2698 2076 228 verhoepe ue wel sullen sijn bj ter hant ge

3122 2793 2126 190 coemen ende waer van ue de weerdee sal hebb

3117 2908 2106 215 ben ontfangen sedert becoeme ue geeerde

3116 3004 2029 166 van selven dato waer bij ue mij adviseert

3111 3094 2130 207 te hebben in ue selve getrocken voor igne

3104 3207 2001 199 reck op J: ue moeder tot brussel £150

3112 3316 2061 210 tot & mijn schaede sal vavervolgens

3118 3433 1979 176 debiteeren voor £148:6:8 maer dat is

3125 3517 2025 219 buyten mijn ordre ende schelt te veel

3149 3635 1989 179 vertrouen dat ue accasie sa vinde

5295 80 91 144 dy

5283 1077 144 186 16

5327 1238 116 100 d Jny 1

5386 2818 104 134 on

5385 2943 79 142 t

5404 1123 61 84 e

5416 787 93 138 uy
