5334 3889
532 41 2113 149 schep doen ende soo doende soude de occasie

550 156 2152 159 vant saterdagh wederom wel passeeren: bidde ue

585 255 2089 202 gelieft een lester te antwoorden om te weten

583 325 2002 185 wat ick doenoft laeten moete het welck

582 438 1789 163 verwaghtende blijve in alle occasien

1762 508 589 152 „20 augusty 1782

448 557 869 138 Brusselle hendriet de cere

576 548 2147 212 verhoepe ue wel vaeren ende gesontheyt als oock die van s: uemoede

578 698 2085 145 die ick van herte salveren ick moete de libertyt nemen om ue

594 801 2101 152 advis te vraegen onderraet tevolgen oft ick s rombout molle

561 847 2164 167 mans voor ƒ1000 soude moegen creditiren ick en ht te

560 951 2094 143 in lange met hem niet gedaen ende  is hij

575 1037 2116 176 geweest ende heeft een partijcken uyt gujt ende mij daer

571 1107 2066 158 voor gepresenteert briefeens te reekenen op 6 8819

567 1190 2143 162 usos doch ick en sal dat niet accepteren oft het goet

563 1299 2121 155 afsenden voor al eer ick ue ae vi dien vangaende hebbe

561 1377 2130 184 becoemen ie terplaetsersijnde as beeter geinformeart

563 1464 2068 140 van de suffesantie ende condite vant volge ende

572 1577 2136 156 over sulckx sal ue mij groot plaisser doen sijn sintim

557 1648 2062 172 sientaer te maecker dat tot entwort tegemoet sen een

572 1733 2097 183 het geschieden bidde mij tegens maendagh te antworden

588 1826 2100 208 want met den heylest dagh soo salt beurtschep di nsdoegh

583 1931 2139 174 en plaetse van woondagh laeden angevallen ick hem

558 2011 2075 177 magh crediteren soo moet die goederen noch op can

593 2101 2087 173 anders naem passeeren ende consignere worden

586 2201 2107 165 als ue besent is dat bidde te e secreteeren ende aen me

580 2290 2107 201 mans daer van kannesse te geven het versochte af

573 2420 1401 140 wachtende blijve n alle occasien

1669 2463 654 181 20 au gusty 1712

504 2517 811 152 nalle N vanden bergen

577 2573 2071 152 het is mij leet geweest te sien door den brief van  ue

579 2674 2145 141 beminde geschreven in dato 3 deser dat ue door het are

564 2733 2089 173 eyn geomadeert was ick verhoope het voor e

564 2810 2157 189 wesen gepasseert dat ue tot voorige gesontheyt sal s

547 2906 2104 159 heestelt waer van ue ende syne famillie voor log

571 2982 2052 208 gaeren de continccatie wensche tot contentement

572 3066 2097 193 en saligheyt het geverft goet is met dir serges voote

585 3140 2092 183 woons dagh op gepackt in een pack gemerckt ND

577 3251 2028 158 scheep gedaen ende geconsigneert aen dh grimberss

576 3311 2149 158 a t'ordenain verkoepe dat ue het selfde voor

565 3401 2157 151 deser sal hebben becoemen ende tot conten te mons. sat

564 3493 2162 178 hebben bewonder want het is alles schoon goet ender

577 3582 2126 156 wel gecondationeert de facture heeft ue heer

575 3661 2078 171 bedraegende en wissclaende ƒ425:12 waer voor mijne

2886 11 2200 149 gelieft te rdeserne mand e  disereee blde

2880 105 2212 146 noch sortiment voor den winter van geverfde goederen

2860 191 2212 136 sal manteren ende mij  te adviseeren en want

2836 284 2173 124 het sacsoen begent al wat te avann ende oste

2851 365 2220 151 gaen de versche goederen sijn goet danck alles in ssal

2858 458 2156 120 lant nee gearriveert en tusschen dit est  sal alles

2877 541 2120 138 hier wesen soo dat ick sortiment jn abondantie sal

2852 639 2148 159 hebben ende ue van alles naer wen ich sal connen

2861 736 2163 213 gerieven als u en ue deminde nu maer en gelieft

2872 850 2192 155 over te coemen. maer alieden en moogen niet mee

2854 958 2243 161 doen als de voor ledene rijse maer sonder manhement

2850 1074 2215 150 ue logement ter mijnen huyse coemen nemen

2859 1182 2016 178 dat altijdts tot e en sidue familie dienst

2843 1308 2063 192 gereet staet  albesaemen uevens mijne

2858 1408 1516 194 huysvrouwe groetende blijve

2782 1535 790 196 drussel Jan Jacops

3836 1522 1123 207 Ady 21 Araust 1712

2847 1663 2082 185 ben verwondert, ue laest hier sijnde my deere niet

2868 1790 2084 170 eens aen gedaen hebt van naer te passienen. soude

2876 1884 2131 177 geerne de oude kennisse onderhouden waer toe ue

2830 1999 2004 141 in alle voorvalen mijn dienst presenteere de

2833 2098 2126 131 resteerende helft vant pack carseyen sijnde noch

2850 2228 2051 111 tavee en taghentigh slonden, aeht schellingen vier

2849 2301 2201 147 grooten vlaems wisselgelde dico £82:8:4 hebbe op

2837 2440 2148 142 ue getrocken in brief van 17 deser op  d sicht te

2836 2552 2182 118 betaelen aen d'ordre van den herwer heere michiel

2853 2638 2140 157 van der Borght provisor van het cloosser van

2861 2752 2170 110 groenendael die de goetheyt gelieft te hebben van

2828 2834 2164 130 te verheeren ende ue sal mij verobligeeren. daer

2829 2959 2145 114 is mijnen bereyders wedue Pauly die my casuell

2844 3039 2018 175 geseyt heeft verwondert te sijn naer dat sij soo

2818 3181 2195 100 meengimael geschreven heeft geen antwoort te

2815 3270 2184 161 becoemen oveer de somme van ƒ173:15 wisselgelde

2796 3359 2207 170 die Paulij haeven man voor ue heeft verschoeten

2829 3482 2117 148 ende gelijck het met dien stiel tegenwoordich seer

2793 3576 2173 134 leant is ende die menschen al werck hebben oen

2809 3679 1998 167 eerlijck door de weerels te connen geraeken
