5661 3880
683 78 2147 173 tu dato 26 tpril in gevolge mijne quistantie

718 160 2110 154 hem daer van medegegeven. ne me delibertijdt

710 288 2065 156 op ue te trecken ƒ 350:- wisselgelde aen sondre

712 325 2158 262 te wed Anjour Rousseau bidde soo veel goenet

726 474 2077 213 te hebben van die te verheeren in gevalle een

744 598 2124 183 van ue dienst voorvalt ue can staet maesken

733 742 2046 183 dat ge ue leven noyt schoonder soriment

756 819 2098 250 gesien en cont hebben als ick tegen woordigh

767 914 2092 208 verseh ontfangen hebbe van alle soorsen van

765 1073 1974 182 mannf beturen soo laekens als winter

767 1158 2073 231 goederen sal in alle occasien mijn devoir

775 1281 2074 225 doen om ue wel en eiviel te bedienen waer

760 1411 2090 201 op cont staet machenende dat blijve van

734 1598 414 160 merten

638 1592 2128 267 Brussel Jan Bapt Beydaels Ady 17 Junii171

775 1724 2012 236 ick verkoecte ue goede gesommyden als mede

762 1881 2060 194 van ue beminde waer van ue te saemen men

753 1972 2044 218 alle prosperiteydt de continuatie wensche

792 2088 2008 234 geljck ue mondelingh geseydt hebbe dat ick nu

755 2232 2114 162 en dan het mine vrinden met commoditeyde

772 2292 2082 233 vrecke naer advenandt ick penningen noodigh

781 2425 2073 208 hebbe soo neyme bij dese occasie de liberteyde

774 2548 2071 165 op ue voor ƒ 300:- wisselgelde te betaelen aen

771 2687 2048 176 d'ordre de wed. Anthonij Rousseau dieop

784 2767 2050 167 eenige daeghen naer ue commoditeyt gelieft

793 2862 1936 194 telverheeren. ue sal mij verobligeeren

812 2960 1963 229 ick en twijfele niet oft ue sal int contal

800 3089 2052 182 eens overcoemen tot dien eynde presentaere

812 3206 2035 196 ue mijn dienst en laete ue wijet en als dat

817 3336 2040 192 ick eesne considerabele partje versche goederen

791 3425 2074 160 oock schoone winter provisie hebbe becoemen

802 3563 2043 174 voort gene dat tot ue dienst magh voorvallen

791 3715 1986 100 weest versekert dat ick alles sal doen wat

2995 59 2119 147 111 1N2y14 maght is ops ue naer ue  me

2999 158 2194 157 en tot esvilen prijs tebedieneer die blijve van herte

4483 301 385 172 19 guury

2975 282 1162 192 Brusselle Ppeter van Jock

3037 360 2181 226 ue aengenaeme van 13 cout hebbe wel ontfange

3035 521 2162 130 met temes van ƒ1342:2 ioeert gelde op Dh Jan

3046 616 2074 157 cors reviers tot brugge geaccepteert door de

3025 701 2114 197 seve van d2 court p3 naende wae voor ue

3010 814 2135 212 conform af 2½ prexs gecreditert hebbe

3045 920 2054 187 ƒ1121:12 ½ wes: gelijck buyten ansverper

3059 1029 2084 225 wgnige persoonen kenne soo vertrouwe ue

3066 1128 2078 241 geen brieven als van satisfactie sal aen

3047 1251 2158 176 veerden waer van ue vooreoemende sali

3038 1356 2173 196 veroblegeeren de selve te wille senden can

3062 1488 2128 172 ue meest altijts remitteeren dat sedert cor

3078 1557 2068 237 ijough gedaen hebbe om dat ue mij niet

3049 1674 2159 189 en conde remitteeren ingesloeten een brief

3051 1816 2080 221 sen morgen te betaelen door mons J:B

3063 1955 2101 184 alexe van ƒ 161:17½ west waer voor ugele

3044 2031 2156 199 ve het noodigh te besorgen en mij te crediter

3062 2140 2144 199 het is wegens lijfrenten dat ue hebbe geschre

3056 2283 2042 197 ven die men seght dat voor het voltrecken

3054 2377 2117 206 van st: necolas toeren soeude op genoemen

3063 2501 2124 147 worden isser voorders emplose tot entrente

3066 2618 2113 183 als fond goet is en seeffisant ue sal mij verale

3045 2723 2117 210 geeren daer ven mede paert te geven sel ue

3037 2834 2132 235 vanlicht wesen die ingelijckx in allio

3033 2945 2024 198 sien sal thoonen te wesen van heten

2938 3082 1786 194 Brusselle la veufve asseau 20 juin

3023 3187 2149 185 Jay l'honneur de ca vre du 50 du cout comil

3035 3270 2086 180 ny a point moyen a neyotier des lettres seir

3049 3352 2123 155 brusselles sans perte je me trouve oblige a vs

3053 3424 2155 161 envoyeer les incluses £100 sur les Joseph vewid

3046 3553 2099 117 £100 sur mad sanssens £50 seir le Sr francois

3067 3595 2018 169 van den hecke £50 seer le S Jean haegens

3037 3691 2168 115 £50 sur le S Jean beyoals at £34:13:4 seer le
