5650 3895
821 44 2072 144 moogen voortgevaeken en aen de principalle

842 169 2059 178 behandight worden dat ue sseer recomman

814 259 1099 174 deeren en blijve

2085 355 629 161 28 sber 1713

694 366 1083 213 halle dr vaoden bergens

828 437 2089 243 Ick hebbe ue aengenaeme van 19 deservel ant

820 567 1999 227 fangen ick vraege eexcsie dat de facture niet

837 625 2084 194 eerder hebbe gesonden ick hebben soo veel werck

857 715 2057 235 en coopleeden ghedt dat niet en hebbe geweeten

864 804 2036 212 waer eerst tegennen ick verhoepe dat ue

874 936 2011 229 gelijck goet vetier heeft den bloiunwen ca

872 1020 2042 203 seij sal gereet wesen tegens dat si ue bemende

866 1145 1989 232 sal gelleven over te coemen maeme en

886 1229 2032 222 hooh mijn huys niet voor bij gae maer

891 1322 2016 237 als oliet tot mijnent coemen ue ges

897 1424 2025 266 men Ick hebbe met allen mijn hebte genent

875 1535 2049 233 van ue herteljck noodingie te profeteer

909 1632 2017 235 en mij diere begeven van ue te coemen be

913 1744 2004 235 socken maer het is ons in aencer

884 1850 1983 265 moogelijck geweest doch het sal evoor

919 1962 1990 213 een ander oocasie dienen dat ick ue beloove

913 2072 2016 262 heeft ue voor den winter noch eenige geverfde

902 2185 2022 256 goederen noodighe soo bidde mij ht te laeten

872 2285 1979 205 weten want het io mier danitijt ende na

903 2412 1963 219 alle waers hij neeyckhey sulder desen winter

905 2521 2001 213 groeden aftrel wesen ick wille ue wel seggen

889 2630 2042 180 nat ick niet en geloove dat ue sijn leven schad

915 2742 2006 227 oce beter goet inne huysgche t heeft al die

929 2857 1974 172 ick ue nu hebbe gesonden waer van hier en

946 2956 1972 206 gesloeten facture bedraeghen en wesselgele

895 3053 1994 209 waer voerens mij gelieft te crediteeren i

914 3168 1947 210 hebbe de carsigen vande de fijn foortens

908 3275 1987 163 heert 2s vercoght ende de len oock alte

913 3391 2016 205 mae meer den dan ick ue die in eck brengen

888 3498 2005 163 ick dincke datter al eenen partje laetens

883 3617 2021 175 tot iedienste sullen noodigh sijn ick hebbe

860 3717 2019 122 seer schoonen keock goet gecregen ende niet

2976 77 2249 126 teppstaende dat alles merckelijck die de is gelijck

3010 130 2227 197 ue wel bekent is ende diseer uint eyt vercoopen

3005 224 2183 206 sijne k naeradvenant moet maeken want

3011 337 2195 219 de goederen die ue bij ue heft sin s goet als

3009 451 2238 214 die ue maet cooper soo sal desniete perstae

3021 602 2196 161 ue deviel vedienen  in alle oecaien die

3029 713 2215 244 blijve neevns oin hey vrou caer si e

3038 821 1896 272 onira en: ee dochter  herten

2979 961 2141 261 Amsterdam Fran. Rousseau Ady 25 sber 1713

3026 1110 2129 245 mijnen laesten was op ue cour die verhoepe

3032 1260 2187 223 ue wel sal sijn geworden sedert soude enge

3038 1386 2106 206 van ue mij altijdts aengenaeme dogh van

3025 1533 2156 193 andere vernemende te sijn tot  betrocken

2996 1635 2220 237 ende dat hier selfs onder de  niet te doen enis

3012 1761 2034 238 soo denche meerdere advantagie langhs

3025 1884 2068 194 costij als met afgeven te becoemen is soo

3007 2032 2121 146 bidde dat te willen waernemen ende cant

3014 2138 2169 205 sijn tot p auyterlijck ½ te willen trecken

3017 2273 2085 179 voor mijne reseer 5 a £600:- ende ue sal

3011 2384 2044 185 mij verobligeeren die blijve en can ue

3024 2491 2163 196 geen wissels meeden alsoo voor de borte

2992 2625 973 190 uyt stadt moete

3027 2707 2179 242 hebbe oock altijdts haldt by meinf ue moeder

3032 2856 2096 186 tot Brussel ende daerom bij geval soude het

3034 2977 2050 172 connen gebeuren dat ue tot den selven

3034 3096 2150 212 boven gemelden cours derrewaerts soude

3022 3219 2130 191 occasie vinden in welcken gevalle ue mede

3050 3329 2060 194 voor mijne rekene soude connen trecken

3033 3437 2039 190 6 a £800:- dogh tot slechteren prijs.

3011 3587 2203 171 als op tat wespen niet ten waere 8 pre

3008 3666 1919 142 dat soude dan sijn tot  uyterlijck

5287 97 116 124 Aj

5352 764 174 156 dae

5407 888 62 77 n

5373 1127 95 85 1

5348 1176 79 87 d

5334 1245 121 82 y an

5352 1310 73 82 1t
