5601 3890
787 75 2154 119 met niet t ue doen en sal mij heer op verlaete

780 120 2143 162 ende voort geene tot ue dienst voorvalt weest

777 208 2159 166 verseekert dat ick genegen ben ue te bedienen

771 319 997 182 die van herten blijve

2045 346 662 216 febvrien 1714

702 454 986 210 Henay charles Bourgois

816 473 2105 272 il y a bien du temps q je maiy donne l'honneur a

818 579 2127 234 vs edcrire cependant je nayt jamais eu vre repon

811 689 2105 209 ce come le pays est en re pos I avois espere de vs

810 795 2106 234 voir pr entretenir la connoissence et a cette fin

803 924 2100 215 je vien ne vs faire offre de mes services et tar

826 1029 2107 202 chandises je scay vss avoin tousjours bien servi et

842 1152 2089 190 je ny manque ray pas non plus aux occasions

830 1247 2098 211 quil vs plaere me venet voir entre temps je

865 1358 2064 161 vs prie instament de vs souvenir de moy et

838 1460 2094 179 de me vouloir satusfaire ce „ v: g: me doit de se

858 1572 2028 181 longtemps sin avez point l'occasion a me

849 1682 2053 232 faire tenir de l'argent je vs prie de le faire

864 1794 1937 238 comptera Gand entre les mains de mons

847 1900 2016 244 Jacques baut jesferay attendant cette grace

851 2012 2098 196 et un mot de vre reponce et surie la jeme

865 2123 1439 223 dit come a toutte vre familles

2083 2206 798 199 Febrecary 1714

737 2273 813 208 Gent Jacobus baut

859 2331 2054 210 het isons seer aengenaem geweest door Dh

873 2447 2034 201 onsen oom te verstaen het gelieckigh in lig

852 2537 1985 238 gen van J: ue dochter wij wenschen ue en

847 2665 2004 154 ue beminde nevens de jonge gehoude veel

843 2762 2033 160 geliuckx ende dat godt de nieuwe geborvene

855 2829 2083 221 tot contentement van de famelie gelieve te

864 2939 2043 230 conserveeren ende in deughden te laeten op

856 3039 2064 233 groyen hebbe aen iemant van mijne vrinden

819 3154 2115 161 van doornick ue addres opgegeven om

837 3254 2063 191 de soo oneen vande gebilioneerde spetien

854 3317 2099 208 voor mijne reck bij ue te addriseeren bediende

845 3424 2111 190 die te aenveenden ende mij gearriveert wen

820 3538 2077 202 de van den ontfanck een letter advis te

820 3630 2113 214 geven als m mede met occasie addies aen

3046 0 2264 181 den ingeleyden

3045 60 2286 227 op dhr doverloop bidde de goethuyt te hebben

3075 211 2270 184 de weerde van ƒ130 court te laeten in voor

3049 358 2213 151 deren ende ue sal mij verplichten blijve

4564 443 598 177 dffebneary

3013 411 1095 217 Brusselle P van goet

3057 536 2237 194 ue aengenaeme van 13 pest ontfange met

3063 638 2240 202 een briefken op l'heureux van ƒ530 wissel

3052 772 2313 152 daer de weerde van hebbe ingevoordert ende

3044 856 2241 157 ue aft ¼ ƒ 8 27118¼ gecrediteert ende inge

3054 954 2230 175 volge die van prine deser gedebiteert voor

3065 1061 2237 181 ƒ40 court van douse dan ontfangen schrijve

3061 1163 2205 197 heden andermael aen de wed: mosselmans

3083 1276 2175 186 ten eynden sij ue mijne assignaratie be

3074 1386 2214 201 taele ingesloeten remitteere ue op de wee

3059 1488 2203 186 combout mollimans 14 desergelt ƒ200 en

3071 1612 2223 222 op 16 deser gelt op Joannes beckmans ins gelief

3081 1712 2182 203 £200 nevens mijne assignatie op sicht op

3075 1814 2185 218 francois van den heet & 300 te saeme ƒ700

3076 1937 2134 187 wis waervoorens gelieft het noodighe te besor

3061 2030 1679 233 gen ende mij te crediteeren blijve

4543 2162 715 196 9 februbery 1714

3025 2199 1170 206 Brusselle de mosselmans

3119 2282 2129 165 niet tegenstaende dat ick ue op 16 paste large heb

3122 2410 2106 134 te geschreven en met ter minnen versocht be

3137 2540 2129 158 taelinge soo erijge tot antwoort van Dr van

3132 2589 2134 180 doch dat ue in mora blijft ick wille ue wol

3122 2740 2153 153 seggen dat sulckx buyten maniere van han

3129 2784 2141 241 delen gaet want ue moet de ncken dat ick mijn

3113 2905 2135 227 gelt noodich hebbe ende dat ick geen obligatie

3081 3023 2140 151 hebbe nochte van sin ben meet aen intrest

3093 3113 2070 189 te verliesen als ick op de goederen soude ge

3105 3168 2150 176 wonnen hebben belieft ue mij neet te voldoen

3066 3283 2188 168 soo sal verobligeert wesen het aen mijn proe

3069 3357 2138 228 reue in handen te geven ende ue te dvengen

3043 3464 2028 251 hier op ue antwoort afwachtende soo blijve

5304 2727 84 92 d

5296 2923 129 214 1

5305 3225 69 91 d

5325 3330 49 143 K

5325 1657 65 108 1

5313 1745 92 63 d
