5630 3879
771 37 2167 149 dagh in verlange hebbe geweest om te vernemen

755 161 2182 185 het succes van het malheureus pack dat is micrrea

765 262 2181 169 6 maenden compleet om daer van de cisie te becoemen

778 358 2106 210 het sijn ongehoorde voor vallen en wel desolate

793 479 2053 194 affairens voor een coodman. ick bidde ue dogh

792 579 2123 226 con eynde van saeke n te solliciteeren want de

789 711 2164 160 laekens sullen tot niet coemen en on vercoopbaer

785 806 2136 173 wesen sonder den ontrest ende preiuditie dde

804 928 2135 156 ick daer bij hebbe geleden p ue laesten sien

803 1046 2142 214 Godt danck het arrivement van Raphael willon

790 1138 2064 211 smet een pack  10 inhoudende 44 dosijntiens

835 1264 2055 195 op & u8 dider het pack cost ende sonder de vier

810 1351 1922 174 carseyen vrappers ende de oncosten saemen

829 1452 2093 201 Ste £109:18:4 netto. gelieft dat als de voorgaende

821 1572 2033 165 aen te geven op dat ick geenonge mach en hebbe

825 1674 2137 188 de garseyenen occosten van bereyden beloopen

832 1792 2103 175 sten £26:2:1 die ick niet en dencke dat moeten

828 1905 2053 211 aengegeven worden: sal het solfde p eerpen

845 2042 2094 155 te gemoet sien. ick vertrouwe dat de assignarer

860 2132 1399 161 van ƒ100:- betaelt ts en blijve

1983 2176 858 221 Adij 17 gber 171

682 2250 1022 188 Brussel Guilliam sas

859 2321 2049 211 tot antwoort op ue aengenaeme van 21 deser

869 2470 2088 173 en vercoope geene opr saerden meer daer en rsie

838 2560 2102 151 aen te winnen en weynighe vraeghe van calanten

850 2668 2083 150 die ick bediene maer ngevalle ue maer een

872 2771 2067 165 stuckoft twee noodigh heeft voor sijn gerief sal

861 2886 2083 149 ue nevens mijne andere vrinden accommoseeren

867 3024 2090 160 tot 11 a 11½ stuyverstofe. het is wel ue en saterdah

868 3110 2080 151 aen Dhr. van Rock ƒ150:- wisselgelde voor mane

869 3205 2025 171 reken sal tellen. als ick van hem daer van advies

873 3320 2038 167 sal becoemen hebben sal ue contorui dan in

887 3416 2068 151 rekene daer voerens crediteeren woort gene van

893 3525 2066 193 ue dienst magh voorvallen gelieft te disponeeren

914 3633 979 176 van die blijve

2984 23 1265 162 letenisse svolder vincent verpoorten

4407 43 587 153 24 gber 1713

3053 168 2065 187 Ick hebbe den gheelen soemer verwaght dat ue mij

3043 262 1920 202 soude hebben coemen betaelen het jaer packte

3059 371 2070 165 verschenen baemis 1712: ue is ni van Baemis

3073 504 2196 165 2 jaerenten achteren. ick hebbe met den sage tijdt

3073 584 2166 214 oock alpaientie gehadt maer nu sijn ue affairens

3069 679 2099 200 meest gedaen soo dat ick ue versoeke niet langer

3077 809 2126 160 en wilt dilayeeren en oock over te coemen oen

3054 908 2146 163 nieuwe packte te saemen te maeken want dat

3045 1034 2189 188 en magh soo niet traineeren. als ue mj schrijft

3053 1136 2147 157 dan moet ue mijn addres stellen woonende int

3067 1238 2088 188 kiddorns over het post comptoir tot antwerpen

3069 1335 1629 169 ick sal ue dan verwaghten die ben

4652 1461 451 130 27 gber

3011 1420 1454 203 Amsterdam Ffrancois Rousseau

3068 1551 2237 161 ue aengenaeme van 25 en 24 souut hebbe wel

3083 1652 2185 185 ontfangen ende rm den e ue trats

3073 1737 2224 155 van £400 aen d'ordre de wed: Jean meshiet

3093 1843 2157 164 verachter verheyt ende ue gedebisteert et

3076 1934 2215 192 irt schaede £492 p ue laestens remitter

3095 2056 2135 196 ue mij int brieven van 24 deser 2 ss

3071 2165 2182 141 en d op Pieter ssortee  £492:17:8 tot

3103 2258 2135 149 35:5 banco £872:15:5 ick en weete nie

3084 2364 2206 176 wat ue daer toe heeft connin imoveren yant

3085 2456 2212 175 de reck can ie soo wel maecken als ick

3100 2538 2088 257 die mij mier coste als ick alhier sonder

3100 2654 2165 192 serijven en vrijven can atgeven het is waer

3105 2766 2126 220 dat ick ue met mijnen laesten hebbe ver

3085 2857 2158 238 socht tot stfit a £500 maer dat wasrn

3105 2962 2165 247 de sappooitie dat ue tot  35:2 a 4 soende

3081 3068 2149 195 hebbe occasie aengetroffen soo als ur mij met

3082 3152 2135 252 sijnen de dato 17 deser geliefde te meeden 6

3090 3271 2130 215 alteroatie oft veranderinge wech ue dat da

3083 3377 2122 190 ordres commin te cesselren dit vs my y

3096 3465 2183 207 wat gevoelyet wantimen doet geenen an

3082 3565 2164 155 bjt om aihter het net te vesschen

3098 3655 2166 150 versoeck remitteere ue in gese 359:10

5257 510 162 155 L

5318 646 66 75 ut

5382 878 60 97 us
