4863 3949
2481 97 1019 156 demonde Pierre De Bant

3667 111 1052 175 Ady 2 Januarie 1712

2577 221 2234 159 hebbe ue op 5 xber p beurtschip op dermonde geaddrest

2530 364 2283 111 =seert een paxke gemerckt  nevens den vracht brief d

2582 432 2233 159 gerecommandeert het selfde cito op haet voorts te senden aen

2530 535 2270 139 mons Jean Bat lolivier nie ontfange heden van den selve

2599 617 2204 147 advis dat hij tot noch toe het packke niet en heeft becoemen

2586 695 2221 162 dat mij grootelijckx verwondert bidde op ontfanck desensorge

2585 797 2158 130 te draegen van het selve te depecheren want en twijffele

2589 880 2212 130 niet oft het is ue het ijnen tijde behandight afwacht ende

2590 954 2218 161 een letter antwoort soo blijve naer ue geweenst te hebben het

2608 1050 765 150 saligh nieuwe Jaen

3738 1111 554 169 2 January 1712

2474 1140 808 163 Leeven Philiphies ys

2653 1238 2144 153 tot antwoort op ue aengenaeme van 31 deber soo sende ue

2633 1387 2144 106 hier ingesloeten een staeltien van een grijs livriy laecken

2651 1455 2156 118 soo naer op ue stael accorderende als men het selfs uyt Engelant

2646 1517 2161 158 soude connen ontrieden den prijs is 30 stuyvers pr a noopende

2656 1623 2139 135 de moede couleuren staelen sal ick ue de naeste wecke son

2659 1697 2117 115 der faute pr boede senden met het nieuwe daer ende alle

2668 1769 2128 143 de heylige daege soo manckeert mij den tyt ue het grijs la

2680 1868 2120 130 een noodigh hebbende gelieft maer p post te schrijven sal

2682 1995 2129 139 het tegens de voyagie van wijns op packen en claer macl

2680 2054 2105 158 sien ende ue in alle occasien wel trachten te bedienen

2676 2148 2114 195 het is mij leet te verstaen ue indispositie verhoepe dese

2701 2226 2039 212 mijnen in betere gesontheyt sal ten handt coemen ue

2716 2311 2043 192 nevens ue huijsvrouwe alle segen en benedictieren dit

2682 2446 2103 139 begonnen nieuwe jaer wenschende met veele volgende

2707 2524 1910 154 soo blijve in afwachtinge van een letter antwoort

3930 2646 631 127 2 January 1712

2512 2645 1234 139 Brusselle Nicolas vander Borcht

2706 2727 2070 141 tot anwoort op ue aengenaeme van 30 passato soo sien het

2698 2850 2077 65 nergens op aen en comt dan op den intrest in gevolge dat ue

2703 2882 2068 101 mij mentioneert hebbe dan mijn broeders en vrenden gesproecken die

2710 2940 2054 130 een paerelijck segge als allen die conditien soo segour en van sa

2705 3009 2040 104 tiffactie wesen datse te vreden sullen wesen met 4 niet niet

2732 3115 1987 91 tegenstaende andere abdyen 5 por betaelen en geven

2715 3200 2048 91 ue principaelen daer mede content sijnde bidde het my

2734 3243 2043 117 te adviseeren. sal dan ue schrijven wat bescheeden

2691 3334 2108 142 ende doen menten die heeren sullen moeten besooghen

2701 3417 2065 149 want an sal het wel redelijck ende nootsaekelijck

2681 3560 2063 128 sijn dat imant van de hunne een heer geliefden

2714 3610 1898 140 over te coemen afwaghtende d'eere van ue

2692 3704 1997 126 antwoort soo blijve naer wenschinge van

2854 3785 667 110 u wejaer ete
