5632 3896
683 76 2157 107 opr peeter van jock die op alle vrintschap versoecke de

748 131 2099 170 ne soude gelieve te verheeren de goeder gehaer doe

726 233 2098 176 ghelijck op in mijs ick hoepes dat den vreden wat

725 308 2118 151 meerder debiet sal bij bringevende voor het geane

777 426 2063 174 dat tot ue dienst magh voorvallen weest vorer

768 530 2010 167 seert dat ick ue soo goeden coop ende siveel sal

766 641 2089 146 bedienen als iemant in de werekt soude cormen

758 720 1385 205 oft moogen doenen soo blijve

557 814 2231 233 Brussel Jan Breeckmans Ady 11 mey 1713

711 965 1999 200 Ick verhoepe ue goet retour ende dat ue het

733 1101 2062 168 paxke gemerckt E5 dat in gevolge ue ordre op

781 1194 2074 169 gisteeren scheep gedaen hebbe ue wel sal geworden

778 1284 2066 167 en alles naer ue contentement bevinden want

740 1404 1994 144 sehoonden sort ment en can ue niet becoemen

759 1538 2024 153 oock niet tot beeteren prijs want hetis te goeden

731 1612 2066 187 coop naer de comingture van tijdt. ingesloeten

750 1692 2036 190 die facture bedraegende salvo errore ƒ1282:6:-

736 1851 2107 108 in wisselgelde nevens ses briefkens ster weerde vn

704 1947 2071 152 de selve die gelieft te accepteeren en mij weder

745 1995 2066 218 te senden & de voorige parteykens sullen wij dan

751 2136 2030 176 volgens ue ordre opep laeten staen waer van

737 2241 1937 171 ecne het impers van de bayen tegens naesten

732 2333 2082 164 maendt opt ue sal trecken. hebbe volgens ue ordre

741 2453 2038 153 op de tollettender laekens 3 geerden salvo juste

724 2561 2060 187 minder geteekent naer cordiaele groetenisse

725 2661 2019 198 en afwachtinge van ue antwoort blijven

613 2774 2209 244 Brussel francois van den hecke Ady 12 mey 1713

761 2917 2036 159 in gevolge ue belosten soo hadde ick al verhopt

725 3034 2132 177 aet den paesschen ue over te sien om malkanderen

736 3166 2123 120 te spressien dat niet geschiedende dencke ue niet

735 3240 2066 214 qualijck can nemen dat ƒ300: op ue trecke in

739 3355 2058 174 wisselgelde te betaelen aen d'ordre Peeter van

759 3458 2061 152 hoch op D sicht: ick verhoepe met hodts gratie

691 3568 2088 179 dat den vrede beeteren tijdt sende debiet sal

736 3680 2050 139 bij brenghen ende dat wij haest de vrighten daer

2959 48 2130 155 van sullen connen gewaer worden want het il soo

2961 141 2170 170 ellendigh geweest dat men meer aen intrest heeft

2937 248 2228 162 toegegeven als men op de goederen heeft gewonnen

2963 394 2190 132 ick hhoepe dat hett ue in consideratre sal nemen

2976 483 2139 170 voort gene dat tot ue dienst magh voorvallen

2972 598 2196 152 wees seekere dat ick alles sal doen wat moogelijck

2975 740 2038 149 tont ue wel en goeden coop te bedie nen

2964 804 2089 158 Ick hebbe seer schoonrt van alles. ue

2953 937 2132 143 en can niet qualijck doen nmet wat provisie

2945 1040 2164 193 op voeraet te coopen ende ue een soeynigh te

2925 1159 2194 173 voorsien want de goederen siaen daeghelijckx

2976 1294 2041 135 meer en meer opt en prijs. presenteere ue

2954 1377 1121 176 mijn dienst en blijve

2919 1492 2198 206 middelborgh Hendrick De meester Ady 12 mey 1713

3011 1611 1859 191 ue moeder heeft ue heden d geschreven

2982 1727 2088 187 noopende de doodt van d: henrij dekens ende

3009 1850 2044 180 ijst t sijn moeders naem die cranck te bedde

3009 1976 2071 155 secght versocht vande 10 gearriveerde popen

2992 2079 2052 170 brande wijn niet af te senden maer die e cosn

2981 2195 2151 214 tot de beste advantagie moogelijck te benficeeren

3012 2308 2091 171 waer op rot wonder ue antwoort niet en

3005 2419 2002 208 is gecoemen sedert ontfange op gisteren

2997 2539 1992 177 brief van de wedue dekens waer bij sij het

2976 2653 2189 199 selfde confirmeert ende mij versoecht ander

2973 2764 2192 172 mael ue te schrijven ende dat te confirmeeren

2999 2863 2173 223 sij is au wat beeter ende naer allen apparentie

2994 2975 2185 164 buyten gevaer ick bidde ue een lettefant woors

3006 3097 2020 146 want die vrouwen heeft geen henisse

3001 3213 1650 177 van negotie. ue groetende blijve

2919 3317 978 174 Reck Cornelis Willems

4250 3307 849 201 Adij 12 meij 172

3045 3400 2063 208 en twijfele niet oft ue heeft voorlede weeke

2991 3539 2121 173 nevens het paxke oock den blouwen carsey

3006 3659 2099 111 in een rolleken appaert onfangen die ue voor

2989 3749 1962 90 dese rijte noch in jaer ƒ30:- sat betaelen
