5653 3871
714 79 2157 93 ue ordre hebbende sal ick het nesteens op tollen ende

739 125 2116 176 met het beurtschip afsenden ende wel bevallende

756 261 2107 139 gelijck ick niet en twijffele soo can ue daer var

775 317 2026 173 alijts meerdere onsbeeden ue veseckerende

790 448 2083 178 dat ick soo schoone winter goederen preset

778 540 1997 195 hebbe alse uyt int cant geweest hebben

814 646 1999 174 ende dat ick nuyt en sal naer laeten ue

803 756 2001 187 viel en wel te bedunen als ue geleeft

824 877 2051 195 den pennince te gonne ae die van herte

838 1030 378 148 Rijee

675 1044 1896 250 Brusselle de Wi: vander borcht 13 jucy

808 1209 2045 201 ingevolge e aengenaeme van 1 deser hebbe

805 1325 2021 171 het blouw laecken die retou becoemen ende

799 1447 2065 156 ue daer voorens gecrediteert oft op ue n a

825 1555 1991 175 geschreven het is mi leet sulekx is voorge

849 1660 1997 182 vallen geleeft ue een ander hebbe present

858 1764 1985 182 een velsch geverft ende gevccomodeert dat

839 1891 2034 217 ue belove niet minder in quelityt te wesen

840 2032 2059 173 ende dat ue mijn woort sal moogen aen veere

850 2101 2051 241 aengaende de moete ick sal wel sorge ag

847 2212 2022 225 dattor geen reden van claesen meer en sullen

873 2335 1997 157 weseck de pinne coul geperste laecke

868 2479 2028 167 ie s ue dochte gereekent heeft en sijn noch t

826 2557 2054 167 niet gearrevert mair verwachte die nu de

849 2658 2011 202 gelijcke doch die en sijn niet minder als

859 2771 2007 208 N 3 te geven ick ick dencke dat de negotie sal

865 2899 2037 161 beteeren ende dat ij int cort al miant sullen

863 2991 2007 161 oversien om winter prousie te coopen iet

847 3104 2048 186 sal die tot ter tijt toe appaert houden schon

871 3214 1928 133 der gerief en can men niet souhaitteeeren

868 3319 1998 170 als vant gine ick voorsien ben soo laeckens als

856 3415 2048 197 winter goederen ue daer toe occasie he baend

834 3515 2047 157 sal van mijn schrijven het effect levenden

839 3625 2018 196 ende dat ue niemant beetercoopen sal gere

821 3722 1028 116 ven als die alhite ben

4475 58 377 139 13 Juny

2915 37 1035 173 Brusselles van helke

3031 147 2086 170 ingevolge ue aengenaeme van 13 mij laest soo

3018 239 2188 210 hebbe mij geforent om te thoonen dat ce ue onne

3037 341 2169 168 ben ende genegen ben om ue dienst te doen ende ue

3037 438 2127 172 calandisie te onderhouden maer nie en conn

3019 544 2130 140 meer soo dat ick moete trecken de 300 opt

3030 647 2064 188 te betaelen aen d'ordre mejo de wed. A.

3028 748 2133 243 Rousseau op 8 deegen sicht die dan eleft con

3028 850 2134 228 porm te accespteeren ende te verheeren want

3036 964 2126 188 het comt ten eenen uyt op ue versoeck ende mej

3043 1077 2126 159 dillertijt can ick dar mede volstaen icken

3073 1190 2114 233 twijfele niet oft ue sal ten minsten met den

3041 1307 2099 188 vereden mu lens gie coemere en ree

3037 1396 2148 230 courajte scheppen ende eene partije coope

3059 1501 2091 216 is hebbe sier schoon gerief van ull soorten

3036 1658 2171 196 van gaederen die men can migenern

3066 1715 2068 204 de ik can doen dat een ander niet doenen

3073 1805 2126 264 can door de groote nrevisie die p

3077 1928 2014 243 voeraet hebbe ontfoeden weest seckers daer

3050 2049 2066 233 ue van niemant tot beeter econditieen

3032 2147 2169 263 sal bedient worden afwaghtende het versoch

3035 2330 575 198 soo blijve

4434 2400 547 177 15 Juni 1713

2925 2398 1132 252 Rotterdam Diongs ve beurgh

3076 2517 2117 184 Ick hebbe ue aengenaerme van 12 deser wel ontfange

3045 2644 2152 146 pxtendeere datter noch in linghde noch en weerde

3047 2735 2116 177 wegens het aengeven gepexcest is want ick en gecoop

3039 2813 2138 146 niet datter oytieeige goederen trans 2 toor as

3037 2946 2164 152 in hollant hooger aengegeven worden om neeyte

3023 3010 2133 148 te quecken ende te onderhouden moetmen facc

2924 3097 2209 178 wesen termier daer het ansihoor reckt een

3012 3194 2136 201 benefiie voor den sstaet ende heinne onder dae

3018 3306 2149 146 nen is dat men langhs oostende can vermeydenend

3041 3370 2113 180 voor bij geen welk men met ngiee voort gaer

3024 3473 2185 172 13 en hebbe maer alle de payseerende goederen

3034 3598 2130 92 aen te houden daer sal altijt eestentie wesen

3019 3666 2088 147 doch sulckse is de intentie van de regerenge neet

3515 3721 1612 119 e cogt die voor den voorts et vande
