5630 3879
759 37 1103 179 London Scawen et stockdale

2014 35 822 178 Ady 6 xbre 1713

789 173 2050 155 ma derniere est du 29 du passe avec remize de

747 280 2191 162 £92:17:3 sur les Pierre Porree laquelle i'espere

793 383 2127 166 vous sera bien parvenue faute en vous la sesonde

783 487 2129 154 avec la lettre sur miles Philipson de si £29:-

791 611 2147 148 du retour vous priant d'en procurer le payement

776 726 1895 167 frain du protestret lettres et en cas que le dit

823 854 2059 122 pilipson ne soit pas en ville de vous addressera

780 916 2076 192 te hostel de monsegneur stafferd p quel ordre

791 1026 2090 197 mon Amis de Bruxelles latire Cledit ligneur

791 1149 2143 133 vous le fera payeer seson que le tireur maddise

820 1252 2076 174 voila ce quit s'offre pour le present et que ie

780 1348 1198 175 suis en toutte occasions

643 1455 2096 203 Bruxelles wedu Rousseau Adj 7 xbre 1713

803 1645 1995 175 la chere vre dhier m'apporte lettre parable p

810 1735 1996 178 mons. henry van soest ae son donnuille en la

859 1887 1989 99 ville d'etnvers in 5 febvrier asvenir en disse

813 1960 1988 150 alvon ordre de ƒ1200 argent courant, ie la

838 2074 1989 169 quarderay sil vous plaiss pour vre compte

795 2156 1962 188 sou haittant  pas pour mon resque au

836 2269 2025 196 resquard du temps ce n'est pas une afaire, ie

831 2387 2009 163 ue conois pas le s. van soest sip loing pour

859 2475 2039 210 vous en& pouvoiu dire quelque chose d postif

859 2621 2022 185 'ay des mes etmis qui ls ne peroient le moindre

829 2724 2058 205 schipile a dis compter de ces lettres ie vous ros

869 2832 1992 174 estre capable vous en nouvoir dire mon

846 2938 2075 224 leunment avec plus de certitude vre remide

834 3069 2076 201 sur mons. Bauot dont vous me faittez mennon

857 3189 2042 187 encor at estes payee d'abord. vous pouvant

853 3294 1849 196 estre ile dispissez de celluy qui lle dit

2284 3417 588 144 9 xbre 1713

748 3404 981 178 Gent 2 6s de Saedelaer

829 3499 2093 148 en twijfele niet oft mijnen laesten van 2a pr

798 3591 2129 146 sate is ue wel geworden met de

752 3661 2082 146 desen ablien tot advis dat het swart lack

3003 39 2260 160 N129 a 45 te morger gorede faute pr waege

3006 103 2286 198 vertreckt in een e merckt  b tiver

3026 194 2242 234 coopen ten aldermenstens tot N13 ue en heft

3047 299 2175 219 not schonder voor synen prijse gesien en

3069 395 2212 282 twijfele niet oft sult het selfve ck een dveen

3072 531 2196 257 nen debiteeren bidde mij van den ontfank

3084 664 1400 219 advis te quen en soo blijve

2986 790 2189 257 Brussel wl Rousseau Ady 9 xber 1713

3011 954 2085 167 ie me resere a ma derniere du 7 du courant

3012 1067 2238 189 dapuis i'ay receu l'honneur de la vre de mesme

3029 1189 2223 162 date avee remise a jours de veus de £200 degpos

3038 1323 2032 174 a charge le S Jean Boncker. i'en ay obrence

3016 1396 2189 212 ceiour dhuy l'acceptation estant pagee en son

3052 1515 2110 212 temps ie vous en donneray credit en compre

3036 1644 2199 199 on la negone icy jeudy dernier sur Amsterdam

3042 1747 2185 210 ce court terme a 1 a  en banque d'avance

3027 1872 2193 165 pour les lettres et a perte pour celles en court

3056 1977 2105 215 a2½ a 3 a 3 pourlent fout au plus. ie n'est

3051 2115 2141 155 venue aucun behangement depn is en change

3035 2213 2147 162 d' Amsterdam E lettres Dhier de la ne som

3013 2343 2078 165 pas encor dispibne. vous pou vant veudre

3037 2426 1705 222 servie dp af de mogeu

3007 2531 2148 256 Brussel Casser de Broeyern Ady 11 xber 1713

2999 2669 2153 235 verhoepe dat ue he laeste gesondene paxke in

3018 2810 2090 218 dato 25 gber wel sal hebben het sijnen tyde

3016 2928 2249 183 ontfangen ende de goederen naer ue contenmemen

3023 3069 2014 148 bevonder. aenden voet deser heeft ue de

3009 3163 2079 193 fachire bedraeghende ƒ 509:18 ¼ wisselgelde

3008 3243 2210 240 waer voor mj gelieft te crediteeren. bleder coap

3015 3372 1991 190 en heeft ue noeyst bedient geweest oock

3020 3486 2194 205 verhoen a dat met het voor jaer wat meerder

3019 3591 2230 159 van pesgienst sal  ver vallen srf ue swaegeri

3010 3697 2110 116 heeft uyt ue naem by mij geweest om eenige

5305 434 79 99 ut

5362 2828 93 137 d
