5498 3889
559 45 2137 159 wisselgelde het is uwonder soo weynige occasie mooer

568 118 2168 150 com van met avance op tyt de remitteren ick

587 221 2112 137 recommandere het ue alst nu en dan cange

599 305 2158 186 schieden ingesloeten op p christiaen segersloijne

608 412 2119 151 assignatie van £50 ulaems wisselselve die promt

588 489 2115 199 sal voldoen ick daske dat doeredan na eynde

608 607 2034 214 lijck aen sijne belofte sal voorsomen hebbe

612 714 2019 183 ick wensche ue nevens si ue bemende allen

602 826 2141 209 legen en voors poet en het benonnen

631 908 2118 224 inet weele volgende tot contentement en sal hey

657 1074 280 175 blijve

1796 1132 486 168 H Jacoxoy

490 1172 835 172 Bruselle C segers

674 1203 2010 269 in gevolge ue aengenaeme van 14 deser soo trecke

696 1385 2030 161 ƒ300 w: te betaelen aen d'ordre DHB van Jock

696 1457 2073 227 die conform gelieft te verkeeren ick wensche

688 1579 2017 164 nevens j: ue Bemende ende de famillie allen

667 1688 2076 199 segen prosperityt in dit besonnen neeeewe jaer

672 1774 2089 195 met veele volgende tot contente ment en jalig uy

680 1888 2017 155 verhoepende bij het toecoemende wat meer faveur

670 1999 2054 191 te hebben als bij het gepasseert. tot welcken eijnde ue

664 2079 2093 231 mijn dienst presenteere ende adviseere d

671 2186 2091 207 considera bile patije versche goedere by mij hebbe

696 2294 1981 214 cortelinghs ontfangen tot ue dienste den vrede

1121 2436 69 70 des

685 2424 2006 186 gaet var het is seckers dat de goederen moeten

628 2510 1856 199 Copslaen naer cordiaele pockknisse blijve

1975 2609 648 126 17 Janveer 1713

538 2647 941 143 Tournay Dimon donne

655 2733 2114 169 for responce a la vre du 12 du court il m'at posa

656 2824 2100 137 de eer s su vs ie faus voit une occision pantieu

672 2932 2048 114 hheeve ee quil se presente sort ranement on a

666 2990 2112 147 prdice  ½ prcent sur lelles considerez quelles perte

669 3069 2106 191 quil s auroit sur tournay coyez que je serois toutmos

663 3174 2092 150 passible pr fauliter le m comperce et vs rene

666 3297 2109 123 servec mae il nya psint n yen jpe m'en

637 3351 2142 120 intome encor heer a la la bourse jes pene

652 3444 2113 111 vs trouverez quilq poyen pr celu vs avez racon

668 3539 2109 120 de vs plaindre et acusyns car il vs a ma foureip

665 3585 2111 163 a faire op dir la pacx pr as il faut

656 3711 2125 81 lsnerer p la le nefablessement du commer ce a

1739 3769 668 80 e les monierta

613 3766 785 81 Dieu veuille il es

2541 3774 130 74 de

2907 85 2211 117 haessen en prise de jour en joier de mme quel

2929 119 2214 176 change sur londres ce quil deffer de puis jp de

2919 212 2176 186 temps de becau cout je me suis assorte d'iencausez

2921 341 2224 162 bibl assortiment et qucentite er apparic

2929 430 2174 228 de la paix et aux oecase ns e pourr cya voir

2913 536 2183 203 besoing de quely che commbende moy ee les

2907 601 2196 248 plaest je vs en fera en cor scute ce pant du

2847 707 1745 261 iereeu prix eetirt de toux mon cour

4304 829 664 190 18 Januiery 1713

2830 860 998 222 Leeds William Cockson

2875 978 2205 203 jay bien recus en son temps la chere vre du 19 gber

2904 1071 2203 151 demier avec le compte court dont je vsferarepce

2884 1162 2176 209 suand jauv un peu de loiser car il ja quely errer

2908 1264 2230 163 la raisn de mon se lence a este les d'esavantap

2914 1362 2208 221 de change et nevoyant jusques a present aceure

2919 1458 2230 229 hangement qu come l'on s'est fatte tout je vs re

2914 1566 2207 172 mette a bon compte  £ 188:8:6 sur willia meas

2927 1681 2214 154 in londen de  lanvier 1713  p premiere

2912 1793 2224 198 ray soing pr la reste sil me faut avoir patience

2926 1877 2207 216 et passer p la pieque mais a shute changestera

2931 1996 2204 233 prand toit au commerce car on a de pune le trouv

2950 2095 2182 219 son compte apres la manufacture et f ve bien

2940 2203 2168 244 vs aurez soing et qos feres faire expmis les

2933 2308 2207 210 get 100 p de bayes de 5 et 8op de  26 an pon

2938 2428 2189 164 en laisne et fabrique ause eschantilli on qui pa

2938 2523 2109 188 ey envoyee il faut quelles joienttouttes egales les

2887 2615 2253 140 anis aux autres et tout ce qui y a de plas acreu

2912 2727 2224 156 a s'igmaginer ou je les a bandonneray pr vre compte

2910 2798 2199 176 estant iey come je v ay marque vs aveiu e temps

2919 2928 2225 160 assez pourvec que je les ay vers le  Jean aveit

2915 3005 2236 153 ie suffet il me faudra aussij un ballot our de

2907 3137 2237 129 3 de carises chaegue mais en ve galemente

2910 3204 2204 172 aux bayes les plus finnes quil i at a avoir pries

2903 3285 2178 155 ilioy a du temps mais faitte noe un peuse avoir

2902 3392 2238 163 ressonce de cete la prix des draps sil re point

2915 3469 2172 148 d changement et si on les qeut a voir en mes

2928 3511 2161 168 qualite q die passe au mes me prie je vs envoye

2923 3567 2179 116 ray ordre pr en au 2 ballots de bleu gray q je vu

2920 3665 2148 106 drois bien avoir pr le rintemps au moi de mars avener

2914 3696 2137 117 n'en aynt plus de cas c vs saluant et  sochaittant

4134 3755 896 92 uvelle anne je me d

3928 3779 99 70 Ae

3382 3794 130 57 60

2939 3791 321 58 ou

3702 3791 72 58 de
