5632 3901
612 55 1753 162 BBrusselle uilliam tsas D9 may

738 126 2106 162 het is miy loet geweest te sien door ue miessuve van

764 216 2081 202 2 aprel het droevigh ongeluck ue over coepen

774 312 2070 173 ick en ladder niet van gehoort anders en soud

776 390 2013 183 ue niet hebben moyelijck gevallen godt wille

782 495 2018 197 de seele van ue huysvrouwe bermhertigh

802 605 2029 185 wesen ende ue ende sijne famillie vertreste

797 701 2055 190 ick hadde al verwacht dat ue naer paesschen

805 792 2008 225 eens soude overgecoemen hebben dat denk

793 914 1961 201 even wel noch sal wesen als wanneer wy

786 1010 2039 173 malcanderen sullen sprecken meddeler tijt

780 1129 2049 164 trecke op ue  ƒ150 wis: te betaelen aen door

767 1235 2074 198 die Dhr peeter van jock op 8 daege ne secht

784 1341 2062 141 dat ue geleeve te vereeren want consedereet

806 1433 2045 201 dat ue dit jaer maer een assignatie

788 1535 2003 197 heeft van ingelijcke somme ick hoepe dat niet

796 1645 2061 216 met den vreden nu sal gaen beteren want voor

798 1762 2061 151 waer ick verleuse meer intrest als de goederen

810 1881 2044 198 can profiteeren dat ue mede wel can afmete

818 1987 2024 183 en considereeren niemant en soude doen

809 2097 2013 162 dat ck voor ue gedaen hebbe ende in sih

843 2211 706 170 doen sal blijve

1987 2310 353 131 9 mey

658 2302 778 162 haet andre lison

870 2395 1971 208 la raison que je n'ayt plus tost fait reponce

854 2526 1931 132 a les 2 chers vres du 12 avril et 2 du ut

843 2661 2008 134 est que jay este fort che de ce que les tien

831 2728 2002 147 tuner a manque et que la couleur tomse ces

814 2829 2035 173 oel plus brien a ve eschantillion ne an mois

817 2922 1996 175 voyant que vs en estes se presse de vs l'ey en

817 3025 2041 176 voyce jamedy dernier p la barque nr dermon

825 3117 2024 154 de a l addresse de Paerre de Baut dans une

829 3219 2016 156 petitte clle marque EL estant N160 @ 28

811 3308 2046 180 a ƒ2½ 14 payable en argent de change £75:12

819 3412 1969 147 sil ne vs convienne pres ie ne a pas u

811 3537 2013 134 mal os n'avez qu'a me le renvoy eer et se

789 3617 2049 160 le tiendray pr mon compte mais jes pere

797 3737 1977 110 hue les gens ne seront pas ditt vuet nie

2989 15 2196 144 derant epar acest iee bon maspel que

2992 84 2133 194 here bon ilsage jespere que pr la paix il vs

2982 173 2202 176 aura plus de debite et commerce je vrsfait estres

2977 263 2160 191 de mes seriices et croyez que je feray tout mon pas

2967 364 2162 202 sible pr avoir l'honneur de vre calandise les

2984 464 2125 220 marchandises augmentert de jpar en jouren

3870 586 47 147 1d

2989 610 672 173 prix je suis

4248 655 337 188 9 mey

2929 727 782 182 Gent: JacobBaut

2964 757 2216 192 ue aengenaeme van 5 cout hebbe wel ontfangen

2964 882 2239 155 aengaende de wissee van londee is present op kooft

2970 935 2249 176 te daeren is geen staet op te mlecken hebbe

2968 1023 2200 199 tot amsterdam voorsien vant geene noodigh hadde

2957 1101 2213 227 het is waer dat ick derrewaerts altijt brieven de

2955 1212 2208 218 sireeren maer dat soude nu tot merckelijcke

2988 1309 2152 223 dedvantegie moeten ween london gaet present

2959 1391 2182 226 sos  35:9 hollandt banco pary cout 4 pis sos

2976 1502 2133 231 dat daer geen advantagie bij te vindenen i

2962 1593 2201 258 Rijssel is billioen als ue my tsecht pary u

3011 1695 2116 256 de connen remitteeren oft op tyt van satisfactie

3000 1808 2117 238 met advance bidde daerris te vigileeren blijve

2900 1941 1947 218 Brusselle Joannes Beckmans 9 mey

2961 1958 2239 297 Ick hebbe ue aengenaeme van 19 tebruarij het

2960 2138 2173 247 sijnen sijde wel ontfange en hebbe den selve net

2964 2232 2129 193 erder beantwoort om dat ue aengeeende den

2995 2325 2118 171 inhout mondeling soecken te sprecken mits

2992 2423 2160 181 dat ue, mij oock daer bij milde van over te coeme

3003 2507 2171 200 dat hij het gby geluck niet gehadt hebbe van ue

2998 2645 2117 129 sedert te sien coemt mij vremt voor want ick

2997 2728 2189 156 en twijffele niet oft ue heeft sedert tot antwerpen

3000 2818 2153 203 geweest het carmosin lacken weete ick wel dat

2958 2945 2190 161 so goeden coop isals ue sijn leven het en geet

2984 2989 2191 191 mij niet aen ick en can daer bij niets proffiteeren

2999 3095 2144 187 maer ick moete mijne consciertie o bewae

2995 3191 2177 181 nen niettemen als ue mij gelieft d'eere aen te

3016 3282 2159 206 doen van naerder te coemen ick sal ue tachte

3013 3388 2164 145 alle manschelijcke en moogelijcke satisfactierte

3015 3473 2197 211 geven ick ben present wat benoodt van

3020 3603 2155 172 ende dendom neme de libertijt op ue hes tre

3007 3675 2131 171 op 8 daese sicht ƒ300 wis: te betaelen aen dor
