5448 3889
2473 45 109 75 d

1846 48 534 133 22 xber 1712

472 52 1050 171 Brusselle Joaffrouw Janssens

610 135 2161 127 volcens ordre van W ni colas van den bergen van halle

610 262 2134 122 hebbe en dato 20 deser op ue voorsijne reck getrocken in

603 297 2185 155 assignatie te betaelen aen d'ondre Derpeeter van Joc ƒ240

622 389 2170 193 wel: die oonform gelieft te verkeeren ende in alles occasi

631 495 2118 172 te disponeeren van die blijve naer wenschinge van het

638 592 791 175 aenst aende hoogheyt

1865 655 536 148 22 xber 1712

516 708 636 173 Brusselle J tsas

591 741 2201 228 desen om ue advis te geven dat in dato 20 deser op ue hebbe

644 851 2153 231 getroeken in assighatie te betaelen aen d'ordre  her

623 944 2107 189 eeter van goeh £25 wess die versoecke conform

654 1044 2039 203 met betaelinge gelieft te verhieren alle advisen

659 1165 2121 197 confirmeeren dat het werck van den reden gedaen

683 1241 2101 199 is gadt wille het geven oock dat het lant in reeste

686 1316 2052 224 magh coemen ende de negotie herftiltworden

654 1396 2100 204 ick benden wat op voorsien en ick hebbe mijne

664 1501 2126 273 sheele pnasie voor het naer godt donck ontfange

642 1610 2140 218 valter icks tot ue diennst voor vereest versoekert dotter

650 1713 2115 241 bij my present alderhonde ggrieft te becoemen is

656 1804 2118 223 ende dat ick ue gevec sal bedienen die naer wen

644 1920 2106 187 selhinge vant seligh aenstaende hoogheyt blijve

1922 2037 335 126 23 xber

506 2086 753 204 Mons P. Cancot

617 2133 2179 253 Jay bien receu la chere vre du 17 du couf en somten ps avc

651 2245 2135 189 remises a s de veu a charge le Sr sacomo de Cleves de

655 2347 2093 206 ƒ 480 de change qui l'at acceptee estant poyer je vs

667 2450 2117 160 en ferny bon en compte ne vs plaignes pas detland

641 2556 2139 207 superfinne  c larges que je vs at envoyie a ƒ54

659 2668 2138 144 n'en ay plus une p et si jen avois je les vendrait d'a

662 2751 2128 152 bord et j'en ferois plus grand prix c ez q je n'en

674 2833 2113 215 vinde pas une plus moinder de £54 et que je n'ay

683 2952 2107 193 garde de vs sur faire mais je vs veu bien dire qu

652 3033 2128 187 ne vinder q be quil a de plus beaux je nay po

689 3120 2078 193 i je ne veu point de netittes marchandises ou les

686 3220 2097 197 forte de bas prix e bon marche ne vai ren

672 3337 2124 137 e est de la marchandise corrompue et je trouve le

682 3404 2103 169 plus chere le meillieur marche et le plus vendable

705 3487 2092 158 je vs ay envoyer heue p messager jonart dans une

691 3587 2092 166 marque E 2 flanelles 3 a larges de la calito de £8

697 3677 2008 138 p p en argent de change enserible £ 16 la calite

2975 0 2142 157 iner de u by ly sas ay eve

2961 107 2156 137 et come elles sont un peu en cheneil ny a soointmey

2961 195 2172 137 en d'en faire wener ou den faire son argent

2938 278 2254 137 toiunt presentement bien ƒ 42 raison q je n'enoy

2963 352 2184 142 pas apres le factes ie vs envoyera une bonne pr

2942 430 2156 166 de finnes  bayes bleaes bien ratiies je la donz

2970 534 2125 118 ray apres en teentiern come le mss ager est pas

2958 628 2206 145 sij hier a 5 heures die soir et quil estoit joer de

2956 712 2215 145 postes pr la hollande je ne pouvois avoir

2954 794 2136 159 prist la lettre tellement quilme faut vsl en

5094 901 112 106 1

2966 864 2115 192 voyer p la pte avec les eschantillionsdes

2951 975 2193 131 draps pris et brun banille quil vs plairame

2963 1079 2201 134 renvoyeer les ayant esc amine ce ne sont touts a

2935 1184 2257 107 de demie p et chacque ie contienne ƒ 35„36

2921 1280 2252 168 3 tout au plus as sont de tres beaux draps et a

2940 1346 2174 151 bon marche du prix de 45 pattars et 48 gp p jen

2968 1478 2209 145 aj aussij de 54 et 8 pattars pr & je m'estoinne

2943 1547 2108 174 n'avez rien fire cette anrie cy rs bonne pre

2947 1666 2158 159 veion de touttes sorte et je vs asseure 4 prl ave

2949 1744 2125 181 ny vs ne trouverz plus cette calite pr son prix

2953 1849 2155 152 caron asseure de tout coste q la poix est une

2950 1936 2168 183 affaire faitte ce q dieu vecelle je vs souhaitt e by

2947 2035 2167 174 bonnes testes come aussy a medivre compagoie

2947 2138 2134 182 t toutte vre chere famille et attendent je me dis

4176 2249 581 141 23 xber 1712

2859 2255 641 140 Mon 2 d'anst

2964 2306 2097 160 Jay bien reccu en son temps la chore vre du  ducoust il

2931 2427 2089 101 ma fait plaisir de voir q vs esties conteert de la mar

2942 2480 2117 169 chandise q je vs ay envoyee en affot c'est toutay l'on

2935 2579 2125 172 puis voir et aussja bon marche vs aurez une bonne et

2917 2674 2196 157 finne bayes de  36 bleu bien ratince de mesma  un

2935 2757 2125 155 verd it jansne sans frise maisce sera apres eofferter

2945 2822 2195 147 ar caux q l'on tient fort rerement verd principalement

2936 2950 2153 119 pr une p de baye & il y as autre chose que s'offre pr

2933 3044 2181 88 vre service vs n'avec qua me commander ja presn

2940 3092 2167 143 tement un assortement general de toutte sorte de ma

2928 3190 2145 142 ne factures tu a quils y at a souhaittes ca les mar

2854 3260 2259 151 S chandise hausseront en prix puis que l'on asseue

2928 3343 2165 121 paix est faitte jay pris un peu de preeacction a l'aed

2912 3436 2187 105 venah et p courequence je me hoive u peu embaras

2927 3502 2198 120 se pr de frosses remisesq jayt a faire jay fais compte

2933 3598 2153 81 sur la promessi de vre grace et j'espere q'tienderez

2920 3660 2178 107 parolle a me remettre peus qone l'avez promis pri

3194 3723 1931 75 e moes attendant  grace je vs souhelitte les bonneft

2945 3736 227 77 en de

2917 3754 1646 67 de noucet de mesme a vre epouse et tout vre famelle
