5649 3879
807 34 2143 168 annee ns ne ferons plus rien je vs remette

819 126 2051 180 come au pad de cette ayez la bonte i'en

817 194 2077 230 procurer le necessaire et m'en creditere

823 335 946 203 tre temps ge me dit

844 405 2078 220 ma traitte a vre ordre sur m. Dancel hays

852 519 1966 223 a veu  £31:19 -.   £ 31:19

807 623 1891 246 8 gber 2 usos op john mead.„ 100:

818 782 1862 215 8 gber7 usos op ditto -„ 65:

818 897 1971 217 4 gber 2 yso op Ednind bediugfielde „ 33:4:

2302 1008 493 166 £235:8:

794 1052 847 221 Mons A Jallopen

2018 1135 532 141 10 gbre 1713

881 1167 2034 210 pr reponce a la chen vre du p du court jay

888 1289 2073 180 livre au messager Jonaert une flanelle 3 a large

888 1397 2008 159 dans une rolle maque  46 payable aƒ 4

893 1503 2014 212 des change il partes cet apres medy jezhere

892 1590 2056 238 uulle vs perviendra bien jen ay a £9 aussy

914 1675 2039 258 a ½ 11 de gros argent de change les jape f

860 1795 2110 240 pr ce quil j'off pr vre service commande

859 1925 2087 236 moy goy presentement de tautte sortie d'a xon

879 2031 2028 264 tement maginable de manefacture

894 2131 2003 201 angleterre tres beauxet jolu drap ersy

918 2235 1975 214 cansee bleux blanche et rouges et touttes

889 2381 2069 239 sortes de bayefinnes a faire de camisolles et

849 2477 2104 221 flaisnerons ause entandcroyez moy que les mar

910 2577 2063 235 chadises auymenteront encor quoy quelle sont

900 2681 2064 211 bien auementie depuis que joyt eu l'honneur

864 2839 2083 190 de vs voer p icy je vs prie t'avoir une peu

891 2918 2080 183 de considernation et je ne manqueray jamais

902 3006 2034 210 a faire le mesmo et a vs bien servie voi la

904 3101 2038 234 3 fois que je me suis donne l'honneur a vs es

915 3191 2021 235 cren quil miest impossible de tiner

902 3285 2040 225 mons et que je vs ay prie a me vouloer ne

895 3417 2076 199 mettre jp vende le marchandise pay itt

897 3486 2021 192 en cen vers de lettres sur bruvee le perdent

905 3608 2062 185 icy ½ et quelq fois ⅓ pr cent selont que o

958 3731 55 63 t

915 3691 2046 143 bion sa resente pr cette ous  et pr vs ende

3046 47 2212 135 service envoyez mos la remite de ƒ480 que ma

3065 112 2203 201 marque d'avoir preste sur bruxelles carpay

3030 194 2199 223 besoing d'argent attendant done cette grace

3052 318 546 196 p me dit

4523 398 682 167 10 gbre 1713

3007 420 1089 264 Mons J:B: he Bleua

3061 545 2243 266 Jay bien reccu la vre du 5 xbre en sontemps

3078 657 2200 228 mais on a tant a faire la escrin que l'on

3067 777 2186 211 my donge pas la vre du 4 de court m'obli

3060 869 2242 226 le vs faire reponce je ne me paes pragen

3059 955 2117 211 ce quil y at aeu drap bleux que est de la

3066 1061 2178 235 muillicure laisnes fillende et co

3071 1211 2206 197 que jayt cu de long temes en on

3079 1296 2175 233 in il se pourroit quelq fois arivir e

3056 1368 2217 283 mellhieur aux draps s dtondicers et sue

3090 1504 2183 239 tu vier me le poeeuroit cacte car je n

3087 1621 2141 250 exame ne point en p estant a p prestie

3073 1717 2108 268 mais fausjours cela ne peu rendre le

3092 1831 2153 258 drap point iendalle on pourroit coupe

3102 1942 2176 259 a quil y a de dans en dammage et le debeta

3109 2071 2059 250 en suitte je ne presende pas q vs terecz

3114 2157 2052 267 jamais intresse apres moy faittes moy

3104 2274 2105 283 scavoir sil vs plaist a quily a dedans

3140 2453 2090 234 sil n'est pas vendalle je ne feray retire

3141 2554 2079 198 et je vs envoyerray un autre a la placc

3137 2663 2099 204 carr je ne souhaitte qd au menter et en

3104 2750 2177 278 tretenir la connoissance et vs servir p

3090 2875 2165 255 tout ce q pourreez avoir re besoing en pay

3062 2988 2189 246 je vs prie ne me  point es parqne

3072 3113 2140 211 ayant toutte sorte de marchandise en

3088 3226 1460 171 abond ance et a vre servicde

4481 3301 595 187 12 gber 1313

3014 3338 1268 177 Brusselle la veufve Rousseau

3092 3421 2110 147 pr reponce a lhonneur de la vre dus cout

3107 3520 2090 135 croyez moy en sincirete de n'avoir donne

3101 3580 2063 145 la moindre raison dont je sua lon

3096 3652 2118 157 cherge quely fois occasion pre tirer parlant

5367 2680 119 87 1

5379 2805 93 156 ond

5337 2924 130 148 st

5378 1470 82 194 3

5369 91 50 72 1

5341 441 112 96 st

5331 630 90 107 dist

5364 722 156 196 ny

5405 891 89 119 u

5324 961 91 134 1d

5306 1029 72 100 u

5264 1112 147 132 bed

5301 1223 138 112 u ont

5326 1296 54 75 ist

5266 1745 115 112 A
