4978 3914
241 54 249 103 a:8:8

217 76 2207 166 pr ensemble S. Dieu nous vseulle donner la bonne

212 136 2246 230 parx de t un bon retablissement du commerce afin

241 240 2216 253 que nous puissions en cor une fois revivre et negoicer

229 324 2184 258 plensemble i comme du passes les Ambastadeurs

223 436 2212 205 1d la france lont passé pour utrecht lien de la

255 579 2184 190 conterence i'espere pl il ne sien retour deron

256 642 2210 247 quiavant quei le tour ne sera conclue et assepre

252 769 2098 188 le que d reu vieullie sur cette appurence lis

269 851 2131 218 mannufactures commencent a ssencherir

272 962 2158 221 il est asseure que si la paix le fasse que sion

285 1049 2108 254 trouvera len peu un furieux changement dans

285 1150 2168 257 le prixd jay bonne provision et bon assortiment

293 1238 2048 224 a bon compte emet qu'il s'offre quelque

302 1357 2055 169 chose pour vre service honnor& moy de vos

261 1441 2183 194 commendements et r que de vous suid re

282 1571 2170 171 sincerement et a i'eist  en touttes occasion

311 1716 556 161 qui u

1595 1729 648 179 18 Janedy 1712

281 1804 898 185 Brussel le S van doch

351 1858 2115 175 ue aengenaeme van 11 en 16 court hebbe wel ontfange u

320 2009 2132 126 den eersten een briefkens op a uso van 6 deser op Josep

342 2049 2112 148 damme van ƒ140 die geaccepteert heeft betaelt wor

321 2176 2140 110 dende sal ue conform crediteeren af 1 meto ƒ 138:2

370 2208 2068 151 wesselgelde p ue tweeden sien van den huck mijn trat

375 2311 2090 107 op uks gexccepteert hadde van £50 in toe coemende ver

366 2392 2084 111 soeckende die acceptatie te vermeyden ende gelt te seen

366 2456 2013 120 becoemen soo haest moogelijck met nu en dan een eer

355 2553 2056 102 aen te maenen, want die mess souden dat lechtelijck

374 2628 2029 119 elcke rijse soo claeren ende hier daer mede behelven

379 2733 2076 123 ende inde in consiquentie trecken voor rijssels gelieft

366 2788 2081 137 daer den een kier om te senden het is onuyts reckeiil

364 2869 2034 135 hoe en present met de winckeliers moet patientie

343 2974 2088 106 hebben Godt geve alles met den vreden magh worden her

363 3082 1988 123 stelt anders is het onmoegelijck te blijve ne gotieren

345 3125 2085 127 men verliest present meer op den intrest als men een

346 3233 2098 105 de goederen can avoneeren dat godt bete het is wel

351 3317 2118 135 ue mij voor den brief op amsterdam van ƒ 1300 kolakn

357 3388 2043 172 court af5 ¼ prete hadde gedebeteert £205:2:7 inge

360 3477 2059 171 sloeten een briefken op rombout mollemant moren

177 3607 2234 78 p vallende van ƒ175:16 es: waer voor het noodigh

392 3641 2007 156 gelieft te besorgen ende mij te creditteren als mede

393 3729 2048 108 mijne saecke wegens nicolae do nu en dan

2653 91 2132 112 eens in piemone te hoedeniende  ordie

2646 128 970 142 spe tenissa soo blijve

2523 213 746 166 Mons Jaques Masson

3923 193 617 183 17 Janvier 1712

2651 317 2134 140 J'ayt este bien surpris de la mort da mad: vre mere p

2652 428 2187 109 la lettre de mons vre beau frere Dieu veuille avoir son

2643 536 2168 95 ame je ne manque ray pas men fouvenir dans mes

2655 621 2140 105 priens je n'isnore pas la grande perte et quela

2661 661 2096 155 famille soufre mais qui voulons ns a ile

2661 747 2165 165 tant resignir a la volonte de Dieu que ne man

2687 831 2151 175 quera pas vs soulager dans vre affliction gesie

2679 934 2142 141 re que vs entrerez dans la boutique et succederez

2707 1018 2120 111 dans la commene no tacherons d'entretenir la

2700 1100 2131 127 veelle connoissance et je vs fais offre de mes servicce

2680 1185 2146 128 vs assurant que ien ne manquire de ma part pr

2691 1268 2139 149 vs faire vois l'astine que jau et jayt eu tous vous

2690 1341 2124 171 pr la famille voycy un esctrait du compte parou

2681 1442 2148 141 mad: vre mere me rest redevale sus ques au or

2688 1535 2071 110 de son dec £419:2:2 de gros argent de change vs

2692 1601 2132 170 trouverez pr ma letre du 22 d'aoust dernier l'import

2726 1689 2110 140 de nouveau compte £369:7:9 come je l'ay arreste

2727 1776 2057 170 sur mes livres vs avez asteur les marchandises que

2731 1883 2095 149 j'ay liere depuis come aussy l'argent que jay reccu

2733 1965 2065 146 tellement quil me vienne £419:2:2 surditte ar

2728 2047 2113 197 sent de change je vs salue mons vre beau frere com

2752 2138 1857 140 aussi mad vos seure et suis a tous du coeur

4027 2237 640 111 adij 22 Jan 1711

2505 2246 616 116 Mons A:d'aoust

2650 2298 2047 176 Jay bien reccu en son temps la chere vre du 17 dus

2640 2382 2183 130 court jay delaye ary faire repouse au temps que jauvois

2637 2456 2078 132 veu qmes lettres d'hollande, mais jusques a present je n'ait avennes

2638 2503 2178 158 annelles que le fr alougiens &nt payez uelque chose depuis pour

2624 2573 2165 150 vre compte ou pour compte du r dermatetz vre consin tout ce la

2607 2623 2196 160 ne font que des amnsements, il faut travailler pour vous faire paije

2596 2713 2094 137 d'un maniere on d'autre can je fuis toop inerasse comme vons

2590 2768 2185 165 pounez facilement cousecturer je veu bien vendre service a son

2586 2844 2212 183 hmis, mais cela ba tros loing, il y aura bientost en au que tous

2591 2889 2203 177 m'aner envoyez les assignatrous pour de l'argent contant est lela n'est

2594 2956 2218 194 pas suite, car je vous pais dire que jay plus perdu en snterest que

2594 3031 2006 206 je puis avoir gagre sur la marchandise je m'etonne que vous

2590 3067 2206 208 i'elrijne pas a vous neme an sii van heteren ochenins et conseiller

2583 3159 2196 183 a la ffaije, qui a les asliguations en mains comme je vous ait fait

2590 3210 2112 193 connoistre par ma derniere lette hone. la vous infonmera de

2600 3300 2156 179 sont con je la fait a cette ieur tant de fois que je ne l'ofe

2601 3357 2144 198 plus faire pour des raisons que je vous aite commenque vous ne

2583 3414 2249 188 me faitte non plus mention comme il va auge vre spugles et courn bot

2595 3472 2231 190 nous avez a9r la dedans, si vous aves sait venir l'attistation de

2594 3541 2165 177 la ettaije on mon le que je vous prie de medire et de m'hgnare

2604 3604 2181 176 d'un mot de reponse & car de l'an et de l'autre maniere 1 sant lacker

2599 3636 2234 186 de sortir de cette a ffuine ayant vre nesporse de lammen eray cucore un

2607 3708 2038 161 fois d'ecrire a mon amis de Rotterdam et aussi a celag de la aye
