5647 3887
735 38 2154 153 soude obligeeren ende een en egaele last draegen het

762 112 2110 177 laeste pack hebbe wel ontfangen godt gaeve dat het

770 210 2095 213 malheureus mede salvo waere de 2 ingelijde te

771 297 2123 192 commandere voortganck voor engelant te besorgen

789 448 636 176 ende soo blijve

1962 520 498 135 3 acc9: 1713

625 532 1144 192 Brusselle de wed: ch alexis

804 635 2094 218 In gevolge ue laesten die ue mij d'eere aen gedaer

806 726 2092 226 heeft te schrijven hebbe het geperst laecken terege

834 839 2028 225 ontfangen ende ue rect daer van ontlast maer ick

807 936 2008 247 hadde wel gewenst dat ue het selfde noyt gesonden

816 1042 2031 209 en hadde oft dat ue immers mij het met het beuyt

802 1156 2074 205 schip hadde weder gesonden want de oncosten met

817 1276 2009 205 den boede sijn te hoogh ick hebbe geoordeelt on

816 1411 2056 166 noodigh te wesen ue serder te antwoorden om ue

829 1481 2031 194 met geen briefs porten te belasten maer mits

806 1598 2064 208 het saisoen voor winter provisie aen comt soo

821 1703 2065 225 neme de libertijt ue mijn dienst te presenteen

833 1819 2057 231 ende met dese occasie daer van mentie van te

844 1950 1938 187 maecken ick hebbe seer schone en verrsche

833 2074 2006 184 goederen becoemen ick en twijfele niet oft het

854 2168 2043 157 debiet sal gaen beteren ende vervolgens salue

849 2273 2048 206 al een partije noodigh hebben weest wel versechen

845 2418 2027 137 dat ick alles sal doen wat in mijn maghtisom

850 2471 2055 203 ue calandiie te onderhouden biddende mij d'een

866 2597 2022 146 aen te doen van mij over coemende te coemen be

837 2707 1343 168 soecken en sal thoonen te wesen

2049 2824 602 158 3 augusty 1713

761 2831 873 196 Brusselle J:B alexis

840 2922 2011 213 sedert ue aengenaeme van 31 mey laesten hebbe

866 3039 2002 157 voorders van ue niets vernoemen mits den tijt aen

853 3166 2039 142 : comt van de winter provisie soo neme de libertyt ue te

1238 3251 93 70 dat

859 3244 2044 136 adviseeren een seer schoone in considerable partye

883 3359 1980 123 van alderande goederen versch soortiment heb be

875 3448 1997 157 becoemen ick en twijfele niet oft ue sal al int cont

870 3577 2036 162 eens overcoemen en al wat noodigh hebben doet mij

853 3639 2052 180 soo veel eene aen vant in eerste naer te coemen

2989 70 2279 100 en ick en twijfele niet oft sal het geleeck hebbe van

3010 151 2277 135 van ue een partijeken te connen vercoopen ick de

3020 206 2115 179 sal alles doen wat in mijn macht is om eens

5183 289 95 81 6

3041 285 2176 138 voor goet kennisse te maecken en ue ie veel te

3040 373 2184 178 bedienen bidde den ingesloeten aen s ue moe

3039 472 1652 188 te behandige en blijve van herten

4350 543 611 184 4 acugusty 1713

2946 624 694 150 Mons Jhs Baniot

3002 685 2181 205 pr reponce a l'honneur de la vre je suis bien aise de

2995 770 2216 208 vos que me ferz lhongiur a mervinen voir en pe

5229 838 48 73 s

3000 853 2275 195 de jour je vs asseure qui trouverez chez moy le plu

3005 961 2273 229 joly assortiment que uussies avoir veu de vre vee des

3011 1014 2275 244 touttes sortes des maris marchandises vs me demande

3020 1132 2178 211 mes cartes des eschantillions vs pourvez bien vs vs im

3016 1239 2266 264 giner quil m'est impossible de m'en defaire com

2978 1367 2203 200 jin ay besoiny tous es jours soyez bien en repes queje

3025 1422 2216 228 vs feray voirs ce qui ne trouverz pas dantoute la

3028 1547 2241 231 ville d'anvers et quoy que les marchandises soient de

3034 1663 2152 194 encherie de beaucep que je vs sevira non obstant

3018 1767 2191 189 a tres bon marche come jay desia fait a beaucriuyp

3013 1888 2189 151 des marchands de vre velle ie donneray a bon compt

3020 1938 2266 212 en teunture 2 ps de bayes bleuses de  36 et jeferay ell

3012 2045 2267 189 mettre a leau 2 bayes deventer come avez tous piers

3018 2151 2177 202 eu de moy je tacheray de les avoir prestes avant vre

3020 2271 2182 190 arrivee icy ie mat este impossible vs escrire u

3017 2354 2153 197 vs faire reponce p messager car il partoit le mes

3014 2416 2231 219 me jour quil me sit livrer vre lettre et javois trop

3018 2560 2167 156 d'affaires attendant dont l'honneur de vsirir je me

2979 2701 242 123 1 ditt

4357 2690 595 192 7 acugusty 1713

2994 2754 916 196 Gent J:R: de Saedelaer

3028 2811 2122 223 becoemen bij ue aengenaeme van 5 cour reck van

3027 2934 2146 162 vercoop van de 2 quarten drap de dam mes bediae

3024 3014 2140 206 gende af getrocken ue provisie 38:12:9 hebben

3034 3086 2071 193 conform gedebiteert doch tot 12   sulcke drors

3026 3190 2097 220 de dammes te moeten a bandonneren daer de

3026 3268 2084 250 goederen soo gemonteert wesen is saer tacheis

3030 3303 2163 270 entin het is altemael intrest overhoort ick ven

3025 3427 2143 225 de datter maen 3 partijckens meer te adgiesteeren

3020 3535 2268 208 wesen als dat van 4 mey 1711 ue gesonden waer bij

3007 3647 2175 173 maer een blouw lacken onvercocht can wesen
