4881 3917
1580 90 705 122 d j ae 1712

232 70 1087 159 Machelen Jacoous Jarai aens

409 157 2058 141 ot antwort op  n ger arme vo 2 deser ro8 sen de ie

423 270 2038 117 andermae n get pete h court waer y nd

416 316 2027 124 mijne goet heeft sal  en oone N395 195 9 het is wonder

404 415 2071 106 wij te saemen  lange tyt mie gedden hebben

437 493 2014 95 ic en twijffele niet oft ick hebbe ue wel en naer

442 586 2030 101 ue contentement bedient en vervolgens wenste

425 655 2044 126 onse corpes pondentie wat van meerde re contae

434 719 2052 163 mochte wesen ick hebbbe seer schoon sortiment can

431 801 2038 135 alderhande goederen tot ue dienste iets voor vallen

431 930 2052 90 recommandere mij in ue goede genegentheyt ue asseu

418 1020 2023 87 rerende dat mijne devoiren sal doer om ue in alle

423 1060 1968 112 occasien tot contentement te ordienen die mij

426 1136 1987 140 naer cordiaele groetenisse als aen st e beninde

362 1113 49 144 28

1702 1201 574 139 1 february 1712

235 1188 1081 167 Brusselle Paulo de Broyer

441 1291 2036 130 verhoepe ue goet retour als mede dat het packe a costij

464 1399 2014 129 wel gearriveert is ende ue alles naer ue contente ment

431 1501 2017 108 hebben gevonden desen p post alsoo de heu neet men

444 1575 2022 119 en veert tot het opsenden vande facture bedraegend

443 1627 2042 141 in wisselgelde ƒ 372:1 waer voor mij gelieft te crediteeren

434 1726 2034 124 ende in alle voor villende oicssien te commandere

449 1792 2025 118 ick verhoepe dat ue met den aenstaende reesten noch

446 1865 2000 140 als eens sal overcoemen ende een partijeken noodigh

427 1935 1999 216 hebben ick hebbe seer schoone spaensche ende andere

422 2055 2048 137 laeckens meuve moede couleure tot ue dienste van alle

165 2056 70 144 6

449 2166 2004 128 preijsen ue en ti ue bemende nevens is ue moedel van

422 2222 1110 160 herten groetende soo blijve

1717 2254 608 193 1 februurj 1712

282 2334 1043 176 Brusselle : van soche

427 2377 2045 235 ue aengenaeme van 21 en 30 past hebbe ueelontta

430 2483 2023 192 met den esten een ¼ brufie van ƒ400 court gelde

432 2605 1922 177 op Dh G1 de coninck waer voor ue pas gecrediter

419 2684 1974 181 hebbe p ue tweeden remitteeert ue  m noch op

447 2778 2022 165 dh 3: de coninck ƒ600 court a 2 prets mijne avane

465 2872 2013 153 ende ƒ400 court op matth prosser a  op brugge

441 2967 1960 110 voor 'een ende d'andre sal het noodigh doch ope

455 3056 2031 117 brugge is present meer dan sprets schaedi also

449 3117 1971 176 weynigh oft geen gelt d'erre waerts te vinden 3s als

464 3193 1996 123 ue mij met avante op tijt eenige brieve soude con

440 3266 1977 154 nen henden nemitteren mits voor de selve instaende

2156 3332 265 75 3520

426 3344 1972 165 sal mij altijts aengenaem vesen ick sal de werder

2210 3425 125 59 N:

434 3430 2034 170 in corte brieven altijt trachten te founieren i

407 3541 2037 150 £loeten remitteren ue als als aen den voit deser end

2173 3601 217 123 45

411 3618 1498 163 naer cordicaeler groote neste soo blive

2633 116 2050 93 op liedove  mossemans £40 wisselgelde

2645 144 944 151 op mecheel van schoor

3839 160 923 123 £21:17:9 wessel gelde

3840 242 435 140 £61„17:9

2621 307 2148 157 aengaende dat ick in assiggnatie trecken is voor come

2618 426 2163 120 ditijt van mijne calauten op eenige daegen wel te

2627 491 2172 158 betaelen maer met dat ick die in consiquetie soude

2639 581 1414 122 trecken van op tijt te accepteeren

3881 660 676 153 5 febreuary 172

2543 688 1155 126 russelle ledove sselmons

2627 751 2104 161 verhoepe ue gaede gesontheyt in wel vaeren ende dat ue

2626 901 2145 93 tegens den aenstaende raste al een sal overcoomen

2641 961 2164 118 ende een partijcken noodigh hebbe waer toeee

2664 1063 2163 103 alle occasien mij van dienst presenteeren us ee

2675 1110 2048 157 dat ick niet van mijnen cant naer laeten om

2655 1197 2113 156 voorder te saemen in kenensse te moegen

2666 1299 2123 140 men met de meeure goederen soo moete wat

2670 1392 2124 144 veel betaelen ende mijon vrinde tot assesten

2676 1464 2075 155 tie versoecke onder andere hebbe de mij he t

2670 1560 2067 188 genoeme op ue mede te trecken £40: nvis

2679 1630 2131 195 aen d'ardie Dh peeter van dock in asi

2694 1719 2089 226 die ue op ue gelegenthet op eenige daegever

2685 1815 2127 203 soocke te betaelen ende ue sal mij oblegenn

2704 1976 1124 145 die blijve van heven

3967 2013 820 165 Ady 4 februar 1712

2507 2059 959 160 nons Aetthorne Detoutt

2602 2128 2049 162 ie vous ay escriptena derniere le 22 jainoier ie vienne de

2626 2195 2150 177 recevoir advis hier que le s. hallongins a payee le quatesses au

2612 2302 2181 196 payement portant £1186: argent courant dhoalande donn

3194 2421 90 49 E

2617 2396 2142 145 ie vous fait bon compe ƒ661:15 et ausi I P des marez vre

2613 2491 2086 132 Cousi £524:7 faisant ensembl la stanne sur ditte

2618 2537 2155 174 de ƒ1186:2 argent contrant d hollande. ie vous prie de luy

2630 2653 2105 145 en donner part et de travailler a fin que  puissions

2630 2790 2097 89 toucher le quaire payemens restantse pour fait ce quil

2606 2838 1964 119 soffre pour vre service commandeez moy pu s'uis

2588 2929 2017 178 N. si agant acheve cette la mienne ie vreune de

2615 3021 2128 136 recevoir la chere vre dhier. 'eserive ceiourd huy au

2615 3070 2165 168 van heteren et ie ne manqueray pas de fravailles

2653 3181 2075 132 a l'affaire commei ay tousjours fait que ie vous ay

2614 3305 2186 103 donne l'addresse ccat este pour vous desabuter et faire

2609 3351 2181 138 croire que vie vre manque de ma part neaus

2612 3423 2205 185 =faittee de voir du coste bu collougl ous le Baron

2617 3549 1839 147 de walelf ce queie vous ne com

2625 3631 2180 165 marque mo sil vs estiez content de depence quils choz

2651 3727 1329 115 ie non pr faculite l'affaire
