5293 3889
1701 53 503 117 14 Juin 1712

319 65 609 132 tournay As thur

436 132 2127 140 la chere vre du 10 du ourst ne m'estrer du que ce

418 215 2161 122 d l'inclure remise ƒ800 argent de change

428 295 2075 136 de sr Joan francois fusclur je procureray le necessare

444 359 2101 159 estant paye je vs le feray bon en comte je suis estonne

456 455 2003 183 plus q vre q: de voir de plaintes que les derniers

463 532 2018 191 drap nois vs envoye seroit en si mauvais es

471 615 2083 221 je vs prie d'examiner l'affaire et de voir p ny a

467 719 2093 180 d'abus si cest mon drap ou bien d'autray outre l'exe

466 790 2061 188 miner je jout bruler dans la  bien dans

483 902 2008 221 la paess et me marque le numbre come je vs la

486 983 2080 228 marque p ma facture glors je me pourais adresser

488 1093 2037 209 au tondeur et au teinturee car cest la nevmbe

500 1233 2043 223 qui le pet dontier a connoistre puis que

501 1307 2026 244 plus jur ouvrres  mons quil ne saqis poir

511 1446 2037 174 de ma faute ny que je n'en ay rien

526 1518 1914 229 je ne vs envoyer  de marchandis

501 1602 1979 245 mal conditionne je suis mar plus q

515 1708 2009 247 aussy je ne pretend pas q sera intresse apres

511 1830 1883 188 la marchandiss of jay l'honneur de vs vendr

502 1947 2043 195 je 25 demande excuse je m'estonne que

535 2033 1909 166 donne rien  quil y'a si lontemp q' n'avez

537 2123 2061 167 tire de marchandise croyez que j'ay le plu

540 2229 1950 172 assortiment de toute sorte de marchandise et

534 2315 2002 199 fort bien marche ayez seulement la bonte de m

515 2430 2031 126 ohoner quelq chose et vs trouvera l'effet de mon

527 2514 1928 159 dire de plus jaray soing de redresser la faute

527 2607 1955 164 comise dans la drap noir et vre faire voir q

529 2711 1387 171 je suis et serez en toute occasions

512 2831 1993 135 je vs  pr l'incluse pr nad

554 2895 1961 121 broute a ½ port et attendant l'honneur de vre r

529 3026 607 122 je suis

1617 3048 335 127 16 Juin

384 3097 848 127 Mons Jaques Masson

512 3143 1903 167 Jayt ordre du S gigault vre beau frere de pare

515 3229 1944 142 aux heritiers de eu s eeckhove £4:14:8 a que

504 3312 1869 119 a quitte en fuittes a la quitence occ mapr la

2465 3384 48 59 d

479 3398 2007 101 maison mortuaire de feu mad: vre mere je vs prie de

481 3459 1969 135 luy en donne part et luy mettre es mains a quitence

468 3531 1961 142 avec offres de mes service en touttes occasion je m'es

475 3606 1999 160 bonne quil ne je presente rien de  pr avve serice

467 3682 1994 139 et q'ne tirez pas de marchandise sansdoute vs

2813 63 2250 119 tinairez dans la boutique et pr c il me faudr

2838 148 2220 118 juger que serriez pr le present  d'esassorti et quil is

2820 199 2222 145 ffaudroit un bon assortiment de nouvelle marchandisse

2837 281 2224 115 evyez que j'ay le plus beaux assortiment du monde

2821 376 2246 124 et que je vs serviray tres bon marche sil vs

2833 454 2226 146 t de vos ordres il est certain que ns auronns la paix

2841 533 2205 173 bientost et  les manuractures haisseront de beaucoup

2863 652 2193 139 il est temps de pouvoir profiter car l'onn a jamais

2835 721 2226 202 veu les drappereeas a si bus prix si vs  voulez

2865 819 2146 138 ie vs en tirerez vos advantager et prien aure de

2854 939 2211 120 l'obligation p apres je  pas que

2851 1010 2200 158 tent du tout du dernier draps noirs vs envoyeie q vo

2870 1096 2183 182 que ne m'en avez jamais fait m'ention

2859 1195 2177 180 jamais eu ni veu meillieur drap pr bon pria et de

2875 1282 2167 143 cette maniere la je tacheray de continurer et vs ser

2867 1384 2197 121 vir mes compliment e  vre soeu et beau frere

2866 1477 998 170 a qui je suis

4063 1519 395 165 16 Juin

2733 1577 696 144 Brusselle ƒ3 tsas

2876 1640 2111 179 Ick come ue door desen adviseren dat op ue

2885 1739 2127 134 te betaelen in assignatie aen d'ordre  peeter van

2883 1833 2136 146 york ƒ15 wis die op eenige daege gelieft conform te

2834 1915 2213 121 verheeren mits men den  van a le can te voor

2835 2002 2230 134 verhoepe met godts gratie dat wij die

2838 2095 2216 124 int cort sullen becoemen ende dat alles seffens sal gaen

2837 2186 2202 118 beteren met het af gaen vant jaer ick hebbe een ver

2851 2309 2194 108 partije goden van alderhande sorten

2852 2358 2068 123 re laeckens en prijser, onderwegen die int cort met

2872 2438 2119 136 godts heelpe verwachte dat ue   sortiment

2865 2556 2174 139 op sal gesien hebbe sijnde in alle occasien tot ue dient

4194 2616 390 164 16 Ju

2889 2635 193 129 lijve

2744 2708 1014 138 Brusselle R. mallemans

2841 2725 2184 205 daer is heden uyt naem iemant by mij geweest ordonne

2834 2854 2109 124 rende ue 6 stucken witten bay afterenden op het addres

2823 2886 2225 178 van PB: dieckx en gl ick die persoone niet en ken

2806 3002 2233 165 soo en soude niet doen sonder alvorens ue schriftelijcke ordre

2813 3062 2180 143 te hebbe die ue my can sende tegens saterdagh doch swaer

2828 3139 2205 167 der bayen als  40 a 42 en hebbe ick niet te betaelen a

2812 3213 2237 189 ƒ28w: die sorten is seer goet voor de verve ende ue sal dat

2818 3298 2121 161 soo veel mede doen als met die van  46 a  48 ue de

2827 3370 1991 177 salve connende dienstigh wesen sal ue ordre

2819 3436 2187 167 ende soo 6 stucken voor eene pr dater dagh afsende

4404 3542 105 77 de

2813 3570 2227 137 mets den vrede voort gaet soo  de goeudein engelant op

2816 3667 2215 97 ende het  facelijck wesen dat  groote verhande

3100 3730 88 61 l

2820 3712 2185 122 inge voor coemen verhope ue de  ƒ78:18 aen
