5448 3889
631 36 2167 111 aux tondears afin quils donnent le mesure c cela

615 108 2178 165 est deux printicy une au aulre d'anver il y eua

636 188 2052 174 quils en ont ciz vs mesurer le vs mesme aulne

640 248 2070 190 aulne come ce la doit estre et vs le trouverez tout

654 341 2066 190 autrement carge nay pas faire d'un aulieer son

616 450 2162 186 mente je ne vend pas sur un pud come celaxtj

616 545 2161 186 suis content comede le trouverez sur l'aulne dan

631 637 2085 171 vers vs mesme vs n'avez qu'a me le marquer

643 727 2061 205 jespere que les plons sont aue 2 bouts au regond

707 829 1989 195 de carisees soyz bien parsceade q je n'a pas

688 940 2058 167 este un amussement et q je n'ay garde de vendre

700 1038 2017 156 la marchandise q je fait a prester pr un amis

695 1153 1980 200 je vs ay marque le 26 gbre que je pourrois

682 1261 2072 143 envoyeer as carisees en risme tempr

697 1326 2057 158 draps de dammes dans l'opinion qp jen adroiy

682 1425 2097 155 eu de prestes mais considerez le temps quo

665 1524 2107 179 eu de pus pr le draps bleu et verd ilne sont

667 1599 2095 229 pas hans que de ƒ2:14 il est vroy & jchayt

692 1707 2015 177 eu et vende misme a feu vre mere aus trefois

691 1801 2050 207 a ƒ 2:5 mais ils tombouns d'une tresmoindre

716 1918 1986 147 calite et de pus je n'enay plus faire venir

712 2007 1997 203 vs le voyez si bien f moy aux eschantillions

699 2115 2096 200 ceuv cy font d'une tres bonne calite je vray ver

726 2222 2059 188 de beaucoup a mons et mis amis en sant contert

715 2328 2081 199 et aiment bien  mettre le prix et avoir quele chose

707 2441 2038 215 de bon jesis mary quil ne l'apeent poont

720 2567 2068 202 pr leur prise il me faut avoir patience advres

744 2673 2052 176 sez vs ou il vs plaitee parsonne ne vs s p servere

747 2766 2021 192 a plus pest prie q moy ou il faut que ces joins

751 2870 1965 176 d'autre et mointe calite je ni estonne  vs

745 2980 1997 188 voulez tousjouirs marchandis je vs as beune

760 3078 2022 201 a  est pas mon maniere d'agir q jcm

738 3167 2045 224 sfartues point je vender a l'un corte de bient

762 3279 1993 208 et je dit tousjours en un mot ce quils pas a

717 3389 2041 191 faire vs en trouve leffet en tatte occcastion

1960 3491 376 142 19 xber

544 3491 1078 141 Brusselle francois Ansillion

719 3606 2040 107 la chere vre du 16 du cour ne m'est rendie que hier

707 3680 2083 112 nudy op medit qv:9: at este pr icy et j'estois es bonne

701 3758 2094 83 n'avoir eu l'honneur de vs voir ne pailer les tlanc

2894 48 2249 157 be verdent p icy a un prise quil vy a point moy en

2871 109 2223 187 y trouver son compte cause & je n'en fait plus

2881 202 2257 149 venir ne au depuis q je vs ay vendue mon dernier balot

2890 275 2261 188 ⅓ an 1110 au mois de jullit je sus mary ne vs pouvoi

2910 383 2211 189 rendre savice la dedans mais pr des draps jen ay si

2920 461 2194 154 bon assortiment q je n'en uyt encor eu de mara

2921 605 2186 124 pr vre service si p hasard vs pouvez de voir besoing

2931 658 2240 184 de quily p de draps escarlats jen ay du d le beat

2929 760 2170 172 quils ont tres beausi et a bon marche les sant

2945 876 2169 172 en avant la cherte de laisnes je m'en voudrie

2929 972 2216 152 bien faire quis l'on dit la paix priene affaie

2906 1095 2232 198 faite Dee reculle quelle pais contribuus quely

2914 1194 2218 224 aveur au negoie car ma fais ou a plus perdu

2914 1309 2223 221 & faigne durent ceste querre principalement dans

2894 1410 2226 180 le ne goie de manusfactures pr tout ce quels

2892 1539 2195 209 tres mr vre service des posez lebrement de celuy

2913 1652 1123 218 que sedit pr tousjours

4354 1732 521 128 22 gber 1712

2835 1752 977 196 Brusselle Peeter van Jock

2898 1894 2153 179 ingevolge ue aengenaeme van 11 gber moet sijn di court

2927 1932 2226 194 hebbe ue briefken op londen van 6 deser vso op williammend

2910 2076 2224 131 81:4 voor ue ick in getrocken tot N 34:5 ende ue geene

2926 2171 2182 143 diteert vlaems £139:14:7 meerdere prijs en was daer van

2931 2301 2203 109 niet te maecken alsoo daer parteyen te doen waeren tot den

2946 2357 2167 155 selven cour ingesloeten remitteere ue op eensillon

2927 2477 2178 164 10 vervallen ƒ 189 mijn assignatie op J: Janssens ƒ240

2922 2578 2178 128 en op guilliam tsas ƒ150 tesaemen £ 98 en heeft ue tot

2926 2654 2128 158 ooch toe met avance mij niet connen remitteeren soo

2886 2749 2187 141 moete spatientie nemen dencke int cort evenwel iets

2896 2834 2223 128 sal voor vallen dat ue recommandeere e ue doie

2896 2926 2235 157 tedoen sijn wort sal presteeren ende ue het beloofde voor

2894 3035 1608 170 het hoogheyt teleen. groete ue en blijve

4193 3116 782 151 Ady 22 ditto

2835 3127 922 184 ier Joleph menders

2859 3225 2267 180 smet dat de waegens niet gereden en hebben soo hebbe

2905 3350 2188 122 ue bolchester baye niet voor heden middagh connen

2897 3454 2236 147 afsenden. hij is in een volleken opgepackt en verhope

2918 3540 2208 125 dat ue hem desen avont wel sal beaemen valter iet

2917 3649 2142 110 voorders van ue dienst voor bidde mij niet voor biy

2904 3726 2186 87 tegaes. ick sal ue in alle occasien wel bedienen. blijve
