5350 3889
498 44 2139 159 soo als ick aen monst lindekens hertelijck hadde roesocht

509 177 2085 93 ende te tn commandeert als ost saecken dat ue gene

509 219 2142 168 provvisie gedaen heeft soo dencke echter datter voor mij

532 315 2045 146 noch al iets  jahoenveynigh het soude moege

538 402 2126 170 wesen van ue dienst sal voor vallen tot dien eynde

534 502 2078 161 coemen ue ens advise dat   vers

532 587 1985 176 goederen godt danck al thuys hebbe becoemen soo

518 674 2133 139 schoone sortiment van spaensche ue eode

502 783 2119 148 col lacckens ende geperste van alle ijse

545 870 2056 153 als ue noch sn leven cangesen heblen voor die

557 959 2142 169 ceuse en ectraordineire sijne wette by

554 1095 2147 127 van 63036 „42. 43 a 6 48 dagenter en cal

543 1179 2016 142 chester beyen e ue magh geasseureert wesen

557 1262 2085 152 dat ge hebt plaeser ende contente mont hebben

580 1323 2059 186 in mijn sortiment te sien oock dat ick ceviel

553 1441 1762 156 sal bedienen die en wachteige blijve

1700 1550 542 108 31 accqustij 1712

406 1529 795 160 Leeds Gilliam. Coctson

514 1587 2095 173 le 17 du court je vs ay fait remises via ottende de  £611:7:7 a

523 1689 2198 161 18P p la hollande je vs cy envoy ce les secondes lettres jespare

529 1779 2139 157 quelles vs senont bien parvenuces touttes deux et jattend s hon

531 1866 2110 159 neur de vre reponce dapui ja receu tout vos ballots jenay

540 1940 2140 137 onvert et examine N 29 et 33 avec les draps fins je les trouve

527 2056 2141 100 vous et raisonnable pr leu prix raison il vs pluira d'en

539 2113 2142 141 achepter et pre pares ayant receu cette la miinne 2 ballot

538 2200 2146 169 parielles a parter do misme et de mesme couleuresho

538 2279 2084 115 mes les couleures jausnes de N33 dont je n'en veu plus

530 2359 2015 140 les autres couleures sout bonnes pr les 2 autres ballots

540 2431 2107 159 N35 de N3:6 et N26 de  3:10 a N4 p ne les ay point

560 2520 2156 141 encor veu le vs en scaurez dire mon sentiment au pru

542 2635 2104 122 je m estonne q vs mosez envoyer et charger dune

560 2678 2008 194 qualete de bayes de  48 come jay veu p la premeer

550 2756 2108 188 ballot N24 q jay fait ourrir elces ie sont pas vendabbe

538 2870 2152 118 et je ne seay a q jen feray de maisi en consience j'en

543 2936 2111 143 sis faut desolie et chagrin q vs m'envoyez telle marchen

547 3016 2126 163 dise ou je n'employe  q vs seul ce q les autres ne sont pas

547 3087 2171 151 si vs pourries a voir occasion pr en pouvoir desposer a e

548 3208 2122 103 autres vs me tteriez grand plaiser car je ne les scauroiz

555 3296 2107 111 mais debite et de ples je ne vs ay point ordonne felle sorte

566 3346 2074 133 jen st ce autre fois a 48 beaucoup meillieures tout i

551 3432 2059 125 q je vs recomnde tousjours est de nen voyer tout ce

571 3493 2107 155 quil vs a de plus curieux et de la plus finnez marchan

554 3578 2112 127 dise bien foudeee a ptrestie et conditionnée ne prenent

540 3657 2113 123 pas sende au rix pais gr la marchandise sois bonnee

547 3712 2147 132 ladvenant cest une histe affaire de je voir senvir de

2825 70 2210 113 manee re p ma rschaine plus et entre temps je modise

2773 109 685 138 Mons et d' aousf

4127 116 397 123 31 coust

2825 156 2270 186 pr reponce a la chere vre du 27 du cont les marchandise

2837 279 2164 144 m avez ordonnees sont preste tres bien accomodee

2831 320 2283 192 tientes et partent ce jourd huy pr brucelles p la barsue

2830 440 2268 132 dans un ballot marque AB en suitte a vre ordre a l addres

2803 499 2310 159 de dhenrij de geau il vs plairre de parles avve e cartir

2821 580 2242 176 afin quils eussent doing d'alles priendre le ballo & bies

2820 684 2260 136 selles car sil tande endor ce nesera pas ma u il

2811 727 2297 155 sera vendeady pr la grace de dau sus la halle dansba

2812 833 2257 127 vayoy incluse la facture portant en argent de change

2821 920 2292 169 ƒ629:10: touttes les nouvelle marchandise sont errive

2842 986 2199 177 & quil me cause un neu d'embarasse sellement je

2840 1066 2201 189 doit tinir ma lettne et vsdire q jp suis fourne de

2821 1172 2276 142 toutte sarte de marchandise et assortiment maqna

2811 1277 2228 126 be ne venat voir vs en voyerez l'effes il touverce

2819 1332 2231 165 de eoy vs assortir on ne dortt plus de lapaix es p

2819 1416 2274 137 la sierpentiien d'arme c tie la granc et l'angletire

2853 1496 2239 128 vous en cherie et portera rn pu fasis chane

2852 1583 2180 132 mint dans tactte sorte de m'anu factures vs ne face

2843 1667 2197 155 pas mal de profiter de l' becasion et de vvenir

2832 1739 2306 173 pourvoir de quilq assortiment com fon beaucoupis

2862 1858 644 123 d'autres me dit

2830 1877 2249 177 je vs prie de dire a vre voisix le s Jaques meson

2848 1986 2169 126 de ma part quil m as este ma possible a faire

2827 2071 2202 101 responce a sa lettre plus tot p le grandembeere

2837 2154 2136 95 dont je me trouve et  je ne manquer pas pr

2769 2258 1984 71 desmain ou apris de moin  lcs eseure

4097 2324 423 118 1sentember

2751 2305 629 118 Mons J.P. Caniot

2823 2384 2213 148 pr reponce a le chere vre du 29 du parse se proueurera le me

2807 2472 2242 122 cessaite pr vre remis de ƒ300 argent de change a charge d

2805 2543 2199 133 mons Jaques de s a bon conte en suette a vrs ordre

2814 2637 2201 103 de vs envoy au jourdtvay p mesager Jonart 3 p de bayes

2821 2691 2236 157 dans une molle mer pee EE  scavoir une flanelle de 3

2808 2823 2233 84 larges seeperfine en 5 4 nouvelle fabique aue  une bay ce

2823 2883 2178 81 nouville fabrique a ƒ42 et une flane de commend a

2803 2968 2247 120 8 vs o  ce quil vs convionne le mieux et  la

2814 3051 2213 95 bonte de me l'advise si vs sounaitter d'advantage

2806 3116 2233 83 vr ballot ne pourre pasty p marerad que re nre

2797 3189 2221 100 le reste de vos marchandise tellement q vs auee du temps

2783 3270 2255 116 du m'escrere il ny a rien de nouveu pay s non gion

2796 3326 2264 112 anne la paix opr assiuex et pr une affaire faitte la upe

2798 3395 2256 123 tion ds  entre la frane et langle sera s'ause ansiderable

2821 3483 2204 97 en cherir la marchandise en angleterre ne un mois sin

2815 3575 2244 69 souhaittes un bon assortiment je  vs le leoverera a bonmas

2816 3625 2253 96 the come du pae mes pouvelles marchdis estans toutte

2810 3679 2202 104 arrivas et achepte a bon marne tousesortes de draps

2799 3742 2236 97 les plus joleu couleure q vs paissiez vois de  42:45
