4908 3949
1686 83 780 130 adij den 17 fub 17181

230 90 659 147 brussel dousedan

352 176 2057 123 ick hebbe be in soo laerck niet geschreven ende lapressans eens

297 274 2036 109 stillen aftraghten oft be geen reden oft consideratice en sande

290 321 2124 160 gebruycken ue magh vrij sheeten dat ul de versaeke ban sijn

311 402 2034 128 eijgen trijnen is en sal wesen dat be reghtfinnigh ende swel

297 497 2073 97 hgeerde ende aen 65 beloften voorqueme een sder een soude N5

302 536 2145 123 als vooren crediteeren siet en considereert eens hoe lanck dat

281 626 2068 104 ue mij un uyt gestreken ende gepaeyt heeft met beloften van

301 664 2134 156 ondert guldens aen mij te betaelen oft wel kan staek ratt en te senden

301 766 2078 140 middelttydt ick en aerneme nochte het een hoelte het ander

284 824 2165 180 mentenght soo lanck den houdt tot dat hij vant beydt ende ick sayle

283 939 2154 127 V2 oat uyt ten sjne andere treegen ingaet dat mijne pakentie sal

292 1039 2123 110 ten eijnde loopen ten minst en ist dat ick geen geldt en ve

307 1096 2141 136 soo sal ick het soo maeken dat ick be niet en sal maeten. dalden ende

301 1151 2123 138 in mijn aensicht sien spoulren ende met het mijne ende eens ander

295 1243 2122 157 sien blijve sotten ue can sijn nesures naer advenant nemen al

306 1308 2116 135 en schrijne, ick ue niet ick en laete niet naer gevaelen te hebbe

329 1370 2072 138 eade mij naer ue canduites te informeeren ick weete dat 65 aen

314 1438 2103 156 andere betaelt ende betalt heeft ende niet en studeent als om mij

309 1511 2148 153 uyt te strijken., ick bidde ue ageert eerlijck ende doet aen

300 1597 2074 179 mij gelijck gij wilt dat ue geschiede en afwaghtende

1720 1708 747 168 adij aen 19feb 1712

348 1741 509 138 belijve

196 1810 1167 140 Mons. Hierre Francois Laniat

350 1845 2105 177 Jay bien reccu ies deux cheu tres en san temps du 58 janrer

347 1939 2088 121 et 15 du court en fuitte voiey au pied de la lettre le facture

348 1992 2044 149 de deux p de bays a vous envoyez, au regard du habat que

344 2051 2089 146 vous m e voulez faired'un dite ftant flarins il en est ienpossible

362 2162 2046 122 pour l'accordes cela ba E En pour cent de dimsmati de la

364 2191 2065 176 partie monsient vous ne serez pas cautent desie fufait etil

338 2267 2124 164 saul qu'ien marchand casse ausfy sou compte de lett e marier

326 2338 2099 148 la eu ne peut jamais faire foud sur ce que l'ot vend a

340 2399 2069 168 un bagatelle spres nour nauvous aucune dispute ensemble et

347 2481 2105 157 je balheray de vous rendre content je procureray le neles

331 2549 2058 143 lire pour vre auuise de 300 de chalye que su envoyez

353 2626 2072 157 par vre derniere lettre du 15 a la charge du s Jacque, de

334 2684 2022 171 cleues il m'estoit impossible de rendre respanle ier par le

345 2760 2088 194 messager qui est sartie le meme jour des draps de si bas perx

349 2832 2002 153 que de 33 a 34 patars je n'en vend pas je n'ait horent

325 2891 1948 204 de demjnde ni debit dans des si pellittes marchandises

339 2979 2071 163 meme les gens 4 sout mal servir car il vant lent fors milee

337 3047 2081 192 y mellrec quelque chose d'anantage la valeur est a l'adverent

331 3148 2112 119 et les mannfaclure d'angletere jout presentement son marche

327 3200 2093 155 assez je vous enroie dos c quelques eschantillions, dont vons

315 3275 2130 175 fronverez vos couleurs  je vous priee les escaminer et

324 3379 2132 132 une les aenvoier avez l'honneur de vos ardres, vous assorhet

330 3435 1893 161 que je vous serviray toujours de la bonne et bille

348 3507 2069 148 marchandise et a faste prixe et en attendant je me

328 3651 236 118 21

3427 92 1120 141 dy 20 februarii 1722

2537 92 679 177 Liensan de Kinder

2595 164 2233 187 volgent ue huysvrouwe mij geordonneert heeft over eenige

2602 318 2216 99 tijdt soen het geluck hadde haer te rescontreeren soo sende

2591 404 2126 106 ue dan ingeslooten de reken courant waer by mij tot

2634 463 2153 134 lade te goet  salvoerrore £72:3:8 wisselgelde

2612 545 2225 149 hadde verwaght die aen haer selfs te connen behandige

2633 602 2151 154 maer om wat reden ick het geluck niet meer en

2620 696 2175 156 hebbe van haer ni en dan te moogen sietn en can

2636 770 2170 154 ick mij niet beelden. ick can al doen dat tmant in

2601 859 2228 143 tet werpen doen can bovendien schoonder sortt

2603 948 2143 149 dan by mij isser vergent te vinden. ick verhoepe

2637 1025 2101 161 ue al eens van entrme dat veranderen ende dat

2646 1140 2073 127 ick wat meer faveur ende ingressie sal vinden

2617 1199 2137 155 ende daer toe offzeere ick in alle occasien mijnen

2647 1310 2114 143 dienst pristeipaell met dit aenstaende sai soen. ick hebbe

2639 1384 1999 99 seer en neude en nieuwe moede couleure laekens

2641 1448 1988 146 ende andere goederen van alle prijsen ick

2637 1531 1896 119 recommandeere mij van herten en blijve

3743 1610 924 168 Ady Ditto 1712

2518 1611 836 177 hier Johph menders

2621 1761 2128 117 sedert dat ue op 22 xber 1710 een stuck baiye vercoght

2629 1817 2040 144 ende gelivert hebbe bedraegende £4:13:4 vlaems

2654 1919 2122 146 wisselgelde ben verwondert noeyt meer het geluck gehadt

2679 2021 2150 140 hebbe ue te sien ofte te coemen spreken ick recommandeeen

2651 2094 2134 134 ue overcoemende mij eens dare aen te doen van naer te

2661 2193 2125 139 pasteeren en voorders iets van ue dienst voorvallende

2638 2279 2095 144 mij als voorens te willen emplogeeren en soo blijve

3847 2354 647 144 20 Jebruay 1716

2507 2372 944 148 Brusselle eeker van sock

2647 2436 2181 164 gedraege mij aen mijnen laesten van 15 court die niet twijffele

2624 2553 2187 117 oft ue sijnen tijden geworden bij den selfden hebbe ue gpremitteert

2661 2607 2148 129 als ƒ578 wisselgelde op d ansillion 12 court vevallendien

2665 2711 2170 111 op romboat mosemens ƒ 190:- 16 vervallen in gesloeten enoch

2659 2773 2157 125 brief op 8 sicht op pluliph merloye a costy van ƒ518:3 wissel

2677 2852 2130 162 waer voor het noodigh gelieft te besorgen het sal moj ainge

2643 2933 2130 134 naem wesen ingevallen ue mij met avance can remiteren

2656 3034 1831 133 en afwachtende daer van ue antwoort soo blijve

3914 3112 263 120 20 d.

2566 3125 980 134 Brusselle wed: vander borcht

2644 3154 2178 143 tot antwort op ue aengenaeme hebbe het pasxte gemerckt N 388

2661 3247 2120 125 dan heden schep gedaen ende verhoepe het selve met goddts

2653 3318 2169 156 tractie ue wel sal geworden ick hebbe den facteur doen specke die

2630 3387 2195 132 mj assiereert dat het schop niet als niet behoerelijcx pas port sal veeren

2672 3464 2148 122 oock hebbe ick den persoen self gesprocke de misent alhier de

2669 3519 2118 158 transche pasporte voor de schope te waete die mij ens gelyck

2661 3592 2140 127 vers ciseert dat de schippers pas port nemen so dat ick hiet meer

2690 3649 2094 132 doen en can den vrent die de pasporte geoft seght mij dat het

2676 3737 2131 130 groote pack al wacht van 70 ps niet mier als  van paspoit

2693 3798 2106 87 betaelt a ue gouven de schiimins doen ons sritale de
