5650 3895
759 49 2123 142 heeft op gegeven te weten in de passye van

740 114 2149 168 pley 111½ p swert N68 vercocht 1517 en

745 227 2154 231 ½ p a ƒ15:6 en uyt de partye van 2 juls

776 315 2095 202 1711 het n blouw N78 tot N 14:8 dat nie deffe

775 426 2074 182 reest in de iick de resteerende dan onder

770 527 2156 190 ue bevindend te wesen 2 blouw N66925

776 641 2162 238 blouw N78 a 24 ¼1 p sweert N 77 a 54 en he

807 749 2117 253 laeste gesondene N109 a 62 sweert drapsion

813 858 2101 272 het is mij let te seen dat ue soo swaermoedi

823 1002 2074 244 is wegens de herstellinge van commertie

855 1102 2075 238 het moet doch beter als ten tijde van oorlet

870 1221 2034 220 wesen te weten voor die die hier met onder

872 1351 2046 200 nemingen niet en hebben bemoyt voor mjn

886 1446 2015 212 deel ick magh ue seggeto dat ick dit gaer

872 1550 2004 262 considerabll meerden bij de voorgaende

867 1667 1998 221 sal debiteeren verhoepe het ingelijck bij

863 1816 2061 180 ue sal wesen daerom bidde dach alseric

862 1898 1932 214 voor blouwe off swerte voorvalt mij n

881 2007 1997 189 recommanditie indachtigh te wesen

856 2129 2029 176 die negotie is alleen om de ame werck

874 2234 2050 176 leeden te onderhouden want ue doon soo wel

891 2331 2031 249 als ick afmeten datter voor mij den intres

891 2451 2050 186 alleen vant capitael niet en gan over

874 2576 2041 211 scheeten ingesloeter 3 west op Dhr John

876 2662 2063 220 heedson a costj waer van biddes de acceptatie

888 2798 1993 208 te willen besongen ende mij dan wee

875 2878 2065 253 te senden sal ue verobligeert wesen blijv

2224 3032 509 148 18 sber 1713

757 3051 1245 176 Amsterdam francois Rousseau

904 3133 2013 138 bij ue aengenaeme van 14 court sien ue mijne

906 3239 2016 146 2 laeste remiekens wel hadde ontfangen doch

902 3310 1914 216 bij het uyt rekenen heeft ue ick geabiseert

2213 3411 717 142 ƒ 309:16 a 125 ½ ƒ 160:1

896 3439 538 187 geabuseerto

2160 3521 777 121 N119: 3:7 a 125 ½ 62

2079 3614 850 112 te saemen  £2260

885 3623 2001 206 dat soo conform gelieft te redvisseeren voor ue

3037 75 2164 121 remises te saemen £100: van 14 des in ies

3025 137 2180 180 op John heedson sal ue de selve geacceptert be

3048 225 2167 184 coemen hebbende af 2½ £935:- in recken

3046 338 2165 179 diteeren gelijck oock voor die op Jastano van

3045 466 2167 199 5 deser op  dato £270 aƒ 1½ p ƒ 265:19 du

3059 559 2145 234 2 persoonens sijn vrindelenaen da hijne

3053 653 2132 252 hierneyt fortiene met de entreprisesten

3065 776 2140 229 hijde vanden oorloghgemaeckt te hebben

3056 891 2146 206 daer en is niets met sickyt van te melde

3041 1010 2173 172 ue weet soo wel als ick weet mesures men

3063 1129 2040 181 dien aengaende dient te nemen voor

3066 1249 2141 240 mijn deel ick sieere mij weynigh aen

3041 1347 2105 225 vrendelingen e trato en faveur

3061 1483 2157 200 Coots van £500 hebbe vereet en ue vooren

3053 1579 2162 270 gedebeteert af  £ 495: 12:0 het gneterpe

3065 1700 2142 251 sentatcomigelijckx sal doen van die var

3037 1806 2173 252 Jacob Spies va £ 300 aƒ  £297:7:6 wes

3079 1920 2122 244 wel ue het ghecke im port haddee getrocken

3092 2037 2119 204 wint vinde naergestinge dat ue  de

3093 2191 2020 185 £100: te goet comt bijue voerege weynege

3101 2288 2103 189 in couragerenge hebbe hier voor eenige peer

3095 2393 2105 251 sijen op tijt gedisponeet en moete veerders

3109 2522 2026 242 eenige honderde ponder terleoogh dese

3100 2650 2095 161 maent voor loondi r mjne

3087 2758 2109 247 negotie wederom afgeven soo dat bidde

3106 2856 2089 189 ue met verder remitteeren geleefde op te

3072 3005 2131 156 houden tot dat ue sal remisis senden niet

3074 3090 2135 185 om dat hgooonie met ue hebbe loopen daer

3088 3211 2125 222 wel geriest en soude wesen al want 2000

3074 3299 2109 220 soo dat ue van mij di opinieniet din de

3039 3476 967 186 te hebben blijve
