5343 3889
463 41 2208 140 a la haye ne connoist ppr princi pal p mons meyers moy al

490 121 2153 125 my deux ns scavons sulement come l'affaire ett en ff

501 205 2109 97 cousin estant icy en vre compaques tay l'ansiie passe

485 262 2084 164 fact des in stances ossoz afin p je voudrois accepter ces

500 349 2088 117 assignations pr mon compte et risqur de q je luy ay r

503 397 2110 177 de mesme cest le mesme ces q le vre ie le pieis

484 473 2132 175 met mesme pr termint q l'affaire est ains 3 enfin

508 591 2102 145 une midere d'avoir a faire avec de gens que ne je connois

491 661 2095 144 sent pas au stil marcontil le dernier payement es

493 765 2133 175 payie et ille a de traix ƒ253:4 argent court dhollon

529 831 2049 159 come mons van hetteren et mons meyers en onten

494 918 2118 189 voyces le comte q il vs envoyerois en mes me temp

506 1010 2067 153 maer il est courhe en slamand nexnmoins r la

516 1119 2090 180 souheittez de le voir et 'en avoir les pecufi cations

510 1203 2040 170 je le feray mettre enfrencois d'abord  le temps le

537 1274 2082 215 permettere je vs envoyera asteur un compte net de

532 1370 2061 197 tout ce q os avons foit ensembbe jaques a ce piers de

524 1454 2106 232 mesme vre cousin des marez et pr la marchandise q vs

540 1557 2101 214 h ordonnez je commanciray le compte nouveau

523 1635 2079 243 je jeray rave de vs voir pr le mois de 3ber. come e

528 1760 2025 219 marquez pr cetemps le vs voyerez chez moy le plais

538 1843 2074 207 jolie assortiment de nouvelles marchandises et en til

546 1928 2061 184 abondance q vs en serez estonnee cito quil seront arri

542 2021 2088 189 vie je ne man queray pas vs en donner a ois comem

440 2116 2193 165 autres avres mais tout auguente en prix p la cheres

550 2226 2087 161 des laisnes et sur l'apparince de la paix qas uvor

538 2312 2103 160 plustost f n ni maginons ce q dieu riculle vs saluane

540 2448 353 140 jeme dit

544 2419 2096 227 ne vs mettez point en voyage avant d'avoir mes nourvez

538 2539 2078 149 car vs trouverez peu d'assortiment avant q la close p

546 2648 2053 139 arrive ans attendons tous les jours p la grace du beu

555 2722 2090 139 op a vendue beaucoup et plus q l'on ses mane tous

536 2840 1032 157 sur l'apparince de la paix

1799 2850 405 186 30 Jullet

419 2923 659 160 Leede W: Cock son

532 2958 1994 192 Jay bien receu les 2 cheres vres du 9 et 1a du court p ba

525 3089 2062 149 prmiue le connossement de mon dernier. ballot de fen

531 3163 2008 142 noes bayes N31 charge dans Jonathan Baywell p le e

552 3234 2072 109 conde advis q la slotte partiroit le mesme joury th

534 3296 2040 138 via parwect pr rotterdam a  ldieu veuille et qes

518 3381 1977 112 voisseaux puissent arriver bientoss car jay fort besoing

534 3488 2012 95 de ces marchandises pr le reste je me tiendray en repos

553 3553 2089 124 teips q la sloste arrive et q je pux examiner les draps

527 3612 1949 131 et bayes pais  vs le voulez ainsj mais e laittez point de

536 3703 1983 114 compliment vs devez assez comprendre mon mientirn

2807 70 2292 106 puis q jens en ay tant parte de boe estant icy et q je

2804 109 2309 146 ne veu q de sortes superfiines et ex traorainnires le per

2803 175 2305 148 ne vs risaroi pas  sont mes affaires darant il my agoit

2823 275 2282 111 point de finnes bayes de  36 a N60 vs les avez fait faire

2828 366 2251 119 expris vs pouvez faire de mes me pr cellu da  43

2797 441 2305 130 N50 a la estoit monintontion car je vs dit touterange

2852 507 2211 116 il me faut de craordi narr sortes superfin nes

2849 609 2224 110 toutte sorte de marchandise sa prix q e soct cela

2846 717 2220 128 je puis vendre et debiter mais de la merchandise o

2866 788 2225 136 dinaire je ne la piies pas debiterni en faire mon

2852 850 2246 171 argent let puis q je vs l'ay dit tant de fois de boutte

2850 961 2215 149 et que touttes mes lettres de puis vans ont tous j

2843 1047 2251 179 toule la dessus ce quil me chagrinne et fache je ne

2851 1182 2161 112 dit pas q vs ne me servi pas bien ou juit mais je vs

2859 1284 2209 102 dit que vs vs ne suirez pas mon intention ne monr

2883 1330 2162 188 dre il se puis q les draps tombeiont plus fouble et

2868 1384 2138 185 plus dou a la main et iiuix asspreste enpe

2841 1505 2181 150 quils no paroissent aux es chantillioi mees pour quoy

2834 1583 2163 216 coapper  n'envoyjeer les eschantillions avant q les

2851 1680 2193 206 draps ne soen drasse et accomode il vs faut croire

2842 1787 2231 208 & jevende beaucoup pr apparence sur les escharctille

2835 1895 2222 174 ons et q les eschantillions me sont tres nicessaire

2759 1989 1264 177 2 outre dittez tout ce quil vs

4203 2041 534 154 1 aususty 172

2749 2111 1038 149 Amsterdam francisers rosseau

2836 2168 2208 142 ue daengenaeme van 21 22 en 29 past. hebbe wel ontfange

2832 2255 2251 159 dt den eersten remises als £200 en £124:5:4 te saemen  £324:54

2844 2334 2235 174 op conden waer voor ue conform credite hebbe a ƒ32 :1½ en ue

2838 2420 2247 172 gedititeert voor ue thato van £400 vlaems voor dh Jonobs pies

2841 2479 2209 181 tot ½ mijn avance £402 als oock voor £100 voor dh Jacobus

2857 2526 2244 220 de coninnt a ½ pres £100:7:0 op ue laeste remitteert ue mij noch

2848 2658 2269 164 0 op william worsten london op 2½ usos 32:8 ende trechte

2886 2730 2188 223 £50:17:6 voor de weds carlo vineque die mede sal versheeen

2839 2817 2235 182 ende ue voor debiteeren met 5 prito £111:11:4 door k belet

2841 2932 2206 160 sel en hebbe ue voor gaende post niet connen antworden ander

2841 2960 2238 225 soudeie versocht ebe niet voorders te remitteeren want te

2841 3066 2232 174 op cort sicht naer proporte beter van londen met considen

2860 3147 2201 218 e partjen betroeken oock hebbe ick rmse van rusele

2837 3235 2216 204 32:6 becomen soo dat ue mede moet  a

2818 3310 2233 182 geen advantagee tervinden en is het gene ue te goet cmt bi

2835 3387 2243 221 de tot mijn meeste jtijt mogelijck te trecken en soo blijve

4180 3494 374 113 1 accqesty

2744 3535 1059 152 Rotterdam J:vander heijden

2818 3523 2241 199 ue 2 aengenaeme 15 in 19 past hebbe het se ner ut den wel

2818 3676 2233 94 ontfange oock godt danck mijne packenen de londensc

2795 3736 2174 103 vloek doch ben verie ondart ue de nersterreck niet en
