5661 3880
2145 43 458 134 8 Gullen

647 62 1188 182 tournay la veusue Brot

807 132 2089 193 mon frere m'est venue dire de ue part que e fa

795 269 2091 158 terervis sur vs le rest dece  13 g mest redevable

816 408 2019 148 oroyez moy quil m est un possible come je me

808 420 2098 276 sux donne l'honneur de vs eserire pas ses quit

834 559 2064 182 qui temps je m'en p informe encome out

837 680 2045 194 d'huj a la bourse maix en vour jes suise

829 765 1957 234 que la perte du change ne durera pas

828 847 2056 261 tous jours de grande que le a serreglera au

833 984 2012 265 premiere puis que vre ville reste de ce

853 1099 1990 214 coste y a ce q je souhaitte de toutendre

853 1204 1995 247 coeur afin que ns peussions avoir plus de

867 1315 2021 211 commirce et corres pondenie p as

879 1413 1986 265 jes pere qui n ferez lhonneur en brefa

890 1557 2005 184 no venir voir et achepter une tone partiy

877 1672 1987 209 a ui je vs consellerois car le marchandi

867 1748 2024 208 ses augientent de vour en jous cet aigm

853 1873 2039 231 teront plus n considerablement outre come

849 1955 2055 238 ns avons la para il y aura bonne de bett

860 2097 1991 209 de vos cartiers pr l hevir avenir et vs

854 2190 1961 239 farey tris bien de vs pourvoir en temps

864 2288 2005 239 jay tres bonne provis ion de toutte sorte

888 2422 1992 207 de marchandise et soyes asseure q jefferay

875 2542 1968 200 tout ce que je pouray pr vs servir a

874 2616 2024 231 raisonnible prix ie q je pous faire d'au

882 2764 2019 190 tant que j'ayt au les marchandises p avoi

884 2903 1978 183 a t a bon marche je ne manquer ay

872 3010 2018 204 pas vs en faire partice pant sil vs seto

882 3119 1057 189 et en attendant je suis

2167 3188 510 203 8 guillet

749 3243 1158 168 tournays ler in watte camp

831 3332 2058 180 Je suis bien aise d'apprendre du  le secultre que

799 3458 2100 84 vs et vre chere famille si portent fousjours bien

810 3526 2014 118 et que vs estez a la fin resolu a me venevoir

821 3636 2073 137 cvoyez qui ferez tres bien car a cause de la paix

820 3706 2007 105 les marchandises autmentent en prix du

3055 4 2127 163 le

3025 104 2154 180 clangliterre a libre commerce pr tout et asteur

3049 203 2134 217 plus de debite que du passez vs voyerez le meme

3058 318 2133 189 iffet de vos cartiers les paysants que sont toutnied

3087 432 2092 158 commerceront a se remettre apris l mois son

3069 535 2115 184 et a s habiller enfin tout le monde serat en

3066 638 2063 187 repos et profitera quelq chose de son bien

3072 735 2103 204 jay preveu tout cela et pris un peuz nes me

3076 864 2097 184 sures a l'advenant sa le ples beau may

3089 959 2092 211 jun du monde de toutte sorte de marchandis

3071 1072 2065 165 et en estat vs la liorer encor a tres bon

3027 1175 2097 200 marchi c'est le sujert de la pres ente t pr

3060 1272 2121 158 ent er en conhoissance et tacher dae gmen

3037 1403 2146 152 ter noe correspondence p emsemble geme

3029 1530 2131 148 touvienne que d'iay a ien arivq m'avoit

3044 1599 2120 169 estrit et donne en remoire un a ssorte

3020 1699 2158 226 mort de draps bleux noirs et draps de deme

3030 1836 2132 191 come souhaittes evoir le quel savois prepore

3025 1947 2086 183 en ettete et come je souhaitterois bienque

3040 2067 2056 189 en trroiuveriee presentemert parcel pr

3006 2143 2182 223 je voudrois bien q ice la bonte m'escrep

3009 2257 2177 187 et m'onvoyeer de mesme ie ne petite meme

3009 2361 2170 233 re et jen prepureray le meme efin quiln

3019 2484 2160 219 manque rien de ce que pourres avbir besoin

3006 2594 2176 217 je vs prie a faire mes complimentsa mn

3009 2711 2151 195 le faultre et liy dire que jay bien rececelle

3004 2805 2173 233 lettres quil at eu lu bonte m'escrere dont jps

3009 2919 2133 163 luy as beaucoup d'obligation je vs salu

2999 3033 1673 223 toutte vre chere famille et suis

4256 3146 525 154 Relle

2940 3180 988 180 bournay  dectue

3003 3237 2143 202 pr reporce a la chere ue dee 29 due passe

3004 3341 2087 217 j r'envoy ie la lettre ou l'assenation

2964 3360 2222 241 sir le d bont de la haye a mon amis draba

2990 3536 2189 231 dhollande affin en soliciteroit le sayement

4878 3695 274 84 becrit

2990 3673 2108 153 si v g maroit marque a la du conimen i
