<?xml version="1.0" encoding="UTF-8"?>
<alto xmlns:xsi="http://www.w3.org/2001/XMLSchema-instance"
      xmlns="http://www.loc.gov/standards/alto/ns-v4#"
      xmlns:page="http://schema.primaresearch.org/PAGE/gts/pagecontent/2013-07-15"
      xsi:schemaLocation="http://www.loc.gov/standards/alto/ns-v4# https://www.loc.gov/standards/alto/v4/alto.xsd">
   <Description>
      <MeasurementUnit>pixel</MeasurementUnit>
      <OCRProcessing ID="IdOcr">
         <ocrProcessingStep>
            <processingDateTime>2022-02-11T21:31:45.424+01:00</processingDateTime>
            <processingSoftware>
               <softwareCreator>READ COOP</softwareCreator>
               <softwareName>Transkribus</softwareName>
            </processingSoftware>
         </ocrProcessingStep>
      </OCRProcessing>
   </Description>
   <Layout>
      <Page ID="Page1" PHYSICAL_IMG_NR="1" HEIGHT="3917" WIDTH="5362">
         <TopMargin HEIGHT="0" WIDTH="5362" VPOS="0" HPOS="0"/>
         <LeftMargin HEIGHT="3917" WIDTH="0" VPOS="0" HPOS="0"/>
         <RightMargin HEIGHT="3917" WIDTH="0" VPOS="0" HPOS="5362"/>
         <BottomMargin HEIGHT="0" WIDTH="5362" VPOS="3917" HPOS="0"/>
         <PrintSpace HEIGHT="3917" WIDTH="5362" VPOS="0" HPOS="0">
            <TextBlock ID="region_1637679524625_3370"
                       HEIGHT="3793"
                       WIDTH="2364"
                       VPOS="67"
                       HPOS="159">
               <Shape>
                  <Polygon POINTS="159,67 2523,67 2523,3860 159,3860"/>
               </Shape>
               <TextLine ID="region_1637679524625_3370l1"
                         BASELINE="364,220 463,216 563,212 663,210 763,205 863,201 963,196 1063,192 1163,188 1263,183 1363,178 1462,174 1562,170 1662,167 1762,164 1862,161 1962,159 2062,158 2162,157 2262,158 2362,158"
                         HEIGHT="190"
                         WIDTH="2029"
                         VPOS="58"
                         HPOS="347">
                  <String ID="string_region_1637679524625_3370l1"
                          HEIGHT="190"
                          WIDTH="2029"
                          VPOS="58"
                          HPOS="347"
                          CONTENT="a mon plus grand advantage et au temps que "/>
               </TextLine>
               <TextLine ID="region_1637679524625_3370l2"
                         BASELINE="358,310 464,306 570,301 677,297 783,294 890,288 996,283 1102,280 1209,274 1315,269 1422,264 1528,260 1634,254 1741,250 1847,246 1954,242 2060,240 2166,236 2273,234 2379,232 2486,230"
                         HEIGHT="196"
                         WIDTH="2157"
                         VPOS="131"
                         HPOS="343">
                  <String ID="string_region_1637679524625_3370l2"
                          HEIGHT="196"
                          WIDTH="2157"
                          VPOS="131"
                          HPOS="343"
                          CONTENT="vous letrouverez a promos comme e nhanquon"/>
               </TextLine>
               <TextLine ID="region_1637679524625_3370l3"
                         BASELINE="366,412 467,406 569,401 671,395 773,388 875,382 976,376 1078,370 1180,364 1282,358 1384,352 1485,346 1587,340 1689,336 1791,331 1893,328 1994,324 2096,320 2198,318 2300,316 2402,314"
                         HEIGHT="230"
                         WIDTH="2070"
                         VPOS="238"
                         HPOS="348">
                  <String ID="string_region_1637679524625_3370l3"
                          HEIGHT="230"
                          WIDTH="2070"
                          VPOS="238"
                          HPOS="348"
                          CONTENT="pour mon compte aux environs desty £400"/>
               </TextLine>
               <TextLine ID="region_1637679524625_3370l4"
                         BASELINE="398,502 502,496 607,490 712,484 817,478 922,473 1026,465 1131,459 1236,453 1341,446 1446,440 1550,434 1655,428 1760,422 1865,418 1970,412 2074,408 2179,404 2284,400 2389,398 2494,394"
                         HEIGHT="197"
                         WIDTH="2126"
                         VPOS="326"
                         HPOS="383">
                  <String ID="string_region_1637679524625_3370l4"
                          HEIGHT="197"
                          WIDTH="2126"
                          VPOS="326"
                          HPOS="383"
                          CONTENT="vous n'avez qua les tirer sur moy et a mon"/>
               </TextLine>
               <TextLine ID="region_1637679524625_3370l5"
                         BASELINE="350,612 451,604 552,597 654,590 755,584 857,576 958,571 1059,565 1161,558 1262,552 1364,544 1465,540 1566,533 1668,527 1769,520 1871,513 1972,508 2073,501 2175,493 2276,485 2378,478"
                         HEIGHT="259"
                         WIDTH="2059"
                         VPOS="405"
                         HPOS="333">
                  <String ID="string_region_1637679524625_3370l5"
                          HEIGHT="259"
                          WIDTH="2059"
                          VPOS="405"
                          HPOS="333"
                          CONTENT="plus grand advantage met me ssil seroit "/>
               </TextLine>
               <TextLine ID="region_1637679524625_3370l6"
                         BASELINE="402,702 506,697 610,691 714,683 818,676 922,670 1026,663 1130,657 1234,651 1338,645 1442,637 1546,631 1650,625 1754,618 1858,612 1962,607 2066,601 2170,594 2274,590 2378,583 2482,578"
                         HEIGHT="215"
                         WIDTH="2109"
                         VPOS="494"
                         HPOS="384">
                  <String ID="string_region_1637679524625_3370l6"
                          HEIGHT="215"
                          WIDTH="2109"
                          VPOS="494"
                          HPOS="384"
                          CONTENT="aveu p caisse quant tyd pourrois a l'eadvenant"/>
               </TextLine>
               <TextLine ID="region_1637679524625_3370l7"
                         BASELINE="414,810 515,802 616,794 717,787 818,779 920,772 1021,765 1122,757 1223,750 1324,742 1426,736 1527,729 1628,722 1729,716 1830,710 1932,704 2033,697 2134,692 2235,686 2336,680 2438,676"
                         HEIGHT="253"
                         WIDTH="2054"
                         VPOS="617"
                         HPOS="398">
                  <String ID="string_region_1637679524625_3370l7"
                          HEIGHT="253"
                          WIDTH="2054"
                          VPOS="617"
                          HPOS="398"
                          CONTENT="protfiter et pour les lettres que dvous avez"/>
               </TextLine>
               <TextLine ID="region_1637679524625_3370l8"
                         BASELINE="400,900 501,894 602,888 703,882 805,876 906,869 1007,861 1109,854 1210,848 1311,841 1413,833 1514,826 1615,819 1716,812 1818,804 1919,796 2020,790 2122,783 2223,776 2324,770 2426,764"
                         HEIGHT="211"
                         WIDTH="2054"
                         VPOS="704"
                         HPOS="386">
                  <String ID="string_region_1637679524625_3370l8"
                          HEIGHT="211"
                          WIDTH="2054"
                          VPOS="704"
                          HPOS="386"
                          CONTENT="et mains vous 'avez quia les disconpier "/>
               </TextLine>
               <TextLine ID="region_1637679524625_3370l9"
                         BASELINE="396,1008 500,999 604,989 708,981 813,972 917,964 1021,957 1126,948 1230,941 1334,934 1439,926 1543,920 1647,914 1751,907 1856,902 1960,896 2064,890 2169,884 2273,878 2377,872 2482,868"
                         HEIGHT="241"
                         WIDTH="2123"
                         VPOS="792"
                         HPOS="375">
                  <String ID="string_region_1637679524625_3370l9"
                          HEIGHT="241"
                          WIDTH="2123"
                          VPOS="792"
                          HPOS="375"
                          CONTENT="mais vou saurez la bonte de me faire mestre"/>
               </TextLine>
               <TextLine ID="region_1637679524625_3370l10"
                         BASELINE="440,1094 537,1085 635,1078 733,1070 831,1064 929,1057 1027,1049 1125,1043 1223,1036 1321,1030 1419,1024 1516,1018 1614,1012 1712,1008 1810,1001 1908,996 2006,990 2104,985 2202,978 2300,973 2398,968"
                         HEIGHT="225"
                         WIDTH="1992"
                         VPOS="889"
                         HPOS="424">
                  <String ID="string_region_1637679524625_3370l10"
                          HEIGHT="225"
                          WIDTH="1992"
                          VPOS="889"
                          HPOS="424"
                          CONTENT="et connoistre ous price pas de "/>
               </TextLine>
               <TextLine ID="region_1637679524625_3370l11"
                         BASELINE="350,1196 444,1189 538,1183 632,1178 726,1171 820,1166 914,1160 1008,1155 1102,1149 1196,1144 1291,1138 1385,1134 1479,1128 1573,1122 1667,1117 1761,1111 1855,1105 1949,1098 2043,1092 2137,1084 2232,1076"
                         HEIGHT="243"
                         WIDTH="1906"
                         VPOS="991"
                         HPOS="334">
                  <String ID="string_region_1637679524625_3370l11"
                          HEIGHT="243"
                          WIDTH="1906"
                          VPOS="991"
                          HPOS="334"
                          CONTENT="£1000: emonfrere pour une de mil "/>
               </TextLine>
               <TextLine ID="region_1637679524625_3370l12"
                         BASELINE="426,1282 519,1277 613,1271 706,1268 800,1263 894,1258 987,1254 1081,1250 1174,1245 1268,1241 1362,1236 1455,1231 1549,1227 1642,1222 1736,1216 1830,1210 1923,1204 2017,1196 2110,1188 2204,1179 2298,1170"
                         HEIGHT="220"
                         WIDTH="1901"
                         VPOS="1109"
                         HPOS="409">
                  <String ID="string_region_1637679524625_3370l12"
                          HEIGHT="220"
                          WIDTH="1901"
                          VPOS="1109"
                          HPOS="409"
                          CONTENT="de tt £500  les lettres arrivece"/>
               </TextLine>
               <TextLine ID="region_1637679524625_3370l13"
                         BASELINE="396,1388 494,1382 592,1376 690,1372 789,1366 887,1359 985,1354 1084,1348 1182,1341 1280,1336 1379,1331 1477,1324 1575,1319 1673,1312 1772,1306 1870,1298 1968,1293 2067,1285 2165,1278 2263,1272 2362,1264"
                         HEIGHT="226"
                         WIDTH="1998"
                         VPOS="1213"
                         HPOS="378">
                  <String ID="string_region_1637679524625_3370l13"
                          HEIGHT="226"
                          WIDTH="1998"
                          VPOS="1213"
                          HPOS="378"
                          CONTENT="lliourd huy marquent a 17 ¼ set actiong"/>
               </TextLine>
               <TextLine ID="region_1637679524625_3370l14"
                         BASELINE="446,1486 535,1478 624,1472 713,1465 802,1459 891,1452 980,1447 1069,1440 1158,1436 1247,1429 1336,1424 1425,1418 1514,1413 1603,1408 1692,1402 1781,1397 1870,1392 1959,1386 2048,1380 2137,1374 2226,1368"
                         HEIGHT="243"
                         WIDTH="1809"
                         VPOS="1287"
                         HPOS="426">
                  <String ID="string_region_1637679524625_3370l14"
                          HEIGHT="243"
                          WIDTH="1809"
                          VPOS="1287"
                          HPOS="426"
                          CONTENT="de saccompaande non obstnt ne"/>
               </TextLine>
               <TextLine ID="region_1637679524625_3370l15"
                         BASELINE="422,1590 517,1582 612,1574 707,1567 802,1559 897,1552 992,1546 1087,1539 1182,1532 1277,1526 1372,1519 1467,1514 1562,1508 1657,1502 1752,1495 1847,1488 1942,1482 2037,1478 2132,1470 2227,1464 2322,1458"
                         HEIGHT="223"
                         WIDTH="1934"
                         VPOS="1388"
                         HPOS="406">
                  <String ID="string_region_1637679524625_3370l15"
                          HEIGHT="223"
                          WIDTH="1934"
                          VPOS="1388"
                          HPOS="406"
                          CONTENT="manques pas dien achepper an, rix"/>
               </TextLine>
               <TextLine ID="region_1637679524625_3370l16"
                         BASELINE="456,1688 503,1684 550,1680 597,1676 644,1672 691,1668 738,1663 785,1660 832,1657 879,1652 926,1649 973,1647 1020,1643 1067,1639 1114,1637 1161,1634 1208,1630 1255,1628 1302,1626 1349,1622 1396,1620"
                         HEIGHT="186"
                         WIDTH="974"
                         VPOS="1541"
                         HPOS="436">
                  <String ID="string_region_1637679524625_3370l16"
                          HEIGHT="186"
                          WIDTH="974"
                          VPOS="1541"
                          HPOS="436"
                          CONTENT="conrght de suit"/>
               </TextLine>
               <TextLine ID="region_1637679524625_3370l17"
                         BASELINE="1364,1740 1410,1735 1456,1729 1503,1726 1549,1721 1596,1717 1642,1713 1688,1710 1735,1707 1781,1703 1828,1700 1874,1697 1920,1694 1967,1690 2013,1686 2060,1684 2106,1679 2152,1675 2199,1669 2245,1664 2292,1658"
                         HEIGHT="253"
                         WIDTH="968"
                         VPOS="1527"
                         HPOS="1341">
                  <String ID="string_region_1637679524625_3370l17"
                          HEIGHT="253"
                          WIDTH="968"
                          VPOS="1527"
                          HPOS="1341"
                          CONTENT="Adij 7 April 171"/>
               </TextLine>
               <TextLine ID="region_1637679524625_3370l18"
                         BASELINE="252,1810 290,1804 328,1799 366,1793 404,1789 443,1784 481,1780 519,1776 557,1772 595,1769 634,1766 672,1764 710,1760 748,1759 786,1756 825,1754 863,1751 901,1749 939,1747 977,1746 1016,1744"
                         HEIGHT="183"
                         WIDTH="801"
                         VPOS="1677"
                         HPOS="229">
                  <String ID="string_region_1637679524625_3370l18"
                          HEIGHT="183"
                          WIDTH="801"
                          VPOS="1677"
                          HPOS="229"
                          CONTENT="Brussel haenhens"/>
               </TextLine>
               <TextLine ID="region_1637679524625_3370l19"
                         BASELINE="436,1894 535,1884 634,1874 733,1866 833,1858 932,1850 1031,1844 1131,1837 1230,1831 1329,1825 1429,1820 1528,1815 1627,1810 1726,1804 1826,1799 1925,1793 2024,1788 2124,1780 2223,1773 2322,1766 2422,1758"
                         HEIGHT="272"
                         WIDTH="2017"
                         VPOS="1678"
                         HPOS="419">
                  <String ID="string_region_1637679524625_3370l19"
                          HEIGHT="272"
                          WIDTH="2017"
                          VPOS="1678"
                          HPOS="419"
                          CONTENT="e hadde niet eens getwijfeldt oft ue sonde voor sijn"/>
               </TextLine>
               <TextLine ID="region_1637679524625_3370l20"
                         BASELINE="448,1976 544,1967 640,1960 736,1951 833,1944 929,1938 1025,1933 1122,1927 1218,1921 1314,1916 1411,1911 1507,1905 1603,1900 1699,1895 1796,1888 1892,1883 1988,1876 2085,1868 2181,1861 2277,1852 2374,1844"
                         HEIGHT="234"
                         WIDTH="1953"
                         VPOS="1779"
                         HPOS="431">
                  <String ID="string_region_1637679524625_3370l20"
                          HEIGHT="234"
                          WIDTH="1953"
                          VPOS="1779"
                          HPOS="431"
                          CONTENT="vertreck noch al eens hebben naergecoemen het "/>
               </TextLine>
               <TextLine ID="region_1637679524625_3370l21"
                         BASELINE="454,2056 553,2048 652,2043 751,2036 850,2030 949,2024 1048,2019 1147,2014 1246,2008 1345,2004 1444,1998 1543,1992 1642,1986 1741,1980 1840,1974 1939,1967 2038,1959 2137,1952 2236,1941 2335,1933 2434,1922"
                         HEIGHT="201"
                         WIDTH="2011"
                         VPOS="1882"
                         HPOS="438">
                  <String ID="string_region_1637679524625_3370l21"
                          HEIGHT="201"
                          WIDTH="2011"
                          VPOS="1882"
                          HPOS="438"
                          CONTENT="is mij leet ue deserijse soo weynigh contentemaent "/>
               </TextLine>
               <TextLine ID="region_1637679524625_3370l22"
                         BASELINE="488,2140 581,2133 675,2126 769,2120 862,2114 956,2110 1050,2105 1143,2100 1237,2096 1331,2092 1425,2088 1518,2084 1612,2078 1706,2073 1799,2068 1893,2063 1987,2056 2080,2048 2174,2039 2268,2030 2362,2018"
                         HEIGHT="195"
                         WIDTH="1905"
                         VPOS="1968"
                         HPOS="472">
                  <String ID="string_region_1637679524625_3370l22"
                          HEIGHT="195"
                          WIDTH="1905"
                          VPOS="1968"
                          HPOS="472"
                          CONTENT="hebbe connen geven verhoepe tegens de naeste"/>
               </TextLine>
               <TextLine ID="region_1637679524625_3370l23"
                         BASELINE="494,2232 586,2224 678,2216 770,2210 862,2203 954,2197 1046,2192 1138,2188 1230,2183 1322,2178 1414,2174 1506,2170 1598,2167 1690,2163 1782,2158 1874,2153 1966,2149 2058,2144 2150,2138 2242,2131 2334,2124"
                         HEIGHT="230"
                         WIDTH="1872"
                         VPOS="2064"
                         HPOS="478">
                  <String ID="string_region_1637679524625_3370l23"
                          HEIGHT="230"
                          WIDTH="1872"
                          VPOS="2064"
                          HPOS="478"
                          CONTENT="rijse beeter sal wesen. ick en can ue niet meer"/>
               </TextLine>
               <TextLine ID="region_1637679524625_3370l24"
                         BASELINE="486,2316 580,2309 674,2302 769,2295 863,2290 958,2285 1052,2280 1146,2276 1241,2272 1335,2268 1430,2264 1524,2260 1618,2256 1713,2252 1807,2247 1902,2242 1996,2236 2090,2230 2185,2224 2279,2217 2374,2208"
                         HEIGHT="213"
                         WIDTH="1918"
                         VPOS="2141"
                         HPOS="471">
                  <String ID="string_region_1637679524625_3370l24"
                          HEIGHT="213"
                          WIDTH="1918"
                          VPOS="2141"
                          HPOS="471"
                          CONTENT="presenteeren gelieft maer staeltiens te senden"/>
               </TextLine>
               <TextLine ID="region_1637679524625_3370l25"
                         BASELINE="454,2410 547,2403 641,2395 735,2388 829,2383 923,2377 1016,2372 1110,2368 1204,2364 1298,2361 1392,2356 1485,2352 1579,2348 1673,2343 1767,2338 1861,2331 1954,2325 2048,2317 2142,2308 2236,2299 2330,2286"
                         HEIGHT="207"
                         WIDTH="1911"
                         VPOS="2233"
                         HPOS="436">
                  <String ID="string_region_1637679524625_3370l25"
                          HEIGHT="207"
                          WIDTH="1911"
                          VPOS="2233"
                          HPOS="436"
                          CONTENT="op de couleuren gelijck ue die souhaitteert "/>
               </TextLine>
               <TextLine ID="region_1637679524625_3370l26"
                         BASELINE="470,2494 566,2488 663,2483 759,2478 856,2472 953,2467 1049,2462 1146,2456 1242,2452 1339,2446 1436,2441 1532,2435 1629,2431 1725,2425 1822,2420 1919,2414 2015,2408 2112,2402 2208,2397 2305,2391 2402,2384"
                         HEIGHT="184"
                         WIDTH="1962"
                         VPOS="2344"
                         HPOS="453">
                  <String ID="string_region_1637679524625_3370l26"
                          HEIGHT="184"
                          WIDTH="1962"
                          VPOS="2344"
                          HPOS="453"
                          CONTENT="ende ick salte orbieden. de twee laekens all een "/>
               </TextLine>
               <TextLine ID="region_1637679524625_3370l27"
                         BASELINE="482,2580 578,2576 675,2570 771,2566 868,2560 965,2555 1061,2549 1158,2543 1254,2538 1351,2533 1448,2527 1544,2520 1641,2515 1737,2509 1834,2503 1931,2498 2027,2492 2124,2486 2220,2481 2317,2475 2414,2470"
                         HEIGHT="205"
                         WIDTH="1962"
                         VPOS="2383"
                         HPOS="468">
                  <String ID="string_region_1637679524625_3370l27"
                          HEIGHT="205"
                          WIDTH="1962"
                          VPOS="2383"
                          HPOS="468"
                          CONTENT="af te senden souden qualijck geconditioneert hebben "/>
               </TextLine>
               <TextLine ID="region_1637679524625_3370l28"
                         BASELINE="466,2680 555,2672 645,2665 735,2659 825,2652 915,2647 1004,2640 1094,2636 1184,2630 1274,2626 1364,2620 1453,2616 1543,2611 1633,2606 1723,2602 1813,2596 1902,2592 1992,2587 2082,2582 2172,2576 2262,2570"
                         HEIGHT="217"
                         WIDTH="1822"
                         VPOS="2519"
                         HPOS="450">
                  <String ID="string_region_1637679524625_3370l28"
                          HEIGHT="217"
                          WIDTH="1822"
                          VPOS="2519"
                          HPOS="450"
                          CONTENT="geweest: ick hebbe die te saemen in een tollet"/>
               </TextLine>
               <TextLine ID="region_1637679524625_3370l29"
                         BASELINE="444,2764 541,2757 639,2751 737,2746 835,2740 933,2734 1030,2729 1128,2723 1226,2717 1324,2712 1422,2706 1519,2701 1617,2694 1715,2687 1813,2682 1911,2676 2008,2669 2106,2662 2204,2655 2302,2648 2400,2640"
                         HEIGHT="250"
                         WIDTH="1987"
                         VPOS="2562"
                         HPOS="428">
                  <String ID="string_region_1637679524625_3370l29"
                          HEIGHT="250"
                          WIDTH="1987"
                          VPOS="2562"
                          HPOS="428"
                          CONTENT="opgepaekt en niet permissie van mons. Paulo"/>
               </TextLine>
               <TextLine ID="region_1637679524625_3370l30"
                         BASELINE="454,2850 549,2846 644,2840 739,2836 834,2831 930,2826 1025,2821 1120,2816 1215,2810 1310,2805 1406,2800 1501,2793 1596,2787 1691,2782 1786,2776 1882,2770 1977,2764 2072,2758 2167,2753 2262,2748 2358,2742"
                         HEIGHT="192"
                         WIDTH="1936"
                         VPOS="2681"
                         HPOS="436">
                  <String ID="string_region_1637679524625_3370l30"
                          HEIGHT="192"
                          WIDTH="1936"
                          VPOS="2681"
                          HPOS="436"
                          CONTENT="de Broyeer in sijn paxke ingepacht en gisteeren"/>
               </TextLine>
               <TextLine ID="region_1637679524625_3370l31"
                         BASELINE="468,2948 562,2938 657,2931 752,2924 847,2920 942,2914 1037,2910 1132,2906 1227,2902 1322,2899 1417,2895 1511,2891 1606,2887 1701,2882 1796,2877 1891,2872 1986,2865 2081,2858 2176,2850 2271,2840 2366,2830"
                         HEIGHT="230"
                         WIDTH="1932"
                         VPOS="2752"
                         HPOS="450">
                  <String ID="string_region_1637679524625_3370l31"
                          HEIGHT="230"
                          WIDTH="1932"
                          VPOS="2752"
                          HPOS="450"
                          CONTENT="scheep gedaen  gelieve hen daer van te dpresen"/>
               </TextLine>
               <TextLine ID="region_1637679524625_3370l32"
                         BASELINE="468,3052 560,3039 652,3028 744,3020 837,3012 929,3006 1021,3000 1114,2995 1206,2990 1298,2986 1391,2982 1483,2978 1575,2975 1667,2972 1760,2967 1852,2962 1944,2956 2037,2949 2129,2941 2221,2933 2314,2922"
                         HEIGHT="204"
                         WIDTH="1878"
                         VPOS="2854"
                         HPOS="453">
                  <String ID="string_region_1637679524625_3370l32"
                          HEIGHT="204"
                          WIDTH="1878"
                          VPOS="2854"
                          HPOS="453"
                          CONTENT="ende en trwijfele niet oft de selfde sullen ue m"/>
               </TextLine>
               <TextLine ID="region_1637679524625_3370l33"
                         BASELINE="480,3134 575,3124 671,3115 767,3109 862,3102 958,3096 1054,3090 1149,3086 1245,3080 1341,3074 1437,3070 1532,3066 1628,3062 1724,3056 1819,3052 1915,3047 2011,3040 2106,3035 2202,3028 2298,3021 2394,3012"
                         HEIGHT="210"
                         WIDTH="1945"
                         VPOS="2947"
                         HPOS="465">
                  <String ID="string_region_1637679524625_3370l33"
                          HEIGHT="210"
                          WIDTH="1945"
                          VPOS="2947"
                          HPOS="465"
                          CONTENT="alsoo wel geworden peeter nochte beeter coopp"/>
               </TextLine>
               <TextLine ID="region_1637679524625_3370l34"
                         BASELINE="486,3224 585,3216 684,3211 783,3205 882,3199 982,3192 1081,3186 1180,3180 1279,3174 1378,3167 1478,3161 1577,3155 1676,3150 1775,3144 1874,3139 1974,3135 2073,3131 2172,3127 2271,3124 2370,3122 2470,3120"
                         HEIGHT="224"
                         WIDTH="2011"
                         VPOS="3061"
                         HPOS="469">
                  <String ID="string_region_1637679524625_3370l34"
                          HEIGHT="224"
                          WIDTH="2011"
                          VPOS="3061"
                          HPOS="469"
                          CONTENT="en heeft ue dijn leven noch geene gecoght waer"/>
               </TextLine>
               <TextLine ID="region_1637679524625_3370l35"
                         BASELINE="514,3330 606,3322 698,3314 790,3307 882,3301 974,3294 1066,3288 1158,3283 1250,3278 1342,3272 1435,3268 1527,3264 1619,3260 1711,3256 1803,3252 1895,3248 1987,3244 2079,3241 2171,3237 2263,3234 2356,3230"
                         HEIGHT="219"
                         WIDTH="1871"
                         VPOS="3149"
                         HPOS="498">
                  <String ID="string_region_1637679524625_3370l35"
                          HEIGHT="219"
                          WIDTH="1871"
                          VPOS="3149"
                          HPOS="498"
                          CONTENT="aen in geene occasien en sal mansieeren"/>
               </TextLine>
               <TextLine ID="region_1637679524625_3370l36"
                         BASELINE="494,3436 589,3429 685,3420 780,3414 876,3407 972,3402 1067,3396 1163,3390 1258,3383 1354,3378 1450,3372 1545,3368 1641,3363 1736,3358 1832,3354 1928,3349 2023,3344 2119,3340 2214,3336 2310,3331 2406,3326"
                         HEIGHT="231"
                         WIDTH="1937"
                         VPOS="3212"
                         HPOS="477">
                  <String ID="string_region_1637679524625_3370l36"
                          HEIGHT="231"
                          WIDTH="1937"
                          VPOS="3212"
                          HPOS="477"
                          CONTENT="sal ƒ300:- wisselgelde op ue trechen soo als ue "/>
               </TextLine>
               <TextLine ID="region_1637679524625_3370l37"
                         BASELINE="518,3538 605,3533 692,3525 779,3520 866,3513 953,3508 1040,3502 1127,3499 1214,3494 1301,3490 1388,3486 1475,3482 1562,3478 1649,3474 1736,3470 1823,3468 1910,3464 1997,3459 2084,3455 2171,3450 2258,3446"
                         HEIGHT="230"
                         WIDTH="1770"
                         VPOS="3357"
                         HPOS="502">
                  <String ID="string_region_1637679524625_3370l37"
                          HEIGHT="230"
                          WIDTH="1770"
                          VPOS="3357"
                          HPOS="502"
                          CONTENT="mij gepermitteert heeft gelieft die naer ue "/>
               </TextLine>
               <TextLine ID="region_1637679524625_3370l38"
                         BASELINE="488,3640 584,3636 681,3631 777,3627 874,3623 970,3618 1067,3613 1163,3608 1260,3603 1356,3598 1453,3593 1549,3588 1646,3585 1742,3582 1839,3578 1935,3576 2032,3574 2128,3572 2225,3573 2321,3574 2418,3576"
                         HEIGHT="217"
                         WIDTH="1961"
                         VPOS="3475"
                         HPOS="471">
                  <String ID="string_region_1637679524625_3370l38"
                          HEIGHT="217"
                          WIDTH="1961"
                          VPOS="3475"
                          HPOS="471"
                          CONTENT="commoditiydt opeeenge daeghen aen h Paeter"/>
               </TextLine>
               <TextLine ID="region_1637679524625_3370l39"
                         BASELINE="488,3744 569,3742 650,3738 731,3735 813,3732 894,3728 975,3724 1057,3720 1138,3716 1219,3712 1301,3708 1382,3704 1463,3700 1544,3696 1626,3692 1707,3688 1788,3685 1870,3682 1951,3680 2032,3676 2114,3674"
                         HEIGHT="178"
                         WIDTH="1658"
                         VPOS="3592"
                         HPOS="472">
                  <String ID="string_region_1637679524625_3370l39"
                          HEIGHT="178"
                          WIDTH="1658"
                          VPOS="3592"
                          HPOS="472"
                          CONTENT="van gock te verkeeren en ue sal mij"/>
               </TextLine>
               <TextLine ID="region_1637679524625_3370l40"
                         BASELINE="502,3830 577,3827 653,3824 728,3821 804,3818 879,3816 955,3812 1030,3810 1106,3806 1181,3804 1257,3800 1332,3798 1408,3796 1483,3792 1559,3790 1634,3788 1710,3786 1785,3784 1861,3782 1936,3782 2012,3780"
                         HEIGHT="133"
                         WIDTH="1539"
                         VPOS="3713"
                         HPOS="485">
                  <String ID="string_region_1637679524625_3370l40"
                          HEIGHT="133"
                          WIDTH="1539"
                          VPOS="3713"
                          HPOS="485"
                          CONTENT="verobligeeren die blijven  "/>
               </TextLine>
            </TextBlock>
            <TextBlock ID="region_1637679527785_3373"
                       HEIGHT="3777"
                       WIDTH="2383"
                       VPOS="61"
                       HPOS="2620">
               <Shape>
                  <Polygon POINTS="2620,61 5003,67 5003,3838 2620,3832"/>
               </Shape>
               <TextLine ID="region_1637679527785_3373l1"
                         BASELINE="2686,184 2736,179 2786,175 2836,172 2886,169 2936,168 2986,168 3036,168 3086,170 3136,171 3186,172 3236,174 3286,176 3336,177 3386,178 3436,178 3486,178 3536,178 3586,177 3636,174 3686,170"
                         HEIGHT="188"
                         WIDTH="1028"
                         VPOS="58"
                         HPOS="2671">
                  <String ID="string_region_1637679527785_3373l1"
                          HEIGHT="188"
                          WIDTH="1028"
                          VPOS="58"
                          HPOS="2671"
                          CONTENT="Brussel Pde Broyeer"/>
               </TextLine>
               <TextLine ID="region_1637679527785_3373l2"
                         BASELINE="3980,176 4027,180 4075,184 4123,188 4171,190 4219,191 4266,192 4314,193 4362,194 4410,194 4458,194 4505,194 4553,194 4601,194 4649,194 4697,194 4744,194 4792,196 4840,196 4888,198 4936,200"
                         HEIGHT="133"
                         WIDTH="984"
                         VPOS="96"
                         HPOS="3966">
                  <String ID="string_region_1637679527785_3373l2"
                          HEIGHT="133"
                          WIDTH="984"
                          VPOS="96"
                          HPOS="3966"
                          CONTENT="Ady 7 Aprel 1712"/>
               </TextLine>
               <TextLine ID="region_1637679527785_3373l3"
                         BASELINE="2794,284 2903,284 3013,282 3123,282 3232,282 3342,284 3452,284 3561,286 3671,288 3781,290 3891,292 4000,294 4110,296 4220,298 4329,300 4439,302 4549,302 4658,304 4768,304 4878,302 4988,302"
                         HEIGHT="170"
                         WIDTH="2224"
                         VPOS="201"
                         HPOS="2779">
                  <String ID="string_region_1637679527785_3373l3"
                          HEIGHT="170"
                          WIDTH="2224"
                          VPOS="201"
                          HPOS="2779"
                          CONTENT="verhope ue goet veroeur. dent holbrief bj den facteur"/>
               </TextLine>
               <TextLine ID="region_1637679527785_3373l4"
                         BASELINE="2792,380 2900,378 3008,378 3117,378 3225,378 3334,380 3442,381 3550,382 3659,384 3767,386 3876,388 3984,390 4092,390 4201,392 4309,392 4418,394 4526,392 4634,392 4743,390 4851,388 4960,384"
                         HEIGHT="127"
                         WIDTH="2198"
                         VPOS="334"
                         HPOS="2777">
                  <String ID="string_region_1637679527785_3373l4"
                          HEIGHT="127"
                          WIDTH="2198"
                          VPOS="334"
                          HPOS="2777"
                          CONTENT="wesende soo hebbe op gisteren ue goet op gepackt"/>
               </TextLine>
               <TextLine ID="region_1637679527785_3373l5"
                         BASELINE="2798,488 2903,486 3009,484 3114,484 3220,484 3326,484 3431,484 3537,486 3642,488 3748,489 3854,490 3959,492 4065,494 4170,494 4276,494 4382,494 4487,494 4593,494 4698,492 4804,488 4910,484"
                         HEIGHT="117"
                         WIDTH="2142"
                         VPOS="399"
                         HPOS="2783">
                  <String ID="string_region_1637679527785_3373l5"
                          HEIGHT="117"
                          WIDTH="2142"
                          VPOS="399"
                          HPOS="2783"
                          CONTENT="met n flannellen en 2 colchester bayen van mijn"/>
               </TextLine>
               <TextLine ID="region_1637679527785_3373l6"
                         BASELINE="2818,588 2927,586 3036,586 3145,584 3255,584 3364,584 3473,586 3583,586 3692,586 3801,588 3911,588 4020,588 4129,590 4238,590 4348,590 4457,590 4566,588 4676,586 4785,584 4894,582 5004,578"
                         HEIGHT="136"
                         WIDTH="2215"
                         VPOS="493"
                         HPOS="2804">
                  <String ID="string_region_1637679527785_3373l6"
                          HEIGHT="136"
                          WIDTH="2215"
                          VPOS="493"
                          HPOS="2804"
                          CONTENT="broeder in een paxke gemerckt EB. ende ingen"/>
               </TextLine>
               <TextLine ID="region_1637679527785_3373l7"
                         BASELINE="2758,702 2868,699 2979,696 3090,694 3201,692 3312,690 3422,688 3533,688 3644,688 3755,686 3866,686 3976,686 4087,686 4198,686 4309,686 4420,686 4530,686 4641,686 4752,686 4863,686 4974,686"
                         HEIGHT="161"
                         WIDTH="2243"
                         VPOS="589"
                         HPOS="2744">
                  <String ID="string_region_1637679527785_3373l7"
                          HEIGHT="161"
                          WIDTH="2243"
                          VPOS="589"
                          HPOS="2744"
                          CONTENT="volge ue ordre scheepgedaen en afgesonden dat niet "/>
               </TextLine>
               <TextLine ID="region_1637679527785_3373l8"
                         BASELINE="2800,790 2908,790 3017,792 3126,792 3235,792 3344,792 3452,794 3561,794 3670,794 3779,794 3888,794 3996,796 4105,796 4214,794 4323,794 4432,794 4540,794 4649,792 4758,792 4867,790 4976,788"
                         HEIGHT="139"
                         WIDTH="2206"
                         VPOS="691"
                         HPOS="2785">
                  <String ID="string_region_1637679527785_3373l8"
                          HEIGHT="139"
                          WIDTH="2206"
                          VPOS="691"
                          HPOS="2785"
                          CONTENT="en toffele oft sal ue met godts gratie op mongen"/>
               </TextLine>
               <TextLine ID="region_1637679527785_3373l9"
                         BASELINE="2814,888 2916,888 3018,888 3120,888 3222,890 3325,890 3427,892 3529,892 3631,892 3733,894 3836,894 3938,894 4040,894 4142,894 4244,894 4347,894 4449,892 4551,890 4653,890 4755,886 4858,884"
                         HEIGHT="162"
                         WIDTH="2070"
                         VPOS="797"
                         HPOS="2801">
                  <String ID="string_region_1637679527785_3373l9"
                          HEIGHT="162"
                          WIDTH="2070"
                          VPOS="797"
                          HPOS="2801"
                          CONTENT="wel geworden ende de goederen generael naer ue "/>
               </TextLine>
               <TextLine ID="region_1637679527785_3373l10"
                         BASELINE="2802,988 2910,988 3018,988 3126,988 3234,990 3342,990 3450,990 3558,991 3666,992 3774,992 3882,992 3990,994 4098,994 4206,994 4314,994 4422,992 4530,992 4638,991 4746,990 4854,988 4962,986"
                         HEIGHT="80"
                         WIDTH="2189"
                         VPOS="942"
                         HPOS="2787">
                  <String ID="string_region_1637679527785_3373l10"
                          HEIGHT="80"
                          WIDTH="2189"
                          VPOS="942"
                          HPOS="2787"
                          CONTENT="contentement ende advantagie ny vallen want "/>
               </TextLine>
               <TextLine ID="region_1637679527785_3373l11"
                         BASELINE="2802,1094 2911,1090 3021,1087 3131,1086 3241,1084 3351,1084 3461,1084 3571,1084 3681,1084 3791,1086 3901,1086 4010,1088 4120,1089 4230,1090 4340,1090 4450,1090 4560,1090 4670,1090 4780,1088 4890,1086 5000,1082"
                         HEIGHT="134"
                         WIDTH="2228"
                         VPOS="993"
                         HPOS="2787">
                  <String ID="string_region_1637679527785_3373l11"
                          HEIGHT="134"
                          WIDTH="2228"
                          VPOS="993"
                          HPOS="2787"
                          CONTENT="het l schandigh goeden coop het is onnoodigh daer"/>
               </TextLine>
               <TextLine ID="region_1637679527785_3373l12"
                         BASELINE="2814,1196 2918,1189 3022,1183 3126,1180 3230,1176 3334,1176 3438,1176 3542,1176 3646,1178 3750,1178 3854,1182 3958,1184 4062,1186 4166,1188 4270,1188 4374,1190 4478,1189 4582,1188 4686,1185 4790,1181 4894,1176"
                         HEIGHT="174"
                         WIDTH="2109"
                         VPOS="1091"
                         HPOS="2799">
                  <String ID="string_region_1637679527785_3373l12"
                          HEIGHT="174"
                          WIDTH="2109"
                          VPOS="1091"
                          HPOS="2799"
                          CONTENT="van te melden de streken sullen het wijt wsen "/>
               </TextLine>
               <TextLine ID="region_1637679527785_3373l13"
                         BASELINE="2810,1284 2919,1279 3028,1276 3137,1274 3246,1272 3355,1272 3464,1272 3573,1274 3682,1274 3791,1276 3901,1278 4010,1280 4119,1282 4228,1284 4337,1286 4446,1286 4555,1286 4664,1286 4773,1284 4882,1282 4992,1278"
                         HEIGHT="164"
                         WIDTH="2209"
                         VPOS="1181"
                         HPOS="2797">
                  <String ID="string_region_1637679527785_3373l13"
                          HEIGHT="164"
                          WIDTH="2209"
                          VPOS="1181"
                          HPOS="2797"
                          CONTENT="ende ue het efteet geven als mede aenleydinge soo"/>
               </TextLine>
               <TextLine ID="region_1637679527785_3373l14"
                         BASELINE="2814,1372 2923,1372 3032,1370 3141,1370 3250,1369 3359,1368 3468,1370 3577,1370 3686,1370 3795,1372 3905,1372 4014,1374 4123,1375 4232,1376 4341,1378 4450,1380 4559,1382 4668,1384 4777,1386 4886,1387 4996,1388"
                         HEIGHT="173"
                         WIDTH="2209"
                         VPOS="1273"
                         HPOS="2801">
                  <String ID="string_region_1637679527785_3373l14"
                          HEIGHT="173"
                          WIDTH="2209"
                          VPOS="1273"
                          HPOS="2801"
                          CONTENT="verhoepe om onse ingotie te saemente vergrooten"/>
               </TextLine>
               <TextLine ID="region_1637679527785_3373l15"
                         BASELINE="2792,1478 2898,1474 3004,1470 3110,1468 3216,1466 3323,1466 3429,1466 3535,1466 3641,1466 3747,1468 3854,1469 3960,1470 4066,1472 4172,1474 4278,1476 4385,1478 4491,1480 4597,1482 4703,1484 4809,1485 4916,1486"
                         HEIGHT="150"
                         WIDTH="2151"
                         VPOS="1369"
                         HPOS="2779">
                  <String ID="string_region_1637679527785_3373l15"
                          HEIGHT="150"
                          WIDTH="2151"
                          VPOS="1369"
                          HPOS="2779"
                          CONTENT="sijnde in allen occasie iot ue ende de famili"/>
               </TextLine>
               <TextLine ID="region_1637679527785_3373l16"
                         BASELINE="2804,1570 2913,1567 3022,1564 3131,1562 3240,1562 3349,1560 3458,1560 3567,1560 3676,1562 3785,1562 3894,1564 4003,1566 4112,1568 4221,1570 4330,1572 4439,1574 4548,1576 4657,1578 4766,1580 4875,1582 4984,1584"
                         HEIGHT="132"
                         WIDTH="2210"
                         VPOS="1493"
                         HPOS="2789">
                  <String ID="string_region_1637679527785_3373l16"
                          HEIGHT="132"
                          WIDTH="2210"
                          VPOS="1493"
                          HPOS="2789"
                          CONTENT="dienste de twee laekens hebbe devijheyt genoemen"/>
               </TextLine>
               <TextLine ID="region_1637679527785_3373l17"
                         BASELINE="2824,1654 2931,1652 3038,1652 3145,1652 3252,1653 3360,1654 3467,1654 3574,1656 3681,1656 3788,1658 3896,1660 4003,1661 4110,1663 4217,1665 4324,1666 4432,1669 4539,1672 4646,1674 4753,1676 4860,1678 4968,1680"
                         HEIGHT="114"
                         WIDTH="2174"
                         VPOS="1604"
                         HPOS="2809">
                  <String ID="string_region_1637679527785_3373l17"
                          HEIGHT="114"
                          WIDTH="2174"
                          VPOS="1604"
                          HPOS="2809"
                          CONTENT="voor mons haeghens in ue paxke mede te packen"/>
               </TextLine>
               <TextLine ID="region_1637679527785_3373l18"
                         BASELINE="2812,1764 2915,1758 3019,1756 3123,1754 3226,1754 3330,1754 3434,1754 3537,1756 3641,1757 3745,1760 3849,1762 3952,1764 4056,1766 4160,1768 4263,1770 4367,1772 4471,1772 4574,1772 4678,1772 4782,1770 4886,1766"
                         HEIGHT="167"
                         WIDTH="2102"
                         VPOS="1665"
                         HPOS="2797">
                  <String ID="string_region_1637679527785_3373l18"
                          HEIGHT="167"
                          WIDTH="2102"
                          VPOS="1665"
                          HPOS="2797"
                          CONTENT="gelieft de goetheyt te hebben hem daer van eens"/>
               </TextLine>
               <TextLine ID="region_1637679527785_3373l19"
                         BASELINE="2832,1862 2938,1858 3044,1856 3150,1853 3256,1852 3362,1850 3468,1850 3574,1850 3680,1852 3786,1852 3892,1854 3998,1856 4104,1858 4210,1858 4316,1860 4422,1862 4528,1864 4634,1864 4740,1866 4846,1866 4952,1864"
                         HEIGHT="105"
                         WIDTH="2149"
                         VPOS="1797"
                         HPOS="2817">
                  <String ID="string_region_1637679527785_3373l19"
                          HEIGHT="105"
                          WIDTH="2149"
                          VPOS="1797"
                          HPOS="2817"
                          CONTENT="te doen adverteeren sij sijn te saemen in een "/>
               </TextLine>
               <TextLine ID="region_1637679527785_3373l20"
                         BASELINE="2810,1952 2911,1950 3012,1948 3114,1948 3215,1948 3317,1946 3418,1946 3519,1946 3621,1948 3722,1948 3824,1948 3925,1949 4026,1950 4128,1950 4229,1950 4331,1952 4432,1952 4533,1952 4635,1951 4736,1950 4838,1948"
                         HEIGHT="144"
                         WIDTH="2057"
                         VPOS="1862"
                         HPOS="2795">
                  <String ID="string_region_1637679527785_3373l20"
                          HEIGHT="144"
                          WIDTH="2057"
                          VPOS="1862"
                          HPOS="2795"
                          CONTENT="dackeleekengenaeydt ingesloeten de facture"/>
               </TextLine>
               <TextLine ID="region_1637679527785_3373l21"
                         BASELINE="2818,2056 2920,2050 3023,2046 3126,2042 3229,2040 3332,2038 3434,2038 3537,2038 3640,2040 3743,2042 3846,2044 3948,2046 4051,2047 4154,2048 4257,2050 4360,2052 4462,2052 4565,2052 4668,2050 4771,2048 4874,2044"
                         HEIGHT="140"
                         WIDTH="2084"
                         VPOS="1948"
                         HPOS="2805">
                  <String ID="string_region_1637679527785_3373l21"
                          HEIGHT="140"
                          WIDTH="2084"
                          VPOS="1948"
                          HPOS="2805"
                          CONTENT="bedraegende in wisselgelde ƒ 1010:14: waer voor"/>
               </TextLine>
               <TextLine ID="region_1637679527785_3373l22"
                         BASELINE="2800,2142 2909,2140 3019,2140 3128,2138 3238,2139 3348,2140 3457,2141 3567,2142 3676,2144 3786,2146 3896,2148 4005,2149 4115,2151 4224,2152 4334,2154 4444,2154 4553,2156 4663,2156 4772,2156 4882,2154 4992,2152"
                         HEIGHT="144"
                         WIDTH="2220"
                         VPOS="2046"
                         HPOS="2787">
                  <String ID="string_region_1637679527785_3373l22"
                          HEIGHT="144"
                          WIDTH="2220"
                          VPOS="2046"
                          HPOS="2787"
                          CONTENT="mij gelieft te creditteren sal ƒ400: - wisselgelde"/>
               </TextLine>
               <TextLine ID="region_1637679527785_3373l23"
                         BASELINE="2824,2236 2928,2236 3033,2234 3137,2234 3242,2234 3346,2234 3451,2236 3555,2236 3660,2238 3764,2238 3869,2240 3973,2242 4078,2244 4182,2244 4287,2246 4391,2246 4496,2248 4600,2248 4705,2248 4809,2248 4914,2248"
                         HEIGHT="140"
                         WIDTH="2118"
                         VPOS="2147"
                         HPOS="2810">
                  <String ID="string_region_1637679527785_3373l23"
                          HEIGHT="140"
                          WIDTH="2118"
                          VPOS="2147"
                          HPOS="2810"
                          CONTENT="op ue trecken aen d'ordre . van sock te betaelen"/>
               </TextLine>
               <TextLine ID="region_1637679527785_3373l24"
                         BASELINE="2826,2336 2928,2330 3030,2326 3132,2324 3235,2322 3337,2321 3439,2320 3542,2322 3644,2322 3746,2324 3849,2326 3951,2328 4053,2330 4155,2332 4258,2332 4360,2334 4462,2334 4565,2334 4667,2334 4769,2332 4872,2330"
                         HEIGHT="107"
                         WIDTH="2073"
                         VPOS="2261"
                         HPOS="2812">
                  <String ID="string_region_1637679527785_3373l24"
                          HEIGHT="107"
                          WIDTH="2073"
                          VPOS="2261"
                          HPOS="2812"
                          CONTENT="soo als ue mij gepermitteert heeft die gelieft op"/>
               </TextLine>
               <TextLine ID="region_1637679527785_3373l25"
                         BASELINE="2848,2428 2951,2420 3055,2416 3159,2412 3263,2410 3367,2410 3471,2410 3575,2412 3679,2414 3783,2417 3887,2420 3990,2424 4094,2426 4198,2428 4302,2430 4406,2432 4510,2432 4614,2430 4718,2428 4822,2423 4926,2416"
                         HEIGHT="102"
                         WIDTH="2107"
                         VPOS="2355"
                         HPOS="2834">
                  <String ID="string_region_1637679527785_3373l25"
                          HEIGHT="102"
                          WIDTH="2107"
                          VPOS="2355"
                          HPOS="2834"
                          CONTENT="eenige daeghen dan naer ue commoserteyde "/>
               </TextLine>
               <TextLine ID="region_1637679527785_3373l26"
                         BASELINE="2842,2512 2948,2509 3055,2508 3161,2506 3268,2506 3374,2506 3481,2506 3587,2506 3694,2508 3800,2508 3907,2510 4013,2512 4120,2514 4226,2516 4333,2518 4439,2520 4546,2522 4652,2524 4759,2524 4865,2526 4972,2526"
                         HEIGHT="130"
                         WIDTH="2157"
                         VPOS="2432"
                         HPOS="2828">
                  <String ID="string_region_1637679527785_3373l26"
                          HEIGHT="130"
                          WIDTH="2157"
                          VPOS="2432"
                          HPOS="2828"
                          CONTENT="maer te verheeren ende naer eordiaele groetenisse "/>
               </TextLine>
               <TextLine ID="region_1637679527785_3373l27"
                         BASELINE="2802,2604 2908,2602 3014,2602 3120,2600 3226,2600 3332,2600 3438,2600 3544,2601 3650,2602 3756,2604 3863,2604 3969,2606 4075,2608 4181,2610 4287,2611 4393,2612 4499,2614 4605,2617 4711,2618 4817,2620 4924,2622"
                         HEIGHT="125"
                         WIDTH="2148"
                         VPOS="2500"
                         HPOS="2789">
                  <String ID="string_region_1637679527785_3373l27"
                          HEIGHT="125"
                          WIDTH="2148"
                          VPOS="2500"
                          HPOS="2789"
                          CONTENT="als aen ue moeder en ue beminde blijve "/>
               </TextLine>
               <TextLine ID="region_1637679527785_3373l28"
                         BASELINE="2678,2714 2730,2712 2782,2710 2835,2710 2887,2708 2940,2708 2992,2708 3044,2708 3097,2708 3149,2708 3202,2708 3254,2710 3306,2710 3359,2710 3411,2710 3464,2710 3516,2710 3568,2710 3621,2709 3673,2708 3726,2706"
                         HEIGHT="199"
                         WIDTH="1075"
                         VPOS="2577"
                         HPOS="2664">
                  <String ID="string_region_1637679527785_3373l28"
                          HEIGHT="199"
                          WIDTH="1075"
                          VPOS="2577"
                          HPOS="2664"
                          CONTENT="Brussel wed: ander Borght"/>
               </TextLine>
               <TextLine ID="region_1637679527785_3373l29"
                         BASELINE="3988,2732 4030,2734 4072,2735 4114,2736 4156,2738 4198,2740 4240,2742 4282,2742 4324,2744 4366,2746 4409,2746 4451,2746 4493,2748 4535,2748 4577,2748 4619,2748 4661,2750 4703,2750 4745,2749 4787,2748 4830,2748"
                         HEIGHT="186"
                         WIDTH="872"
                         VPOS="2623"
                         HPOS="3974">
                  <String ID="string_region_1637679527785_3373l29"
                          HEIGHT="186"
                          WIDTH="872"
                          VPOS="2623"
                          HPOS="3974"
                          CONTENT="Adij 9 April 1712"/>
               </TextLine>
               <TextLine ID="region_1637679527785_3373l30"
                         BASELINE="2792,2808 2897,2808 3002,2806 3107,2806 3212,2808 3317,2808 3422,2811 3527,2812 3632,2816 3737,2818 3842,2822 3947,2824 4052,2828 4157,2831 4262,2834 4367,2836 4472,2838 4577,2840 4682,2840 4787,2841 4892,2840"
                         HEIGHT="185"
                         WIDTH="2130"
                         VPOS="2712"
                         HPOS="2777">
                  <String ID="string_region_1637679527785_3373l30"
                          HEIGHT="185"
                          WIDTH="2130"
                          VPOS="2712"
                          HPOS="2777"
                          CONTENT="en twijffele niet oft mijnen laesten brief Jan 4 deser is"/>
               </TextLine>
               <TextLine ID="region_1637679527785_3373l31"
                         BASELINE="2806,2898 2912,2898 3018,2896 3124,2898 3230,2898 3336,2899 3442,2900 3548,2902 3654,2904 3760,2907 3867,2910 3973,2912 4079,2914 4185,2916 4291,2920 4397,2922 4503,2922 4609,2924 4715,2926 4821,2926 4928,2926"
                         HEIGHT="123"
                         WIDTH="2152"
                         VPOS="2847"
                         HPOS="2791">
                  <String ID="string_region_1637679527785_3373l31"
                          HEIGHT="123"
                          WIDTH="2152"
                          VPOS="2847"
                          HPOS="2791"
                          CONTENT="ue oel geworden waer bij ue rekeninge courant hebbe"/>
               </TextLine>
               <TextLine ID="region_1637679527785_3373l32"
                         BASELINE="2808,2980 2912,2980 3017,2981 3121,2983 3226,2986 3331,2988 3435,2990 3540,2994 3644,2996 3749,3000 3854,3004 3958,3006 4063,3010 4167,3012 4272,3014 4377,3014 4481,3016 4586,3016 4690,3014 4795,3014 4900,3010"
                         HEIGHT="104"
                         WIDTH="2121"
                         VPOS="2928"
                         HPOS="2792">
                  <String ID="string_region_1637679527785_3373l32"
                          HEIGHT="104"
                          WIDTH="2121"
                          VPOS="2928"
                          HPOS="2792"
                          CONTENT="gesonden en adviseerde dat ue geordonneerde ƒ590:"/>
               </TextLine>
               <TextLine ID="region_1637679527785_3373l33"
                         BASELINE="2776,3070 2882,3072 2988,3074 3095,3074 3201,3077 3308,3078 3414,3081 3520,3084 3627,3086 3733,3088 3840,3090 3946,3092 4052,3094 4159,3096 4265,3096 4372,3098 4478,3098 4584,3096 4691,3096 4797,3094 4904,3090"
                         HEIGHT="103"
                         WIDTH="2156"
                         VPOS="3007"
                         HPOS="2763">
                  <String ID="string_region_1637679527785_3373l33"
                          HEIGHT="103"
                          WIDTH="2156"
                          VPOS="3007"
                          HPOS="2763"
                          CONTENT="procke te betaelen aen d'ordre Dheer Peeter van hock"/>
               </TextLine>
               <TextLine ID="region_1637679527785_3373l34"
                         BASELINE="2800,3160 2904,3162 3009,3164 3114,3166 3219,3168 3324,3169 3428,3170 3533,3172 3638,3174 3743,3174 3848,3176 3952,3176 4057,3178 4162,3179 4267,3180 4372,3182 4476,3182 4581,3184 4686,3184 4791,3186 4896,3186"
                         HEIGHT="96"
                         WIDTH="2127"
                         VPOS="3127"
                         HPOS="2785">
                  <String ID="string_region_1637679527785_3373l34"
                          HEIGHT="96"
                          WIDTH="2127"
                          VPOS="3127"
                          HPOS="2785"
                          CONTENT="aen van mijne vrienden mj rescontreerende ende "/>
               </TextLine>
               <TextLine ID="region_1637679527785_3373l35"
                         BASELINE="2804,3256 2906,3256 3009,3256 3111,3256 3214,3256 3317,3256 3419,3256 3522,3258 3624,3258 3727,3259 3830,3260 3932,3262 4035,3263 4137,3264 4240,3266 4343,3268 4445,3268 4548,3270 4650,3272 4753,3274 4856,3274"
                         HEIGHT="125"
                         WIDTH="2083"
                         VPOS="3198"
                         HPOS="2788">
                  <String ID="string_region_1637679527785_3373l35"
                          HEIGHT="125"
                          WIDTH="2083"
                          VPOS="3198"
                          HPOS="2788"
                          CONTENT="geldt tot Brussel noodigh hebbende soo hebbe hem"/>
               </TextLine>
               <TextLine ID="region_1637679527785_3373l36"
                         BASELINE="2774,3358 2881,3354 2989,3352 3097,3352 3204,3350 3312,3350 3420,3350 3527,3352 3635,3352 3743,3354 3851,3354 3958,3356 4066,3356 4174,3358 4281,3358 4389,3360 4497,3360 4604,3360 4712,3360 4820,3358 4928,3358"
                         HEIGHT="96"
                         WIDTH="2184"
                         VPOS="3284"
                         HPOS="2759">
                  <String ID="string_region_1637679527785_3373l36"
                          HEIGHT="96"
                          WIDTH="2184"
                          VPOS="3284"
                          HPOS="2759"
                          CONTENT="geaccommodeert ende in selve dato het wil nijet "/>
               </TextLine>
               <TextLine ID="region_1637679527785_3373l37"
                         BASELINE="2766,3444 2875,3441 2984,3438 3093,3436 3203,3436 3312,3436 3421,3436 3531,3438 3640,3440 3749,3440 3859,3444 3968,3446 4077,3448 4186,3450 4296,3452 4405,3454 4514,3456 4624,3456 4733,3456 4842,3456 4952,3456"
                         HEIGHT="141"
                         WIDTH="2215"
                         VPOS="3362"
                         HPOS="2752">
                  <String ID="string_region_1637679527785_3373l37"
                          HEIGHT="141"
                          WIDTH="2215"
                          VPOS="3362"
                          HPOS="2752"
                          CONTENT=" voor dher van goch maer aen d'ordre Dri francois"/>
               </TextLine>
               <TextLine ID="region_1637679527785_3373l38"
                         BASELINE="2790,3536 2896,3534 3003,3534 3109,3534 3216,3534 3322,3536 3429,3536 3535,3536 3642,3538 3748,3538 3855,3540 3961,3542 4068,3544 4174,3544 4281,3546 4387,3548 4494,3550 4600,3554 4707,3556 4813,3558 4920,3562"
                         HEIGHT="179"
                         WIDTH="2156"
                         VPOS="3431"
                         HPOS="2777">
                  <String ID="string_region_1637679527785_3373l38"
                          HEIGHT="179"
                          WIDTH="2156"
                          VPOS="3431"
                          HPOS="2777"
                          CONTENT="lefulelier getrocken dat gelieve dan alsoo te"/>
               </TextLine>
               <TextLine ID="region_1637679527785_3373l39"
                         BASELINE="2790,3644 2891,3640 2993,3638 3095,3636 3197,3635 3299,3634 3400,3634 3502,3636 3604,3636 3706,3638 3808,3638 3909,3640 4011,3642 4113,3643 4215,3644 4317,3646 4418,3646 4520,3648 4622,3648 4724,3646 4826,3646"
                         HEIGHT="156"
                         WIDTH="2065"
                         VPOS="3546"
                         HPOS="2776">
                  <String ID="string_region_1637679527785_3373l39"
                          HEIGHT="156"
                          WIDTH="2065"
                          VPOS="3546"
                          HPOS="2776"
                          CONTENT="verheeren dienende de ick alleen tot advies"/>
               </TextLine>
               <TextLine ID="region_1637679527785_3373l40"
                         BASELINE="2782,3740 2873,3738 2965,3738 3057,3736 3149,3736 3241,3736 3333,3736 3425,3736 3517,3736 3609,3736 3701,3737 3792,3738 3884,3740 3976,3740 4068,3743 4160,3745 4252,3746 4344,3749 4436,3752 4528,3754 4620,3758"
                         HEIGHT="166"
                         WIDTH="1865"
                         VPOS="3640"
                         HPOS="2769">
                  <String ID="string_region_1637679527785_3373l40"
                          HEIGHT="166"
                          WIDTH="1865"
                          VPOS="3640"
                          HPOS="2769"
                          CONTENT="en offers van mijnen dienst "/>
               </TextLine>
            </TextBlock>
         </PrintSpace>
      </Page>
   </Layout>
</alto>
