5647 3888
828 58 2091 119 un peee de repos et en neu de commercc

833 119 2126 165 mieux que jus ques a present il y at iun vous

830 204 2123 199 seau peu sur la coste d'ostende Dieu vreulle

854 315 2083 177 consolirr les in tressez cest un nommee battelir

844 421 2084 260 halfhneckt dont onen a jamais ouy parles

875 525 2069 247 cest les suget que je vs recommende pr tous

876 634 1995 289 jours de ou jamais charges de lamar

902 739 1970 247 chandises je novyrs de brat battelier

920 861 2032 225 et bons traisseaux que sont biee connue

952 986 1991 221 et de bonne repuutation je vs salue et sui

2179 1114 619 163 4 gbre 1713

750 1159 873 205 Mons Pet l'aegle

886 1216 2035 282 Jay bien necce la chere vre du 28 du parsie

907 1366 1981 197 en son temps mais ne pocu vant accompler

887 1430 1986 221 vre ordre d'envoyer les 2 p de flanelle p

865 1548 2088 213 la barque de marchande pr brusselles a exuse

899 1661 2063 227 de la faite de tous les saint je ls ay envoy

901 1776 2043 238 p messager vegnon dans une golle marque

902 1861 2062 226 et il est parte la nuit passe et vs les aun

870 1969 2052 251 pr lendig sans fautez celles sont payable a £8

899 2090 2064 218 ensemble £16 argent de change sy es bien asso

907 2228 1994 211 re que cettee sorte de marchandise et aussy

891 2317 2080 193 touttes les autres aug menterons en prise encort

901 2453 2047 191 d'avantage en pere de temps sivs avez be

910 2529 2046 217 somr de quelq chose d'autre come mol tons

906 2646 1998 215 pr de lausnerons d'enfans cceiseles letr

918 2768 2043 169 ou ce quet peues estre commendez moy qui s

2211 2914 523 169 4 gber 1713

767 2915 1200 156 Brusselle la veufve rocesseau

2121 2984 357 125 dhist

902 3011 2042 189 Jal bien  hee cheire de  voe pet

878 3131 2065 158 remises a voier de veu sur les

898 3211 2075 172 Jeanode doncke de £150  il l'at accep

925 3315 944 73 ces ou re uy et estant tayce

907 3351 2055 107 en voratemps  prele

2293 3410 387 59 Conto

869 3424 335 76 ganson

2435 3443 186 107 9

904 3408 1482 191 orant  je vs le passera

782 3496 2140 162 etn compte. il n 'at este sensible d'apprendre p

880 3616 2008 162 lhonneur de la vre du 31 du passe que le s

850 3708 1737 122 van den heeke at este si itrais onable

3053 59 2191 187 ces gens n'attendent noint des raisons vous me rende

3061 135 2145 231 assez du service et il ne fault pas que vous perdiez l'est

3053 306 2128 172 la raison que ie ne tireray plus si nom en argent

3050 383 2150 225 coutant te pretende vous des intresser et aussy deposss

3062 542 2137 176 de lettres maisiespere que vous obtenet au moins

3068 658 2042 137 des belles espeles des remises que ie vous fait

3057 774 2210 189 sur ras et rima estant lettres de change les queles

3059 889 1977 189 le doivent payéer en argent de change ie ne

3075 988 2042 210 comprenne pas ce que vq me plaist de dire

3050 1129 2086 203 que vous avez la reputation que vre caiste

3067 1262 2073 149 est remplie de mon argent et que cela ne vous

3054 1363 2163 206 fait nu honneur ni plaiser. ce quil y at du mien

3071 1472 2045 207 en caiste ett bien peu de contequencee et cet ne

3050 1586 2067 219 sonmoins des affaires d'aultruy. vous meferies

3050 1715 2184 192 un sensible plaiser a me faire connoistre sil c'en

3046 1840 2124 221 passe quelque chose sur ce chapire pour moy

3050 1966 2116 191 ie ne scay de rien ue ie ne parle a parsoune

3041 2088 2161 209 pour ce quil requarde mes affaires ou mes Amis

3017 2206 2112 193 quils oat la bone me rendre service e vous

3020 2320 945 196 caluant ie me dir

4475 2445 553 149 6 gber 1713

3024 2459 1042 168 Amsterdam f rouseau

3046 2516 2068 203 tot antworrt op ue aengenaeme van 2cours

3126 2639 2114 155 ick moete met het gepasseerde spatientie ne

3119 2720 2103 164 men ick hadde wel gewenst dat ue provision

3128 2814 2112 186 lijcks maer hadde afgeven 2 a £300 soen ue my

3123 2921 2063 210 36:3½ a 4 noteesde dat un comodiert mij

3131 3031 2089 247 grootelijckx en echter en can ick noch aen

3105 3104 2122 212 resolveeaen door dien men hier nue vraeghht

3112 3199 2121 261 36:2 ick sal noch een postdach 2a 3 aen

3114 3330 2138 248 sien ende daerom blijft ue mijne gegeveneordre

3121 3387 2141 279 gerecommandeert en gevalle eerliese veranderin

3131 3502 2113 251 ge voorvalle tot advantagie heden iss e ban

3142 3602 2004 170 s0 onder de  weynigh off iet gedaen

3115 3689 2025 130 nomende de wissel op london gaet s

5269 3063 87 154 1

5371 759 150 162 u

5391 906 88 71 o

5327 1052 66 90 n

5281 1127 93 128 d

5305 1237 93 84 ay

5305 1311 68 71 1ic

5305 535 101 151 y

5342 649 60 78 ns

5325 2941 141 156 t

5361 3081 93 96 buy
