5313 3889
453 46 2123 141 l'occasion soffrant de linchise de mon here le Cadet

523 108 2179 214 pr la quelje nous saisfaison a vre ordre pr specisication

504 228 2105 181 de tont ce qui e nous vienne a nous troisir solde de

526 292 2113 199 comptes ie ne puis man quer vous faire senvoir

505 394 2164 254 que les nouzelles marchandises dont ie vous ay fait

529 518 2060 185 mention p ma derniere sont touttes heureusement

543 605 2086 215 arri vee grace au leigneur. siachant q pestez resolis

547 734 1955 174 de faire le voyage es de nous venir voir de

558 784 2107 235 vous puis asseureres dire que ie vous montrereray

515 913 2168 207 le plus jolie assortiment de stouttes sortes de curieuse

526 1017 2046 218 marchandise que n'aurez veu de vre vre et que

542 1112 2146 230 ie vous serviray a tres just prix et en attendant

569 1285 490 145 re medit

1758 1344 840 204 Ady 18 Julir 1712

369 1364 1253 197 Amsterdam franc. Rousseau

536 1470 2061 193 tot antwoort op ue aengenaeme van 14 deser ben

534 1603 2023 125 ue verobligeert voor de informatie wegens den

516 1694 2046 168 stershuijse van dh. van Rontem. sal mij bijden

537 1798 1932 144 loone op syn retour uit hoalandt addresseeren

529 1892 2015 156 noopende ue trato ne conde wel mercken dat

569 2000 1969 174 ick sulckx op tijdt niet en desireerde maer tot

529 2106 1842 150 meeste advantagie moogelijck dogh dat is nu

536 2209 2066 219 gepasseert ende te laet bidde van mij alnoch te

551 2307 2038 176 wilen fournieren van 5 a 600 ƒ t6 brieven op

550 2400 2094 178 london ende de weerde te trecken sicht p baste

573 2513 2021 169 beyde tot mijn meeste advantagie moggelijck

559 2653 2101 131 het en presseert op een postdagh niet ing valle

571 2730 2082 159 ue het soo geraeden vindt en meerdere advance

556 2817 1926 186 te gemoet siet. tmant van mijne vrinden is

580 2946 1990 153 oor leden poot dagh tot  advance betroeken

583 3041 2050 141 ue mijn intrest recommandeerende soo blijve

1771 3129 707 219 Adj 18 dito

397 3168 765 205 Brussel van Gock

571 3246 2052 191 ue aengenaeme van 4 cour. hebbe het sijnen tijde

1787 3381 131 64 uijk

575 3347 2059 183 wel ontfangen waer bij gesiene ue gesondene assignadies

581 3451 1972 197 ue voldaen waeren ingesloeten remitterre ue

587 3592 2076 142 £158:16:10 in vier briefkens waer van een £8:16:10

614 3689 2029 144 is restant van den selfden brief soo als ue bij de

2768 62 2324 104 endorsemente sal connen sien gelieft daer van het noodigh

2790 137 2255 160 te procureeren ende ingecoecken sijnde mij daervoorens

2794 244 1978 161 te crediteeren die blijve naer groetenist ie

2828 326 2021 182 op Rijssels ƒ300:- op segers £300 opjoseith

2852 425 1857 147 veroers ƒ300:- opt Becckmans £18:161:10

4215 558 353 145 18 Juuly

2758 535 817 177 Brusselle JoBeckmans

2808 621 2227 145 deser prixcipael tot het onsenden van fachire vande

2816 725 2264 168 raekens die niet en twijffele oft sijn ue op syen tijt geworden

2782 838 2249 119 bedraegende in wisselgelde ƒ 546:5 waer voor mg gelieft

2792 903 2292 129 te crediteeren ue wisselbrifkers op 8 mij laest vervallen

2794 1013 2284 95 van  too wise en waer op mij resteert £8:16:10 hebbe

2809 1077 2233 119 hebbe heden p en dossemente alsoo ge ende ge

2803 1186 2270 129 sonde aen dh van goch dat ue dan gelieve conformm te

2815 1278 2279 113 betaelen ende vor angort van de t laeckens bove

2783 1391 2271 152 11 nu op nieuwe rekk gelvert con ue mij aen brief

2775 1453 2313 139 ten senden soo het ue belieft op een gemeerde naet

2790 1555 2282 139 discritie de londone  godt danck gearreet

2794 1664 2281 166 ende hebbe al eenige goedeen daer van thaysbe

2789 1779 2292 113 me die vn hull stet eerstdaaghs op te scheeten ende

2804 1848 2237 172 soo haert die goederen mede hier wesen sal ik het

2783 1965 2247 174 schoonste soortement bij een hebbe dat int ghel cans

2794 2052 2290 188 te vvinden sal wesen ende ue daer van volgens mine

2801 2160 2222 187 belofte cito adveis geven niet twijffelende oft ue sal dee

2808 2285 2236 134 eengoet sortimen tee coopen hot gene ick ue het e

2804 2346 972 167 mys sal gereeve blijve

4307 2384 340 177 128 ggely

2755 2456 729 147 Brusselle C zagers

2841 2555 2194 117 ue aengenaeme n pin court hebbe het ssment de

2828 2632 2238 133 jntteny onde esxpres sedilayert ue te schrijven ende u ges

2827 2739 2239 82 ordono eerde somme van ƒ300 u s te trecken om dat

2828 2794 2243 115 met eenen soude ue  cot sende doch het ten heeft het

2832 2871 2211 118 noch toe niet connen gescheeden eens det met de greetee

2840 2914 2232 184 ceipatie met het arriveren vande londorusche vloer en

2868 2992 2204 212 de aen comende goederen ten tieedeom dat  wej ne

2879 3062 2103 200 ge daege on passeljck ben geworden dat hede e 300

2823 3127 2224 217 hebbe getrocken te betaelen op sicht in bret aen d'ordre

2816 3212 2206 183 est heeter van goet die confoire gelieft te verheeten de

2808 3296 2247 182 helske vlorte wort oock daegelijn verwacht soo haest

2811 3374 2254 180 die geeernetet is nal ue daer n advies geven en oot mijn

2810 3473 2242 171 eele ue de nieo lanck versochte ik cout sonde

2800 3525 2239 167 taeste sende als de heelsche  mede met gours grete

2804 3622 2235 109 geari sal wesen dian s ick ue hat  e

2809 3656 2135 129 prhooeste sort c van alverliye goederen

2787 3722 2212 117 t aernoch an in antwerpen sal gevonde hebbe
