5287 3889
1685 75 317 114 27 meiy

341 73 816 163 Brusselle J van dock

473 148 2054 142 sedert ue aengenaeme in dato 2 deser geene occasie ghadt

494 232 2052 149 ue te shyve voor de remise op Jan arel van heurik

501 316 2118 124 van £300 hebbe ue gecredateert af ¼ prito £297105

491 392 1986 121 ingesloeten remittere ue als aenden voer deser walr

490 481 2088 172 voor gelieve het noodigt te besorgeinge comen sijnde

494 533 2094 212 bidde het gelegentheyt mij met advince te remitteere

495 618 2035 182 als mede het gene brue noch te goet a hebbe

498 733 2090 167 rede de wissel op londen mesent soo avantage is

518 815 1409 158 ue sal mij verocligeeren die blijve

521 915 1220 167 op Jonf. de nede alexis wis:

2191 904 313 152 ƒ 300

537 995 1186 180 op rombout mollemans

2151 1002 410 143 £ ƒ 176175

535 1067 1670 173 eene quittantie n dr rensincester a costie

2156 1130 285 189 ƒ 112

546 1167 840 182 van cours gelde

1816 1285 342 150 27: mey

335 1280 1338 192 Brusselle de w: et nthoine allexes

549 1386 1947 159 tot antwoort op ue aengenaeme van 21 court

551 1479 2018 159 trecke hede den de geordonneerde ƒ300 aendore Th

541 1558 2010 198 peeter van doch die gelieve conform te verheeren

542 1632 2007 206 het is mij het dat de meinge soo sl is ick hebbe

532 1718 2068 167 evenwel hoepe dat het tegens den winter sal beetere

530 1811 2055 171 te meer soo dan wede voort gaet ick hebbe een conse

526 1905 2058 184 derable partye versche goedere onderwegen van al

532 1996 1978 155 derhande soorte soo laecken bayen in casseyen

522 2101 2032 171 het schoonsde foortiment dat men met oogen sien can

546 2167 2013 182 valter iets tot ue dienst voor ick houde mij altjt ge

540 2252 2010 202 net recommandeert ende ick sa ue goeden o

554 2372 1127 169 en wel bedienen die blijve

1706 2427 245 130 28 di

354 2500 710 167 Londenk: de dorpere

537 2494 2064 202 ue aengenaeme 25 april hebbe wel ontfange ende geene

543 2582 2041 200 gesan de noodige soarge vooremn geordonnerde spaesche

537 2673 1990 188 laeckens tal dinege doch datter tjt sal moeten wesen

538 2757 1962 186 omdat soortement gereet te eggen het cont my vre

529 2832 1972 181 voor dater costy present soo wiynierte soortiment te

541 2895 2047 198 becomen is en can ue naer genoegen daer in reusseeren

548 2987 1999 189 hebbe liever het te staeken want voor waer men be

523 3081 2075 190 hoopde a costy geene belastinge op de mancasfactie

554 3159 1949 185 te maecker die sullen met de n tijt hien selve genoch

543 3241 1985 213 uyt deselanden bannen hoe goeden coop die wesen

539 3336 2046 170 oft niet ue en can sick niet inbelden oft om moeglje

538 3408 2038 209 laeter voorstaen wat prige ditie de laecten mance

539 3501 2013 176 teere van enborgh aen die van engelant daer me

534 3589 2022 191 begint eenviseel van de selve un dise lande te beda

553 3713 2050 134 aen ende voor waer tot meeder avantage en merc

2785 65 2256 101 beeter in wolle en qualetijt als wy die van costy conm

2797 138 2248 89 becoomen dat moet een ider avoideeren ick laete ue

2822 202 2173 86 dan considereren wat het wesen sal in gevalle men de

2811 281 2190 124 goede macke van 6 a 3½ ap p sal oeen me schen

2807 369 2228 106 oft dat de goederen a costy coemen op te slaen voor mijn

2845 443 2220 90 deel ick en begeenn oft en sal geene laeckens endie

2843 515 2243 112 gevalle meer ordonneeren voordert ue magh segge wote

2830 612 2199 95 ue belieft de laeste gesondene baeltiens ne gexme

2849 693 2221 129 neert hebbende vallen soo rouw en stee envolle dat

2848 765 2219 136 ick wel groete differenti tusschie dit en weyngh g

2858 844 2177 173 passeerde maende besneure ende ex ca ue oor

2851 928 2203 205 sijne prijsens geene beetere becoemen bidde en sont mij

2879 996 2193 235 geene want ick en soude niet connen of coemen de

2882 1127 2165 180 laeckens die ue geordonneert hebbe van 1 N 14.13 a

2886 1225 2153 147 N14 moeten van breede wesen als de super fijne van

2882 1307 2116 166 van N15 a 16 anders en sijn die niet vercoop daer

2892 1387 2117 167 maer ick stelle ue den priys van N 11 tot nth om

2908 1496 2138 131 dat ue sich soude connen goeevernieren naer adve

2906 1644 2070 103 nant ue den beesten coop n die prijsen  aen

2928 1683 2052 190 treffen want het is mij een en het selfde het se N11

2895 1786 2129 177 het sj N12 als ick maer de dagh t'en weerde naer ad

2924 1899 2121 154 venant voor mijn gelt en hebbe voor lichte grijsen

2898 2015 2152 176 begeere maer eenige weynege s omsortiment te hett

2887 2122 2164 157 in differente prys en maer niet veele want die woorde

2876 2214 2170 183 maer ne en dan gevraeght tot governo het moeten alle

2913 2330 2123 120 alle de nieuste en raeste moedt couleure wesen sal

2928 2407 2095 171 dan afwachten oft ue mij daer in naer genoegen sal

2875 2506 2179 159 connen bedienen of niet als mede antwoort op mijne

2915 2605 2082 149 laesten van 4 court noopende ue geschreven hebbe

2887 2705 2150 123 voor ordienaiene colchester bayen ofer geene mende

2890 2804 2147 103 ue soorte dan tot 14 grooters p  te becoomen en is ende

2877 2856 2120 142 oft die dan nu oock conform het redras beeter voor

2885 2959 2162 128 heenne prijsen valen ende gemaeckt voorde soo in que

2881 3050 2140 140 letit als in lenghdr want men die provato van

2887 3125 2156 150 p  betaelen daer men dan oop goede mack behoorde

2895 3213 2100 141 te hebben ende ter contrarie vallen maer 34 ue

2893 3297 2132 152 antwoort hebbende sal wel resolveren om en par

2765 3384 1680 164 ue tije te laeten in coopen en soo bline

4263 3460 507 156 1 Jian 1783

2739 3486 1088 152 Londen scauwen en stockdaele

2853 3566 2145 138 Jay bien greeeu les 2 cheres vres du 28 d'avril et 5 de

2841 3675 2164 97 mas mais le premeere voye dhaalane m'et parveniue

2849 3730 2201 99 la derniere pr responce et pr l'avenir vs aurez la bnter
