5650 3895
756 51 1993 244 Gheudt Bo desaedelaer Ady 16 xberi711

2295 199 50 71 d

816 192 1963 161 ue aengenaeme van 14 cour. hebbe wer

823 268 2027 192 ontfangen met den wisselbrief op dh hudton

841 397 2029 200 geaccepteert te rugghe ue bedanckende voor de

854 504 1987 198 moeyre en goetheydt van geverrde laekens en

875 589 1973 221 hebbe niet dan fijn anet sijnde de gemeyne de

800 701 2103 211 alderduerste naer huyhe qualitydt maer can ue

842 818 1959 191 vrindt 14 a 15 daeghen waghten hebbe een

851 954 2046 167 stuck onder de handt dat ue dan sal senden

851 1028 1900 183 van breede en wolle soo schoon als men

848 1146 1928 193 soude connen wenschen dat bidde mij in

841 1226 2028 209 antwoort gelieft te noteeven als oock oft ue

845 1355 2067 214 geene vraeghe ien heeft voor schoone blouwe

853 1444 2076 245 gemeijne saekens van in de Blijve in afwaghtinge

2016 1590 792 219 Ady 16 sber 1713

798 1614 866 218 r franc. Rousseau

837 1723 2059 214 14 antwoort op beyde ue aengenaeme van 12

858 1862 1871 159 en 13 deser moete ue segghen dat wegens ue

856 1918 2068 234 behende vraeghe het ue niet en convenieert verder

807 2056 1881 209 dan os ue treckers te sien sulckx was mijn

888 2178 2020 164 voerigh advies en oock het sentiment nu van

884 2281 1943 179 vrinden ten ien reguarde expret daer over

885 2368 2051 183 geconsulteert. het addres is volgens ue op gevinge

894 2477 1969 219 dogh ick weete wel dat die parsoon met die

886 2590 1962 165 commissien niet seer gedient en d en sich daer

866 2734 1982 145 soecht van te excuseeren geene andere

893 2801 2051 169 reden en weete ick nochte en can ick vernemen

895 2896 2037 177 als dat men hier sich aen geene vreendelinght

889 3000 1924 210 en fieert van wellkers souden capacitey

897 3128 1872 164 men noeyt eau goet aspraisement hebben

900 3197 2054 207 nochte sich gerust stellen soo myn informan

879 3309 2066 215 nu gedraeght en coude ick wegens den acceptant

896 3417 2037 192 wilts voor mijne rekeninge begeeren en can

895 3527 2052 203 ue niet duydelyeker schrijven dogh alles sonde

884 3628 1811 191 vesimaen en alleen tot ue governo

3010 68 2205 142 dat ick seer aen ue discretie recommandeere sien

2984 146 2158 157 de wisselop London wat aent vallen is ende naer ue

3009 254 2186 210 opinie noch meer staet te vallen tegens het eynde

3001 426 2142 168 det maendt soo dat noch een postdagh 2 a 3 sal

3014 484 2105 218 dilayeeren. heden isser op costy weynigh oft

3023 619 2155 209 mess gedaen tot t geldt en tot iprete brieven

3043 752 2089 205 ende alsoo mijne penningen voor london

3031 872 2103 163 destineere soo hebbe tot donderdagh laeten

3006 997 2103 222 overloopen om te sien offinen morgen van

3033 1139 1951 198 costy geene veranderinge en sulen hebben

3032 1220 2146 205 bedancke ue voort senden vant lotterge briefie

2995 1340 2232 219 en dencke niet die soo haest sal voltalligh wesen

3014 1464 2117 204 ende datter tjdt genoegh sal sijn. soude voor

3022 1623 2128 155 eenige lotten wel speeu latie maeken dogh

3025 1711 2180 173 alvoerens verneme geerne eent dien aengaende

3001 1830 2102 197 ue gedaghten als mede de gemeyne opinie

3017 1969 891 183 en kooblijve

4596 2017 524 178 17 sber 1713

2992 2057 1050 208 Brusselle. deg Breger

3078 2127 2075 221 jouffr ue huysvrouwe laest hier sijnde hadde

3102 2273 2131 197 my geseeyt eenigh gelt ul hier moete ontfangen

3103 2379 2107 184 heet welck, sij mij soude doen tellen en niet

3095 2480 2129 222 gescheet sijnde oordeele die gelegentheyt niet

3096 2577 2089 168 en heeft connen hebben soo dat de vrij huyt

3099 2678 2115 234 gebraycke ue te versoecken de goethhijt soude

3102 2778 2103 217 gelieven te hebben van hebbe het selfde

3103 2892 2082 204 tot brussel te willen doen met te verkeen

3098 2995 2126 184 mijn trate aen h Peete van Jock vant0

3097 3104 2118 230 e da mij e hooghten verobligeer de het

3094 3219 2127 227 goet opre jaer tot jaer slechte met de negote

3097 3316 2128 194 en hebbe mijn leven soo geenen tijt gesien

3046 3417 2043 186 dat en comt niemant van brussele over

3004 3514 2201 199 doch ick rehoegie dat het ue yndelijck

3067 3626 2109 191 met het winter sacoen sae gaen beteren

5268 225 136 116 usel

5348 682 58 54 use

5344 761 68 59 14

5302 785 198 128 A

5247 1135 198 119 1 il

5292 1244 158 103 dn Jny Jant

5410 3079 47 110 n
