5630 3890
758 40 2191 125 het meer en meer dat het van jaere tot jaere ver

787 121 2119 148 ergert men moet met den wille des heere te

798 235 2119 152 heden wesen dae het tot onfe saligheyt sal

811 354 2027 168 ordonneeren soo ick vertrocuve het is mij

827 432 2066 200 genoegh mijn beste te doen ende in de gre

845 537 2047 193 tie ben mijne vrinden te blijve tot weens

819 638 2010 215 dienste ick altoos ben ue verseckerende

869 794 2041 183 van mijne genegentheyt om ue te moogh

863 873 2054 199 bedienen sijnde van alle soorten van

842 955 2052 240 versche goederen seer wel voorsien ende

843 1078 2068 239 dat ick ue soo wel als andere ten eweelte

838 1211 2092 253 prijse moogelijck in alle occasien sal

859 1327 2052 246 bedienen mets het ue belieft soo trecke

879 1446 2071 258 heden de geordonneerde ƒ300 op reck op

864 1587 2064 284 sicht te betaelen aen d'ordre dh peete

874 1741 2083 209 van jock waer van ue d'eere recommand

738 1903 748 216 dre en blijve

732 1948 2168 228 Reetenisse polier vincent verpoorten 12 Januari 1714

844 2099 2091 162 naer ue gewenst te hebben geluck en voorspoet in dit

851 2198 2095 165 begonnen n en ujaer niet veele volgende sal dienen

835 2302 2055 173 tot antwoort op ue laesten brief van 28 gber dat ick

854 2424 2064 174 geldt moete hebben ende velsocke dat ue mij sosde

842 2511 2124 143 coemen spreken om nieuwe condis en met malkan

797 2609 2046 201 =deren te maeken ende te sien oft wij saemen

868 2713 2060 140 sullen connen over een coemen en wille dat

859 2809 1973 154 absolutelijck soo niet langer laeten slugeeren

830 2903 2066 155 de geschoeten moeten wederom betaelt worden

876 3002 1937 176 ende het waere onreedelijck dat ick van huys

856 3110 2077 216 geldt soude toedraeghen daer ue my meer dan

866 3210 2100 178 s00 schuldigh id. de graenen gelden tegenwoordig

884 3294 2068 234 giudts genoch ende mij dunckt datter geene reden

899 3427 2071 181 van claeghen en wesen. ick sal ue dan te gemoet

888 3530 1053 182 sien en soo blijve

924 3716 73 104 6

3012 1790 97 112 1d

3234 51 177 90 det8

3016 49 912 174 Amsterd. Franc Rousseau

4252 70 937 194 Ady 15 Januars 1713

3072 163 2260 198 ue aengenaeme van 5 en 12: court hebbe wel ontfan

3066 253 2257 195 gp den eersten geleeft ue mij te antworden noo

3084 388 2194 176 pende de op gegevene errores bevonden in de

5326 445 82 97 c

3098 483 2295 208 nich court. die soo als gemelt hebbe moetn wesene

3093 594 2252 187 niet tegenstaende hebbe ue in dato 2 xber gene

3109 675 2130 195 teert dat met ue conform soude sluytens ge

3099 782 2165 210 lijck ick gedaen hebte en ue op neeueverec

3130 870 2153 215 voor sulde gecrediteert £15:5510 en voor de 5

3122 983 2113 186 looten in de Cotteje £16:2:1 ende gedebe

3114 1093 2116 226 teert voor ƒ 958:- ƒ 1863: - 1 400 te saemen

3077 1201 2239 236 ƒ4213 hollants court van welcke partyender

3127 1312 2196 225 int besonde gelieft mij notitie te senden wat

3081 1414 2252 210 dat die m' bano sullen  maecke noopen

3109 1567 2227 195 de het brefkeen op den haege tot  ingetrock

3085 1663 2190 212 hadde ue tot 4 aengenoemen bidde det ven

3104 1740 2229 263 lice met den agit als den samenen te vorgen

3110 1837 2205 230 want ick en soecke alle die partije niet te

3100 1941 2201 248 maecken ende voorders als ue hier boven net

3088 2076 2219 251 de noch af noch aen te schrijven want dat

3087 2172 2200 279 soude maer confusie maecken voor soo veel

3088 2287 2147 235 het n earoy van £1113:½ oelanght magh

3086 2410 2224 284 wel passeeren want ue en antwoort mij niet

3107 2558 2187 212 wegens het piet voorde brieven op londen

3098 2629 2204 228 daer ick voor wae te veeli en ge graveer ben

3106 2741 2139 242 ick bidde mij te nooteeren oft ue tervreden

3102 2854 2144 203 is by het toecoemende met de prvisie on

3111 2943 2156 246 denaen soo voor d'een oft dandere plaetiche

3093 3060 2177 206 sonder exceptie en imstaendie voor de selve

3075 3156 2186 195 want het sinfallibez men resies oplon

3080 3257 2156 218 den 2 usos als andere vroeven op tyt te

3094 3367 2107 196 nemen sien den g op niet envrij

3089 3503 2150 182 dagh 3 ½ te wesgn sjn alle niulatie vint

3077 3581 2172 190 men sich selve ten laesten bedroegen ick

3086 3679 2160 161 ben blijde niet voorders in court hebbe gere

5332 2829 102 163 n

5305 2971 120 135 13d

5347 781 104 149 busn

5310 1084 116 168 de
