5313 3889
450 35 2206 137 hebbe om ue daer uyt een partijcken te conende

483 149 382 121 die blijve

373 234 1034 160 Londen acauwen en Stockdaele

1821 230 296 152 29 July

501 272 2187 161 au regard de 3 vos cheras lettres du 13 xbb uin et4 du

482 407 2134 111 rant e deraj q jay receu partie de marchandises q vs ma

474 474 2123 112 envoyee je voyeray les bayes et draps pr occasion mae les

481 557 2202 129 draps ne me laisent auument il ny a pont de pa

486 648 2185 109 couleure et aussy tombent ils fort redes de laisnes pr lau

484 724 2216 119 mix et puis q me marquez q les mance factures en generaa

492 792 2148 110 avancent en prix tame mieus d'attendre et de vous la

490 855 2156 176 fin de la congunctiere presente je seray homneer e

513 940 2127 170 vos traitte de  £500 a 32:9 en faveurr de

509 1051 2190 156 moises berenger mais je m'etonne q sur passe mon ordre

527 1112 2156 193 jes tois enovance vos factures selon vre caleue portent

507 1231 2157 164 f too et vs en tirez t £500 un autre n'est jprnais si

502 1306 2110 161 se et advovent eux mismes q les draps ne payent pas

526 1385 2118 161 argent content je suis d'opinion q vs os tenie a la ou

513 1474 2169 170 te me si bien q les au tres il est estonnant  mes ections

522 1587 2117 177 dans la compaynce des indes ne sont passe encoren

534 1655 2141 168 mon nom vs estiez je presse pr avois la rourate

544 1765 1998 153 on et m'adviseee de le faire jevs prie encor unes

546 1843 2002 165 fois dons de ny point mangher et de me le vouloir

554 1950 2058 126 adviser l'ayant fait come aussy ayant recu le dive

551 2008 2024 173 dement de 2½ pret pr vs debiter conform pieis

542 2101 2082 154 mon ordre seroit complet et quil ny reste plus quen

526 2208 2041 158 ballot de 18 p de draps vs le pouvez a chever mais

523 2293 2110 145 il me faut de couleres plaisentes et agreible bien

526 2379 2060 149 melangee pr vre governe de les draps soient rare et

522 2463 2137 149 en caerie de beau coup jouray plas volontier pate

509 2556 2130 156 en ce agissee la dedant come pr vs mosme et surce

506 2647 1500 163 la je me dit attendant vss nouveles

1679 2743 360 141 20 July

435 2757 884 148 leeds William Cockson

484 2809 2104 202 je mi refere a ma derniere du 13 du  vs aurez as

494 2911 2015 175 sez veu q je ne suis pas trop content de l'assortiment &

490 2988 2026 151 m'envoyez a cause qne uevez pas mon ordre asteir

502 3072 2066 143 vs me marques pr la vre du 28 juin q tout me plaire

509 3157 2019 137 bien a leus arrivée il se pu q les draps tomberont

498 3230 2059 165 mieus en qualite q je les juge pr les eschantillions

510 3319 2058 162 ou q je les plus juger car je mmagine q'vs les a

507 3405 2048 153 rez coupie de drops avant quels ont is te dresse et

512 3501 2123 147 modee et p consiquince quils pour ront estre ples

493 3607 2168 112 touble a la main mais les couleures ne sero actre

505 3673 2180 132 & je ne les vois pr les eschantillions qui sont tout contray

489 3760 1992 86 le a mes montres 1 dans les ballots N235 it 3 8 es

2784 58 2270 99 couleures ie  33 sont bonnes les bayes generaele sont de trop

2787 133 2276 101 moindre mise et qualite si bien q les farduleures de care

2791 217 2219 103 sees a 12 je ne veu telle marchandise a nmelle prix

2801 296 2221 123 as ne sant q de foastes et pont vendable je voyer ce

2785 365 2273 146 sera de finnes bayes du balle N37 voyle done mon ordre

2811 441 2262 163 complete mois il est chaguinant q vs ne me faitte au

2819 541 2233 105 cenne mention se les vaisscaur partirent en bref ou

2797 649 2270 118 point il faut travailler a cela car moy et bien d'autres

2809 725 2236 135 souhaittons q les marchandises seroienserre ve pr tout

2822 803 2233 154 ce quil puis surve ner car la can functiere presente n

2821 900 2250 134 in agae  eest le rincipael he et de cette malek

2826 1008 2239 130 afn q teriez devoir q le convooy dhill pr rotterdamm

2814 1068 2258 160 doit accordee et quil pis parter ses pereden avoir

2817 1176 1500 128 vos nouvelles au premier et je me det

4151 1231 342 148 20 July

2757 1237 431 161 Leuven J: nijs

2826 1303 2239 128 tot antwort op ue aengenaeme soo sende ue heden met

2841 1422 2222 92 den boeden wijns het swert laecken iet een spaenscn

2843 1519 2166 112 laecken niet het selve dat ue mij getaeckent heeft maer

2859 1579 2129 116 een ander vant selfde couleur mercklijck beter als

2850 1672 2188 108 dat ue geckent te saemen in een peacke gemerck

2892 1751 2174 129 verhoepe het ue morgen wel sal geworden ende dit

2871 1811 2186 131 ue daer by contentement sal hebbe wat het is te

2871 1885 2197 179 goeden coop naer troportie dat de goederen pren

2861 1982 2197 155 op slaen daer ick geen remarque op en nemen naer

2864 2063 2173 148 ter contrarie ue noch beter op als de oudemert

2865 2162 2190 158 stalle want die swerte laekens hebbe ick altijt tot

2842 2256 2226 118 N4 vercocht ende die sorte van sroeensche o

2837 2313 2171 183 N11 het laecken dat ue geteckent hadde was geert

2848 2410 2194 145 vercocht ende minder in prijs als ick ue sende

2852 2515 2220 130 ue ial soo onder vinde want het is aen seer schon

2870 2594 2161 139 coulerer ende een hher goet laecken hier onder heeft

2857 2686 2190 200 ue de facture bedraegende i wess ƒ 347:12 ¼ waer

2839 2767 2157 194 voor mij gelieft te crediteeren ende in alle occatien

2836 2905 1067 172 te commanderen blijve

3992 2941 481 172 21 July 1712

2750 3011 706 130 Brusselle hi dakens

2852 2989 2220 223 tot antwort op ue aengenaeme van gisteren soo heeft dh vanden

2866 3127 2175 156 biishwel alheerger de crediteeeren geconvoieert de com

2862 3226 2136 145 paranten waeren seer weynigh even wel heeft hj die be

2852 3326 2114 136 weeght een acte te passeren daer by te committere

2854 3352 2206 158 ende te authoriseeren dien notans van de cruyse vmden

2856 3443 2185 162 urateur des boedel van rijneer in beue dh vanden bergen

2851 3526 2207 149 te constrengeeren tot het doen van de reck ende de uyt deylen

2856 3596 2204 170 gederpenninge daer op isser provisconelijck arest gedan

2881 3669 2159 144 op de efecten ditto vanden bergen alheer competeren de ten

2882 3737 2143 111 das sijne vom den selve en bratant voor recht te rjgen ende
