5659 3889
617 50 2009 207 Amsterdam francois Rousseau 24 July 1713

788 123 2077 190 & van ue mij altijts aengenaeme hebbe te beantwi

810 240 2009 184 den als 13:17 en 20 deser ingevolge den eersten ue

805 322 2068 193 trato voor Dhr Jacomo swelvelt van £ 160 voldaen

806 425 2062 192 ende ue daer voorens gedebiteert tot 1 & mijn sch

814 532 2063 205 de £157:8 voor een accomodatie wat die co

834 609 2005 197 vrij hoogt genoch ue tweeden advis eert mij

807 692 2026 268 het becoemen van mijne remises te saemen

806 811 2030 245 banco £500 ende dat ue moete  voor de em

795 907 2023 247 ses op gras ente soo als ue mij hadde

809 1027 2012 284 op gegeven te weeken voor die van £„80

808 1128 2069 274 af 2¾ £488:2 ende die van £200 af 2¾ ƒ 193:1

802 1232 1997 311 hebbe het selfse confoim gedaen des cotege

793 1371 2006 269 w quaemen mj niet d'accord maervinde

804 1446 2010 259 ue het verlus himpelijck camt af te trecken

814 1564 2022 278 met ue laeste remitteet ue mij op hellen op

820 1732 1991 208 uso £400 af 2¼ ½ 391 en £174: op Jacob pace

808 1827 2004 209 wels op j af a ¼ pret £170:4:10 hebben

834 1956 2025 213 ue een form gecrediteert die cours as weynigh

830 2048 2036 182 advantagieus ue is geabuseert dat de wissel

853 2153 1966 193 met brieven te dato 18 van hier wirde geno

840 2264 2000 194 teert tot 1 ¼ pat hebbe die beurtijt selfs tot u

835 2377 1961 226 gepresenteert afte geven ende geene brieven

822 2489 2028 208 onder de 1½ ½ b schaede connen aentressen

811 2593 2062 230 oft wel 1½ spret advence vous de breeven noopen

823 2704 2028 181 de anthoine pellin is de minste jen scrape

811 2819 2007 187 te maecken hebbe tot ue securitijt mij diens

827 2910 1960 216 aengaende noch eens particcutirelijck geun

853 3034 1987 192 formeert ick soecke even als ue mijne mede

837 3121 2004 149 a ue advantagie ende en sal

819 3219 2045 208 noyt remses ontfangen oft sal ue adverteeren

814 3318 2041 199 als ick wegens de capaectyt der acceptante

818 3421 2047 205 seruipel vinden op dat ue bij het toecoemende

796 3519 2083 171 naer aevenant sijne meures neme van brieven

801 3633 2066 169 op Jacobus pauwils maecke ick wes nege snui

790 3729 2091 118 ratie oft ue moet van de reckens geassureert wesen

2919 0 2227 156 e e

5181 161 57 54 d

2937 120 2166 133 het is een songh negotient die soo ick oordeele

2943 200 2202 196 weyeniste van sich selven heeft ende dat is oock

2974 309 2197 195 mijn ie niehs te reden ende bidde altijts mijne

2982 405 2184 211 informatiete secriteeren want het en waere

2976 489 2218 229 neet redelijck nochte het en is oock mijneen

3008 583 2226 251 tentie nut iemant in sijnere dit tewille

2996 691 2210 224 luncken mant een sonch megotvant hae he

3006 805 2193 261 bovene alles noodigne het gene ue schrij ve die

3022 903 2217 235 nen allen voor ue en mijn goeeno ende da

3023 1034 2204 213 betrouwe ue toe met het sluyte des bancqu

3055 1173 2067 202 en isserdan niets te doen voort begen van

3000 1252 2228 205 augustij hebbe cirea £ 1100 bj j ue moeder tot

5189 1453 50 86 a

2964 1407 2142 235 brussel leggen sijnde aenemis is van £500

2975 1557 2257 151 wederom den waerts op gras en rema

3005 1636 2220 207 connende die onder ½ veles alhier niet

3006 1763 2142 164 intrecken ick laete ue dien oordeelen weet

3023 1872 2168 238 advantagie sulcke pagste ij canrendeere

3007 1971 2186 196 coste ue eenigesent op brussel dis poneeren

3028 2122 2205 209 en mij £7000 dde ue can crijgen opsullin

3030 2197 2087 201 daer tegens remitteeren dat soude ij aen

3021 2311 1603 257 genaem wesen bleve van herten

3021 2452 992 167 costy banco 1¼ a ¼

3029 2569 458 157 cour 3

2993 2661 886 157 londe N 35:8 ss

2999 2732 890 212 parey a 7 gr vs

4312 2737 730 220 26 Julle1713

2927 2832 1102 210 Leedr William Cockson

3009 2898 2059 229 Jay been ne les 3  vvs du nd 24

3012 3017 2128 212 fain et 8 du coudt la prepacca me meserve de

3012 3124 2099 160 rien la seconde m apporte eschantillions

3009 3243 2075 141 et factures de N6 et ¼ y ayant asseur 2 ballot

3016 3336 2139 122 6 dont vs vs abusez la derniere me donne le con

2991 3413 2160 164 nossement de N4 avec les draps aris charge dans

3007 3503 2138 168 le vaisseau de George Beelby pr eRotterda met

3009 3591 2158 151 nonobstant que a ballot soit charge vs mede

3003 3699 2166 117 mandez si je le veu pr mon compte ou poins
