5650 3895
767 40 2132 196 que je ne vs ay point envoyee le certificat r le

815 135 2011 200 drap fabrique de pays ce qui ie ne piees plus

853 220 2006 242 faire le drap estant partie les autres sont

840 350 2076 219 draps d'angbeterre mele j'ainenceux que

861 448 2033 194 le S stevenaert regle la declaration come

872 557 2021 233 il luy plaist pr la valeur car il n m'a

886 654 2006 249 point laisse ordre pr cela jespere que le

907 757 1995 223 ballot vs est bien parve nue en son temp

909 877 1992 256 je vs fait offres de mes services parcellemant

751 1072 842 195 12 pet suis du coeur

2156 1085 582 149 2 sber 1713

729 1169 833 196 Mons . To Caniot

856 1197 2036 272 Jay apris du mesager gonaert vre bon arrivée

881 1328 1986 217 chez vs ausj des 2 ballots dont je suis bienaise

875 1413 1961 277 je ley ay levre les 2 p. deventer & mission

863 1515 2037 263 l'aeu dans une rolle marquetG de liee

889 1626 2013 293 partie et lautre vs uvez cy imcluse factu

890 1757 1986 255 porrart argent de change ƒ2384- 14¼ la

904 1873 2011 234 baye bleuse vslaurez sans faute pr le preme

882 1972 1998 191 voy aen je suis bien assie q vs aurez de la

909 2089 1999 246 satisfactions de vous la marchandise que

913 2191 2001 236 vs  ay vendu car le tout est si resonna

897 2267 2010 284 ble prix que personne au monde nest cap

928 2372 1918 286 ble de vs servoir plus pres jes pere avec le

853 2484 2065 293 enfuitte qu'en aurez bonne debite et avontes

866 2590 2035 299 safin que je vs pas ssrevoir bien tost entre ƒ

906 2710 2008 264 pr ce que vs puis manque vyez la bonte de

896 2843 2023 195 me l'ordonne et soyez persua dez que je me

913 2917 1990 278 fere un plaiser ans  bien servir et suis a

2256 3093 534 178 2 sber 1713

913 3174 288 89 Colcest

772 3160 972 207 fournay i mon Donne

898 3232 2014 214 pri reponce a la tres chere vre je ne vs pe

911 3325 1993 205 renvoye la premiere lettres come je vs ay

933 3427 1985 208 assez donne a connoistre pr ma derniere

911 3527 1985 213 a cause que le s le fezeler que la payez

894 3644 2016 205 la dont je bien tienir que la seconde pr sa

3005 51 2237 124 de s chage ce lune se  pratique autrement et e

3020 133 2229 178 lieur J: jamar ne si attend point vs n'avez que

3022 232 2223 199 ley esre quil 'en informe ordement p

3037 330 2198 239 sus mary vs cause tant de port de lettre me

2994 461 2183 210 ao pos a a suyct il me cause du chagrin

3057 581 2188 234 d'aprendre q vs avez oblige de payer le ddos

3021 699 2222 244 de la derniere partie: q vs in avz achepte

3004 817 2237 232 il me semble quil est aise a le revoir puis

3046 936 2194 227 que les holandois qut este oblige a lever le con

3044 1017 2210 268 toute en suitte de traitte avec les angleterre

3056 1112 2165 291 et vs divez travailler a la je ne doute pas

3055 1235 2182 254 on vs viendre about erfin cette affaire fair

3080 1363 2152 215 die bien au commere entre ve pay s et le

3104 1467 2125 264 nne ce que dieu veeulle ne sochaittant

3086 1615 2079 193 qu'a augmentenre comespondence je

4494 1751 552 147 2 sber 1713

3095 1761 387 160 medito

2993 1866 981 167 Gent Micheel Bogaert

3049 1872 2188 269 p ordre van J. Hobbelaert sos addras oeuedese

3083 1998 2130 197 naer middigh met het beert schi 2 parckens

3078 2100 2149 197 voor reet van t haere moeder de 20: peeter goet

3061 2190 2100 259 gebaer tot cortrijck gemerckt 1 met 40

3050 2307 2184 233 N fages en W5 N2 met 7 gemengelde laecken

3058 2411 2182 221 en 1 wette cotton waer voor ue et recomma

3014 2523 2202 211 de ue de selve en haere ordre te volgen eijnde

3094 2668 1477 203 in alle dienselijcke occasien

3003 2768 1939 187 Amsterdam francois Rousseau 4 sber 1718

3074 2858 2039 147 tot antwoort op ue aengenaeme van 31 past 300

3071 2982 2084 143 diene dat het mij duckt ue mij nuu genochsaeme

3092 3065 2061 146 conde provideeren op tijt daer de iours opcort

3078 3089 2141 205 sight 1¼ prt is ue en moet geen gereu maecken

3088 3220 2108 132 te meer om dat ick niet een brrief meer van ue

3072 3329 2141 118 oft voor ue ieck hebben loopen aengaende breeve

3089 3405 2015 119 op hallen hebbe ue genochs aem geschoeven

3069 3460 2091 130 daer voorens giene swaereghit te wesen als

3105 3548 2119 149 ditto ullen geaccepteert heeft en cen ue niet

3082 3621 2122 196 meer seggen als ic gedaen en hebben te wekn

3089 3749 2137 94 dat c noyt geene van ue remises in sal becoeme
