5498 3889
594 29 2155 116 a bon compte voila comment cela va je ne fai

591 130 2156 158 payeer non plus a l'un qu'a l'autre ne je ne

608 196 2147 213 suis pas accoustienne a surfaire ce la je regle

632 277 2129 189 en un mot vs me permetterez sil vs plaiste je

617 401 2151 170 me puis un neu instormer apres vs gi et a ent

656 513 2035 195 de la satisfaction p ne manqueray paes e

659 600 2086 206 envoyeer lu marchandise au prix comeje v

643 693 2066 240 ay vendue mons Gallopin pr cetefois

665 796 2076 203 les marchandises sont considerablement plu

689 919 2040 190 chere que l'annee passé et en cherissent enc

698 1012 2073 205 tout les jours mai pri une ba gatalle et pr pour

711 1165 1944 220 voir faire connassence ay passeray outre

726 1233 2059 270 quant on neu faire un pent ballot il vs

730 1377 2054 193 ne meillieer marchie pr la barque pr brussel

732 1490 2041 170 les addressants toujours la a la leste dorau nar

703 1613 2019 188 the au grain au l'henry de pauwou les cha

704 1714 2066 176 tiers de mons les vont prendre et les aminnen

713 1848 2011 125 de la a mons p mess agercest bon prene

673 1953 2086 178 p ou 2 cenendant vs enferez come il vs plai

716 2039 2028 206 ra se vs le souhaittep messagerfoit jonat

690 2156 2076 198 ou vignoie vs n'avez q'a leur donner une ptite

694 2280 1973 174 lettre oe se vs le souhaittes pr la barque aye

693 2416 2013 178 la bonte me le faire scavoir et en attendant

691 2522 434 155 je me dit

1860 2555 482 158 3 februcer

513 2581 955 191 Brusselle J. van dock

678 2639 2094 227 ue aengenaeme van 23 past hebbe het sijnen tijde

671 2813 2111 162 wel ontfange met de gementioneerde seconda brief

668 2887 2114 164 kens op londen het is mij liet te sien dat ue soo veel me

666 2989 2091 159 te nemt met dousedan ende dat noch te vergeelsie

648 3107 2126 128 en can hem niet t meer schrijven oft met brieven spras

657 3235 2121 146 men als ick gedaen hebbe want ick can wel mercke

644 3302 2124 164 dat hij nu op mijn diegemente weynigh comt te pas

657 3427 2126 118 sen al ue oock met sijne devoinen niet en can eff

670 3515 2123 197 teeren soo bidde mij den procureer eens te melden die

657 3592 2099 178 ue dese saecken voordesen ocans in hande gegeven

627 3715 2136 113 hebt want ick sal hem doen hersue au dernier

2917 0 2267 181 ponrt maer en van denete  haefte, geen goede en

2900 105 2261 139 tentie van sjn crediteuren te beaelen ende dnss

2913 187 2259 207 ist geen nden dat men sulckx vaylaers soude dul de

2933 296 2141 196 ingesloeten remitteere ue op Joannes beckmans

2922 397 2181 231 vallende £150 en 2 assignaties ider van ƒ400 als

2900 516 2213 221 op d Joannes haegens en Sr. Pauls de Broyer die

2915 643 2220 168 gelieve te doen in voorderen ende mij voorensn

2888 767 1484 166 reste te crediteeren en soo blijve

2816 877 1231 183 Brusselle Joanner Beckmans

4337 860 688 216 3 februarj 1713

2910 1021 2175 101 Ingevolde ue aengenaeme primo deser en hebbe niet

2812 1080 2341 168 tende dan heden vermits gesteren tayligh dagh wes

2902 1197 2169 142 het laecken connen afsenden doch den boede morgen

2909 1299 2125 140 vroegh om 6 usen maer vertreckerde en salt niet

2918 1393 2226 130 dah tegens den avont bije wesen het is den boeden

2936 1482 2215 156 mosselmans ende het laecken is in een geolt evin

2942 1555 2163 152 een lijn cont paxke genaeckt met ue addres oo

2912 1660 2233 142 dat opt arrivement van de scheyt daer naer gelieft

2930 1767 2192 186 teseen sijnde N299 ƒ 26¼ a 35 a ƒ5:8 wwel gelde

2929 1869 2158 188 159 mgnecht moet mij quaet rapport gedaen

2920 1981 2191 162 hebbe want hij mij duydelijck geuyt heeft icemet alls

2894 2083 2224 220 het carmgjn laeken gelefde af½ gesonden te hebben

2922 2210 2172 148 het welck al bij ue behoorde geaaechtewesen

2911 2331 2163 182 sal daer van een treefken verwachten enwenst

2929 2426 2207 158 mede wel van de resterende baykens met dit laecken

2910 2548 2172 183 om eften reck soo te maecken alst ue gelieft ick bn

2922 2648 2253 159 te vreden een cleet en voodreinges daer vn te halte

2936 2807 2238 96 maer daer moet a 7¼ laesken wesen ende het

2932 2847 2212 195 vanden flannel moet wel accordeeren ue groeten

2920 2975 257 156 hdne

4130 3004 472 155 4 februvoy

2826 3047 912 142 Mechelen C Betram

2944 3076 2100 174 ue aengenaeme 10„24 en 31 pasto hebbe wel ontfange

2845 3186 2277 151 ck vraege ue excusie met het eynde gmende begennen

2933 3292 2145 110 vant oaer heeft men soo veele occs patie om de echnti

2932 3325 2247 154 beheelen dat nen soo mistantelick niet can doer het gene

2903 3453 2163 95 men wel soude soich aitteeren hier  boven dien notitie

2902 3505 2215 110 van de clijne resteernde reck niet se ue moederwaer by mij te

2890 3568 2249 147 goet comt pr slot salvo evre £25 51:3 olaems e clele

2926 3663 2143 69 die gelieve naer te sie  het is mij leet dat men de onde ene

2910 3696 2187 80 calanten siet de affaire is verlaeten, e tegenstaende daer de accasie

2904 3745 2183 73 voorvalt dat ick capabil ben ditamillie aeste doen gelieft geparsse

2918 3791 76 52 ad

3190 3790 72 45 ia
