5661 3880
802 39 2080 187 pans mais je vs ay manque pr tout tillement de

794 157 2089 182 que je me trouve oblige de vs envoyer pcelle

781 263 2110 164 ay le receu et solde de tout pesques au jour 22

751 376 2152 175 Jullet 1713 et facture de marchandise que avoit

812 505 2078 159 achepter  sur compte nouveau que s

812 563 2078 189 partie fameoy dernier2 9 suillet en suitte a vre

819 657 2070 175 ordre pr. la barque r dermonde a l'addvisse

819 769 1984 152 die Sr Pieun de Baut dans un ballot marque

818 875 2073 227 os & jespere quelle vs perviendrz bien et quelle

830 993 2042 165 vs donnera sil contentement que jauray plus

843 1093 2059 166 de vre argent pr l'avenir car vs lsavez a mut

843 1188 2052 233 lieur marché que je ne les ay vendu avant les

846 1300 2054 225 paix ou la cherte dont vs douvez estre as se

872 1410 2002 250 la factiere parte ƒ331129 en argent de change

896 1534 1997 219 priant e crediter sur copte nouveur et

890 1663 1995 176 me commander pr tout ce quel. joffe prir

904 1757 1779 244 serve  vs assurant que je suis du coeu

2068 1859 636 173 1 accgusdj 1713

699 1889 985 232 Dermonde  de Baut

889 1924 2012 265 Ick hebbe ue voor leden eeterdagh met het beve

900 2091 1958 201 schip op dermonde geaddresseert een paxke

869 2190 2029 235 franc pr ordre en voor recte van mons Igna

888 2298 1966 214 a hordon van haet ick verhoegie dat ue het

862 2410 2022 207 selfde voorne wel hhueft ontfange ue gelieve de

882 2503 2016 203 ordre van d' mons horion daer mede te volgens

881 2611 1939 223 ende het selfde ingevolge dan soo dre as

884 2726 1957 205 moone bij oft is te depecheren met datter veele

886 2822 2003 221 paxkens voor hem sijn soo hebbe het mijn ge

871 2943 2032 241 merckt  & om de distintie daer van te maeck

862 3092 483 188 Ick blijve

2096 3128 565 145 Jaccquby 1713

690 3202 778 177 Gent J:B: Saedelaer

855 3219 2035 231 ue aengenaeme van 18 juni laest hebbe elont

845 3317 2038 224 fange achtervolge hebbe al verwacht ue mj de

874 3396 2033 226 ek van het vercocht soude hebbe gesonde ick

862 3520 2039 204 bidde op alle vrenschap sulck gelieft te doen wan

860 3626 1950 149 met dit saisoen hebbe den beshe het om mijne

849 3759 2052 81 boiske naer te sien ende de onde dine te offenen

2959 5 2249 213 e e ea  blae de e et deconcer

2970 115 2199 126 aen den man te helpe al wast met stecken en

2988 213 2229 166 lappen want het waere droevigh naer verloop

2996 277 2204 195 van soo veel tijt de selve ue on vecocht de

2979 380 2154 193 salen noch met oncosten te moeten wederom

2991 491 2201 182 nemen ick en can niet bevroyen dat het accst

2965 599 2215 227 soo slight en fammelijck can gaen met de neg

2976 692 2188 188 tie en manufaitiuren het is waer het debiet is

2996 773 2203 255 sleght geweest ende den boedel van buck heeft

2996 882 2165 251 in dat vertierveel quaet gedaen maer dat be

2969 968 2245 258 hoorde nu immen een eynde te nemen ende doch

3015 1128 2177 206 den vreden alles op den ouden voit te coemen

3010 1272 2092 212 soo iett verneme soo moeter voorbloeueen

3010 1358 2192 256 swerte nochal its te doen wesen wantic

3014 1492 2149 207 en can niets oordeelen dat andere vrinden

3009 1600 2199 228 stil weaen maer ter contrarie noch al senden

3026 1721 2171 222 ende vercoopen ik soude den ouder weshen

3011 1829 2197 212 kennisse geene onderhouden ende de ame

3010 1946 2195 194 werck lieden van ververs en bereyd ens werct

3015 2066 2175 173 verleenen maer ick ben vol geeropt dat ue

3004 2189 2184 174 wat middel sagh tot lossen soude eens met eende

3006 2273 2156 195 neccewen moet een nie pastycken senden

3017 2402 2164 223 want hebbe seer schoon sortiment van alderande

3007 2475 2177 279 soorten en qualitijt van die laeckens gockben

3024 2606 2155 245 ick van engelsche goederen wel voorsee oft ue

3003 2701 2170 269 ict quaene te onstrecken tot ue dienste blijve

4345 2832 619 164 2 augusten 1713

2950 2872 1018 176 Brusselle de wed: Dekens

3013 2897 2174 220 ue aengenaeme van 21 en 31 past. hebbe wel ontfange

3020 3048 2158 143 met den eersten den wisselbrief op &h Daniel de elve

3039 3130 2104 138 van £174:16:8g vlaems weselgelde dic £174:16:8

3036 3184 2131 221 waer voor de weerde hebbe ingevoordeert die tot ue

3041 3275 2082 196 dispositie onder mij bewaere de ret hadde aen

3010 3346 2168 224 mons scarenborgh ter hant gestelt om naerte

3009 3459 2070 189 sien ick hebbe die gestern op de borse eent

3025 3548 2064 197 weder becoemen hij is van de selve opince als

3042 3616 2134 216 ick dat de oncosten seer ex cessif wesen ende dat
