5527 3906
660 82 2271 105 maendt is soo veel als dandere dat heeft  soo

630 118 2133 232 geduert sedert Augusti 1711 ue behoorde selfs

665 212 2225 221 beschaenit te wesen: ick moete met dh van

688 353 2230 161 noch atrekenen en ick en sal absolutelijck niet

675 424 2039 216 flanger fraineeren en cant ue noch piet

706 543 2215 162 abtemael seffens betaelen, betaelt ten minsie

705 635 2117 232 dhelft by provisie op rekeninge sal in

726 739 2184 202 antwoort verwaghten wat ue gedaen sal

725 851 2232 181 hebben om mj dan naer advenant te regueer

744 987 857 169 en soo blijve

2031 1064 558 163 3 april 1714

599 1084 1220 231 Amsterdam Francous Rousseau

698 1166 2212 203 soo als ue op 23 court adviseerde, hebbende beweerte fransche

1688 1285 175 55 colers

723 1291 2198 154 spetien op vrijdagh 27  genoemen van welcke dato

735 1373 2208 125 ue messive, becoemen hebbende bevinde ue mijn ordre van

759 1450 2157 142 trecken £1000 niet en hadde geeffectueert. dat immers niet

744 1580 2222 100 wel en is daer ue mede va opinieis de wessel nochslae

754 1637 2151 115 ter sal loopen ick moete patientie nemen en sien hoe de

732 1730 2200 157 saecken sullen schieken in wissel weijgertmen ditto spetien

732 1824 2192 154 ontfangen niet temin vwele willen dan poeers

773 1921 2193 163 der selve generael forceeren door te gaen uyt welcke reden

752 1963 2212 209 alhier present weynigh oft niets en wort genegotieert vant

774 2063 2156 194 passeerende terborse ende de opinie dien aengaende

785 2127 2148 220 costij bidde mij te informeeren om mesure naer adve

776 2231 2130 208 nant te connen nemen ik daluleeren en maecke

753 2364 2182 173 faert dat alles op den oude voet sal coemen

761 2488 2082 133 en sich selven schicken alsoo men vast stels

790 2575 2135 149 ditospetties van soo goede valuape als de

789 2673 2192 156 packsehe wesen volgens den cots oirder

775 2763 2168 181 welcke n aaen die gestelt  en lhebbe in

772 2865 2129 127 tot mj n bonheur voorsien van brievenaet

746 2951 2214 209 London die ilk het preffeerenste noodig

819 3061 2143 121 hadde soo dat ick het wel wat can aensien

2766 3187 69 112 6

833 3153 1954 170 aengaende het af senden der spenen

852 3237 2084 144 hebbe ue noghnaels geschreven mij dat

842 3344 2052 157 noeyt mede te willen bemogen neden

859 3434 2063 130 mij mooveerendedaer sijn diversche die de

812 3536 2071 135 selve asseureeren a cosy te leveren voor

847 3636 2066 162 caveeren en slls dautre  a ½ presd

818 3694 2145 141 dat  ie ecoodrgle ladez en sil ie

3083 63 2263 222 wilde employeeren ue astignatie ude geven

3082 168 2132 183 op mij voor ue reken saen hun te betaelen

3078 314 2192 170 off te tellen soo veele stucken van isperies

3087 410 2265 196 alst ue beliefde soude ick doen en moogen

3083 529 2018 168 doen als ick niet wecke die uytgevoen

3095 620 2110 179 oorden oft dat ick directelijck nochte

3081 766 2306 179 indtrectelijck daer toe en soude coopereren

3100 862 2209 186 gelijck ick niet doen enwille nochte

3102 961 2051 199 deyt even en soude tot ue goverse

3093 1068 2202 215 blijve in a fwaghtinge van ue naerder

3107 1190 1394 193 d vret en spesu latie

4717 1241 159 168 d

3863 1357 1039 238 sjnde des boeche

3690 1574 1095 240 op 30 April l75

3798 1814 580 209 ftun

3877 2029 491 192 1d14
