5475 3889
1861 74 758 139 21 January 171½

495 76 981 116 Brusselle Joseph ververs

554 146 2149 197 Sedert dat ue op 9 gber est hebbe geschreven ben der

575 241 2149 166 nondert geen antwort te hebben becoemen ue hadde

568 335 2204 188 mij in sbe hierieoede belooft van voor het montent

590 431 2152 151 dat ue mij noch schuldigh is briefken te sullen

597 516 2161 192 teren ende te senden dat nu bij de fnaenden gele

601 622 2125 190 den is derhalve versoecke: wat consede ratie te

618 712 2098 251 gebruycken wel wenschende u mij mij geleeft

663 812 2070 272 de permitteeren van een hondert pondinte

639 920 2086 209 moogen trecken want hebbe present wat oet

628 1015 2149 221 te betaelen sal hier over d'eere van ue antwart

648 1130 2030 240 verwachten hebbe eene schoone partje van

649 1242 2078 234 alderhaude soorten van laeckens becoemenen

666 1326 2096 248 wat praisie op vooraet gedaen dat daer ue

680 1449 2050 238 tot caviele pryse mede can bedienen inge

655 1563 2092 220 valle iets van ue dienst woorvaelt want met

664 1669 2069 231 de gerachten dat deroreden aboolut soude ge

672 1806 2111 220 daer wesen oo monsaen de oederen en oet

689 1875 2071 226 de wissel dat van nuwofal conside rabel aen

690 2004 2085 225 het voorgaende jaer comt de differeren ue nee

696 2097 1979 233 S: ue bemende allensegen en voors poet en det

716 2186 2034 293 begenen jaer wenschende met veele volgende

728 2315 1882 251 tot contentement en salegheyt soo blijve

1971 2439 658 164 212 January 1713

542 2491 855 182 Brusselle J vandoch

731 2541 2031 194 ue aengenaeme van 17 court hebbe wel ontfange

688 2665 2088 140 met remise en  £158:8:6 van 7 janue  o

716 2748 2060 151 william mead die hebbe afgesonde bedraegende vlor

710 2857 2060 139 tot N 34:6 £ 273:5:7 biddende mij daer van secou

682 2951 2085 210 brief de sende: als mede vande voorgaende  £81:4

690 3063 2085 167 die mj den oint comt waegen m den selven

696 3151 2057 162 hebbe ingetrocken redene hij tot dato deser geen a

712 3250 2059 161 vis heeft becoemen soo dat bidde in antwoort daeer

706 3344 2085 191 aen niet en gelieft te manckeren wegens docsedan

688 3444 2101 176 verwachte hij eyndelijck dan aen sijne bcloffchal

699 3525 2029 212 naer coemen ende naer groetenisse soo blijve

4363 74 757 131 23 Januiny 1713

2823 49 1252 147 Amsterdam  van cois rousseau

2893 163 2227 101 sien geerne bij ue aengenaeme 16 court mijne remis1000

2915 241 2202 168 op Cormilis Coeque wel was geworden ende e

2935 313 2190 145 sijde daer voor de weerde soude invoordere de selve betael

2921 402 2221 172 wordende en is het niet noodigh mij daer van te advise

2914 495 2229 147 seeren om de porten van brieven te menageeren mas

2945 595 2179 129 icse wenste wel ue mij van breven op tijt met aven

2920 685 2173 129 ie tot de gelimeteerde somme conde foum

2883 771 2204 186 de dat men die negotie te saemene doorgaents

2953 864 2184 181 voor s a £2000 conde onderhoude dap soude

2964 984 2132 120 nu en doan naer te legentheyt selfs wat gaet

2944 1071 2152 150 afgeven ue seght die occasie doorgaents sichous

2954 1171 2176 215 en offreat and en weeten daer niet van en remit

2970 1310 2156 139 teeren continuel soo op antwerpen gent busse

2968 1377 2079 157 ate doch brussel verlust hier doo haent

2981 1504 2160 176 mits gent a dat den moet gecome de eert worde

2991 1609 2103 146 Rijssel door nich Et is bnesent billioen de

2982 1696 2141 201 russel cours op londen blijft tegens opence een

2900 1791 2221 183 hoogh het is waer dat die nach monteeren soude

2930 1877 2193 215 in gevalle den vreden getreffen werde maer op dat

2928 1993 2197 172 werck is alnoch geern staet te maecke want men

2899 2100 2217 200 soude daerbij lchtelijck bedroegen worden stelle

2937 2206 2189 205 al uyt sooveel mij moogelijckis ende en geve iet

2945 2327 2127 159 at alst gene ten gustersten noodigh hebbe blijve

2899 2441 2212 168 Londen 2 usos  34:7 bauys 67½ costy bancpts

2916 2572 583 144 court 4 preto

4229 2581 568 175 24 Janvier

2848 2608 994 164 Bougsiay Anselne die her

2873 2707 2193 144 voy la la  fois q ie me donne l'honneur de vses

2895 2828 2215 92 crire estant jusques a present sans vre reponce

2905 2890 2238 190 sur mes 2 succedentes il y a plu d'un amje

2891 3008 2179 125 vs ay livre ls derniere partie de marchandise

2884 3108 2235 113 et un l année q je nay rien touche de cette mancere

2893 3218 2218 140 on perdroit plu en intrest q l'on pourroit

2902 3288 2160 138 gaigne apres la marchandise vs devez avoacer

2847 3393 2254 115 e misme  jay raison de me plaendre et aussy

2854 3486 2218 140 seavoir & chacqun a du mal asse pr payer

2891 3551 2188 142 debte snesentement pr conse quenie il est

2864 3656 2213 126 sain q l'on soulage les eng les autre de temps

3182 3729 1783 112 5 ou il est ma sossible a pouvoir

2866 3778 73 71 E
