5616 3881
623 35 2172 100 diengilyckke winter goederen voor bj is nu moe

661 119 2122 106 dat openen oft ick wille oft niet evenwel staet

662 207 2055 123 het noch want welle de arbry ders die mij het theys

681 299 2120 162 gebrocht hebben present wesen om aftestatu te seggen

637 372 2089 166 op ue troceders becoemen daer van de rck dogh

694 463 2047 143 voor ie vraght en avarie ƒ18:18 en can net

676 558 2114 161 bestaen nochte ick en can die reck niet uyt ven

714 703 2031 124 den wij hebbe n dien aengaende altijts questie dat

711 747 2092 173 niet wel en is gelieft dat te redresseeren want en

674 862 2081 168 hebbe ue niet gecrediteert oock en connen devrach

711 977 1992 144 ten ue niet meer considereert weerden sal als

689 1103 2100 120 vooren want de engelicke waeren vrij so a u

690 1168 2100 199 wel bekent is het ip ongehoort voor soo een par

685 1289 2017 181 ƒ 18:16 p vrachte van hulle op de maise te

708 1383 1985 212 vraegen gelieft den in geleyden voor enge lant

709 1469 1843 190 mringet voortganck te geveaende soo blijve

1824 1585 739 164 27 meert 1718

550 1615 942 203 londen ¼ derdorperce

707 1722 2086 154 tot dato heden sijn wij sonder engels che brieven doch

706 1827 2097 186 alsoo den wint sedert gisteren aen westen ende su

709 1936 2008 183 westen is verhoepe die morgen sulle becoemen

696 2034 2100 180 midd alles tijt gesraege mij aen mij ne voorgaende

721 2130 2058 169 en remitteere ue mej slorten £245:16:8 van

712 2230 2038 204 22 febreuan laest op  daegen dats op Jan

763 2348 1180 189 lambert waermede blijve

647 2463 1784 128 Brusselle Anthone rosseau 27 mars 1713

763 2575 1978 176 Jay bun receu l'honneur de la vre du 25 du

762 2700 2020 180 court il m'est agrable qu'aurez la bonte de pro

742 2793 2033 170 cuder le necessaire de les remises qui je vs ay fait

719 2882 2070 164 Mons dux fils d'amterdam a tirer £120 en vre

727 2974 2074 195 faveur payable a brusselle je vs pre me debeter

732 3078 1708 218 et pa e atraitez vs saluant je me dit

2053 3211 365 100 28 mars

605 3197 631 172 Mons rigault

707 3276 2103 155 Jay bien receu en son temps l'honneurr de la chere

701 3387 2095 169 vs du court qvec remise y mentionnee scavor a & ou

709 3488 2094 157 de veue a charge le Sr. Jaques de bleves ƒ672 J de

701 3559 2100 183 change mr compte de la maison mortuaire de

681 3648 2075 166 mas la veuee J:8 a ps maison, j'ay degard e me

2897 0 2253 161 lueeres et je trouve quil presse danvie compte e 10:5

2911 114 2214 148 de change et du dernier compte £1½8:4 et puis que

2928 170 2183 159 le vouley ainsy je suis content de le glesser en consi

2949 266 2205 172 deration de lonques correspondences annelles connois

2937 358 2150 197 sence que ns avons eu p ensemble Dieu veculle

2960 446 2131 159 avoir leurs ames p fera le solde sur mes levres et

2963 552 2167 160 alle ay sariera ausx heritiers de quittances abso

2944 656 2214 136 lue de tout negoie correspondence et compte que

2951 782 2181 147 seyt jamois eu avec feu Jean Rop masson

2935 853 2242 192 la veufere jus quis  jour de leur dece des en toutte

2937 969 2184 181 re cissons que je puis estre caspable pr rendre es

2918 1103 2229 154 vee a la famille disposez li brement de loy que

2927 1190 204 134 uer

4260 1241 635 133 28 mars 1713

2880 1275 941 194 Mons Jaques Mosson

2963 1357 2203 174 day biln recu la chere vre du 22 du cont pr repor

2960 1452 2205 201 de soyez asseure quilm est inepossible de vs accor

2973 1543 2192 151 der ce que me demander tout ce quil me chag

2952 1648 2157 140 ni est de voir que ne mei pas je vs ay livre

2955 1777 2180 107 diius la mont de fe s in meres que je ni

2945 1856 2206 147 le pourrois moins faire pr mes parent propres

2962 1959 2175 131 en un mot un aurre m en a tousjours hayce

2938 2047 2162 203 d'avantage que vreley ns donc la moins de me

2943 2157 2186 197 constrenger a vendre a perte il vs fait

2945 2251 2161 191 appaiser je fait negoce et v: g de mes me pr

2955 2367 2145 180 profiterien souls aycy done conpderation et

2940 2452 2209 192 ausoustez un pois a ce que jal honneur dus dire

2961 2566 2100 128 et soyez parsuade que me trouveres en touttes

2965 2660 2175 192 occasion sencere et honnes te et que p feray pr

2959 2760 2178 156 vs et vre famille plus que n'attendez de moy vs

2958 2877 2192 143 profiteres apres vrs marchandises sor ez en asseure

2954 2991 2174 103 car le tout est en chere depaispeuu de mois quil

2977 3084 2128 130 est impossible vs le dire les carisces blanches

2951 3138 2153 158 superfinnes et meelliueres sont a ƒ 70 ien

2927 3241 2228 112 ccray celles en peud et mpset tout le rest

2954 3332 2209 117 a l advenant voyez quilsr hangement neanceu

2939 3435 2221 126 te nie suis un peu poigrvee het je petaire pre

2929 3511 2216 119 sentement ce quas atre ne pis pas p ene

2937 3582 2217 114 bon marchice que peyt ce a bon moirck

2914 3672 2228 82 vs voulez en prote fer engye ga je n

2921 3720 2220 99 que ay pas a e parolle et vs caroir de
