5630 3890
871 49 1944 211 maniere fort chocquante pour les raisons

858 184 2105 176 des sa comu ique a inions. vre tres es

854 251 2092 210 1y. il y en a des prineipaux de nre bousse

853 364 2093 207 consulte a vre esquard la dessus quils me

834 488 1923 190 le disspadent meant moins sime e

827 556 1974 223 voules ordonner ie n'auray quarde a

841 681 2056 247 y manquer. ie vous diraj oultre que si

836 793 2057 241 les: van soest ne pay croit pas que vous

838 917 2100 290 avez tousjours les s le Baenet le sebvre

849 1040 2069 216 de ne pour endorscers. il y est a de

844 1223 2086 201 vre bourte quils ont este expres a namir

842 1325 2055 228 pour cette affaire et quils m'asseurenm

798 1406 2112 264 dpuil ny at a minne doubre que les lettres

842 1519 2072 306 sesquellees ces messrr passent e lotet

795 1643 2008 290 may de1 vos la tout ce que ie vous en pros

805 1782 1963 258 adyre don raire sil serdit pour moy

839 1865 2063 290 mesme vous envoyant compte couant

852 2007 2014 246 ie me donneray chom de faire

859 2113 1931 268 responce a celle que mons. vre sils

851 2274 2061 271 Jacoms at eu la bonte de m'escrire

2297 2386 676 160 7 Januady 1714

787 2434 1080 244 warnay pc. le ficultre

880 2498 2080 238 vs ne prendrez pas mal q avec le renouvelle

876 2596 2091 218 ment d'annee la quelle je vs souhaitte tres squ

890 2715 2083 180 reuse et plais de benedictions avec l'ac compe

862 2809 2102 230 sement de vos desers je me donne l'honneur

903 2918 2080 215 de minformer apres l estat de vre fante n'en

925 3007 2058 228 ayant eu en longtemps de nouvelles et souhat

894 3126 2079 205 tant d'entretenir camitie et connoissance

907 3243 2052 204 desirant l'occasion pr en en pouvoir te

896 3363 2084 193 moigher mon esterme jespere qui vr avez du

907 3438 2042 212 contentement en vre nevece dontge naij

903 3557 2072 225 rien apris de uis longremps et quil tactt

862 3677 2100 140 de profiter de l'orcasion et s'avan cer e

3044 64 2164 142 il est dans un pays ou ie le peu faire ns

3043 155 2218 172 avions espere q p la paix le pays l'auvoit

3037 201 2299 233 repmis et eneitte le commerce maisonert

3059 339 2164 199 tout tromste en cette opinion ou la dit

3057 474 2185 205 presentement conclu entre l'empere et

3085 583 2190 203 la trance tellement q'on la voyera

3073 700 2194 287 bientost generale dieu veuille quele

3047 823 2197 286 puis estre aventagieuse prons ce la

3057 960 2131 285 suitte no sera voir ie est incroyable

3072 1084 2239 254 mons que temps q' as voyons non obstant

3082 1229 2219 267 touttes ces precausion l'on je trouve vre

3101 1390 2166 241 ne et l'on est ou en resque de serui

3108 1504 2132 262 ne plu toit q d'en rechir pr le negoce

3098 1629 2206 268 il ny a point moy en d'avoir de l'argent

3105 1751 2156 258 de ces cebtes il y a mons du he com

3108 1892 2120 176 vs est connece quil me doit et je n en

3100 2040 2160 230 je au ray rien obtener donne ne mere

3123 2188 2149 159 mette pas non plus stevenaerts m'avoit

3093 2295 2134 229 fait de belle promesser je n'en vois au

3111 2402 2064 249 cun eff et enfin je suis bien aise de ne

3093 2517 2178 243 m'avoir engager avec d'autre et je a doit

3097 2638 2193 186 a fribuer a vre son et sage consil en quot

3088 2745 2160 224 je vs prie tres heemblement de vouloir

3112 2861 2172 162 continueer et m'advestir corgeut joupsonne

3092 2963 2110 242 quilq chose quil n'isoint pas bien voycy

3073 3083 2207 232 2½ incluses que je vs piie de faire ren de a

3073 3206 2192 266 2 port et me croie ma fimme vs faite

3076 3354 1241 226 ces compliment et suis

4478 3440 739 157 17 Janveer 1714

3032 3499 827 180 tournaij et de heu

3031 3539 2163 194 il est inconceptible q vs agissez de la sorte a

3063 3655 2168 155 mon et gand je vs arseure quil nest pas honneste

5342 874 64 107 moiy

5323 1652 96 158 u

5335 2881 66 96 2i

5302 2968 108 134 13
