4912 3930
399 72 2108 144 plas en ville je ne ssuis pas acoritieme de surfaire aux

434 129 2058 139 marchandise ne de faire payer l'un plus que l'eveta

452 218 2048 184 quant je vs envoyee de la marchandise je le rege

451 292 2041 187 prix come cos les acheptereez estant iay presente je na

468 384 2001 174 point de si petit p vayes que de ƒ 21 la pr jay mis

467 476 2025 166 un aausee couleur pr fardieure car je n'ose pas

468 554 2024 165 resquer sans enveloppe jenvs prie de ne point par

469 634 2014 162 lis tez sur le rabat de ƒ18 cur cela nese peut pas on

486 717 1993 148 doit vinne et laesser vivre le gaigne n'est point

499 794 1986 168 come du passe ns tommes vin aise presentement de

487 890 2009 182 gaignes un interest de nre argent pr une bagatelle

435 974 2066 163 patience pr cette fois maisse vs asseure que ce n

520 1067 1539 151 pas ma coutieme vs saluant je me dit

539 1115 1958 179 je vs pr prie de faire rendre l'incluse a 2 port

1737 1214 442 170 27 februarj

295 1242 1234 159 aclst de wed: vanden eiynde

512 1318 1965 183 Ick hebbe ue over eenegen tijt eens geschreven ende ver

480 1418 1960 172 volgens hadde al verkoopt het gelaee te hebben van

520 1525 1938 111 eens te saemen eennie te moogen maecken soo e

521 1635 1949 115 ue dochter mij beloft hadde ik bidde doet mij gens dat

511 1697 1960 136 faveur van mij te coemen besoecken ende ick versecken

524 1760 1902 134 ue dat ick ue dontentement sal geven ende eerelijck

526 1880 1873 98 bedienen bovendaen ue sal alhijt bij mij sortiment

530 1940 1908 127 vinden dat ue op een ander niet en sal hebben waer

547 2018 1952 164 op dat mooght staet maecken het faveur afwachtende

542 2106 1379 158 soo blijve naer cordiaele groetenisse

1677 2164 652 158 2 Jebruarij 1712

331 2193 828 170 Brusselle J. van Jock

539 2287 1954 174 ue aengenaeme van 24 en 16 deser hebbe wel ontfange

527 2389 1922 117 met den laesten remise sicht pr casse op v de bie van

498 2485 1946 132 ƒ2000 court gelde a ½ pret mijn avance ƒ1990 wiss il

491 2560 1974 134 £284:5:9 d de bie heeft belooft desen naer middagh

499 2638 1992 137 te betaelen waer aen niet en twijffelle ingecoment que

496 2732 1939 130 de sal die aldus crediteterer in gesloeten £50 op d s

483 2815 1976 134 gosept ververs nevens advis brief waer voor het noo

531 2902 1957 176 digh gelieve te besorgen voor donse dan bidde waen

510 2990 2000 158 pminen intrest een rseynigh esgard te hebbe en nar

577 3079 1012 96 orderaele groete nisse blijve

545 3150 944 111 el optp 4 sus ƒ88

1800 3136 654 157 29 Jebruarj 1712

304 3133 995 191 Brussille Jossph ververs

485 3271 2008 102 verholpe ue wel vaeren ende goede gesontheyt nevens e

505 3333 1991 116 ue beminde ende de famillie het is nu een jaer geleden

529 3407 1965 109 doet wij te saemen nmets gedaen hebbe ick moeterpatientie

522 3480 1954 103 nemen ende verhoepe dito in gerreden jaer beeter ta

495 3570 1941 105 veur sal geven waer toe andermael van hrte mijn

502 3619 1938 111 dienst presenteren ende laeten weten dat ick present

500 3699 2006 112 een seer schoop vensch sortiment van alderhande goedere

516 3772 1935 78 tot ue dienst hebbe becomen iets voor vallende bidde mij

2639 83 2184 114 het faveur en plaiser te doen mij eens te coemen besoecken

2650 150 2186 156 ick sal van mijnen can allen devoire n noogelijck doen

2659 260 2161 108 om onse bigorne kennisse te vermeederen ende te onde

2671 338 2132 155 houden ende ue aveel en naer contentement te be

2662 404 2106 166 bedienen ick neme de libbertijt op ae te trecken in

2675 486 2116 168 assignatie aen d d'ordre Dh peeter van joek te be

2688 579 2080 213 taelen ƒ 300 wis: die op ue comoditijt gelieft te ver

2682 668 1749 205 heeren ue van herten groetende soo blijve

3876 754 759 152 27 february 1112

2533 829 575 159 Bruselle 3 tras

2654 847 2116 182 Ick hebbe ue 12 courant geschreve ende sedert van ue

2695 919 2111 173 niets vernomen onit det saoen soo come dervirse

2701 1026 2032 190 goederen te arriveren ende vervolgens doi hebbe ick

2711 1121 2100 155 eenige penninge noodigh om te connen remittere

2721 1172 2125 200 ende betaelen soo dat ick niet en een passeren van

2726 1292 2098 189 op ue te trecken gelijk ic heden doen ƒ130 wisse

2739 1361 2068 189 aen d'ordre Dh peeter en dock alleen om ue

2741 1488 2048 162 te favoriseeren ick bidde dat daer geen menckement

2734 1547 2069 184 aen en is ende voorde rest van tijt tot tijt wat opte

2726 1670 2081 180 passen want voor waer ik hebbe reden van claeen

2749 1763 2068 171 ende en candin introot van mijn gelt op die pae

2744 1844 2035 129 re niet vinden nu ick verhoepe met godts gratie

2746 1944 2057 133 het eens sal bisteren heeft uemie met den vaste niet

2737 2033 2082 168 noodigh ick hebbe schoone partije versche goederen

2739 2127 2079 181 gecregen van alle sorten en rijsen en ick sal u

2737 2220 2106 148 citeel en wel in alle occessien bedienen diene

2750 2324 1175 148 cordinele poetchusse blijve

3853 2389 651 155 27 februarj 1712

2569 2405 775 165 Brrussel Je de pauw

2769 2506 2039 162 addrvisseren u heden p beurtschip een paseage

2747 2637 2063 129 mercet HC r ordre en eck van mons Pieman

2791 2719 2046 114 cancot daer voor de noodige sorge gelift te drage

2790 2784 2006 133 ende de vraght soo mauw mogelijck geleeft te bedinge

2801 2882 1980 113 want het en as meer eer sier sijn paste gelijck

2784 2967 1987 151 een wolleken voorders het selve recommande soo

2752 3059 2078 121 haest moogelijck op verge te ecnidieeren mijn vante

2747 3156 2086 177 schuyt mij addvis en recommandeert den voormen

2644 3222 1742 156 can delhay en naer groetesse blijve

4106 3302 683 124 ady 1 meert 1712

2535 3327 800 138 Elle usnay simon Donne

2746 3368 2092 157 Jay bien recea la, cher vre du 23 dernier avec vre assignatien

2742 3459 2047 115 sur en sollicitent a la blaye de fix eens florins argent courant

2721 3511 2063 140 d'hollande vous marque la perte de change aest p lte

2735 3600 2054 118 hier je ne la ponnois negotier qu'a ling et de my de

2744 3631 2061 207 perte estant jour de poste pour la prollande j n'ast
