5575 3892
725 58 2169 135 lils jacomo mais puiz que le voulez aultrement

765 152 2106 183 nous le seront comme il vous plaist ie suis du

775 302 260 149 Laet

2054 292 869 253 Ady 19 februari 1714

571 318 1249 270 Aumnend ijhaene BRotseaeu

771 467 2086 247 bij ue aengenaeme van 16 deser sien dat mijne

805 563 2038 190 remises ue wel waeren gewerden ende dat

765 657 2140 236 ue hidde gedisponeert van £1000: -van 20 court

782 778 2073 225 op busos tott preto vervallende 20 chugusts

792 882 2089 230 toekoemende instaende voor cappitall en

814 982 2059 235 int rest sonder provisie vrijgeldt dat conform

813 1102 2006 206 hebbe aengeteelkent voorder£ en desireere

818 1207 2087 211 niet als voor het gene bij ue sal te goet hebben

802 1326 2094 205 netouren met advantagie op tydt het sy voor

784 1433 2141 199 dienoft d'andere quartieren naer advenam

844 1558 1967 220 ue het best sal goet vinden te rendeeren

851 1657 2057 256 parys is gants billioen en geen geldt op cony

817 1749 2101 253 il nier heden gedaen tot s prso en in courant

847 1896 2071 214 3 hebbe niets derven afgeven want men

830 1999 2012 203 weet niet wat mosures te nemen en by

818 2092 2085 220 alen speculatie vint men &schten laesten

825 2222 1968 225 bedroeghen. bidde ue op mijn int rest te

847 2340 2068 197 invigileeren en isser detsof rydt te becoeme

858 2456 1906 226 gelieft dat waer te nemen ue ep can

849 2565 1894 194 maer sicht p casse daer tegens trecken

838 2679 2055 181 want het is glaer datter met remitteeren

874 2773 1985 162 g eenee advane te doen en is ten sy men

860 2881 2037 201 her employe heeft het beycht uyt mijne

808 2981 2131 245 gedaene remises die my 1 a

869 3128 2051 191 echter bidde mij in antwoort te noteer en

857 3242 1809 197 het gemeyn gevoelen noopende eden

862 3343 2064 158 tagen voordighen wisselcours en soo blijve

2968 52 2249 196 Brusselles wed Rousseau Ady 19 februart1 1714

2983 184 2077 208 Jiny bien receu p la chere vre du 17 du courant

3001 297 2214 203 a charge le Sr thomas gillot remise a pours de

3019 411 2218 173 vene de ƒ1000:- de change. j'en ay obsenne ceiourd

2989 543 2268 173 =huy acceptation et en sontenyssiien procureray

3000 641 2182 188 les necesfaire. vos remises estant payee. ie

3033 751 2192 170 passeray le solde de ce quil me viendra bon

3002 864 2220 173 & mons ire ils jacomo en compre dontul

3020 943 2147 167 ne man queray pas vous donner nou velles

3047 1064 1187 158 estangtre hist cerement

2975 1185 2260 168 hall nicolas van den Berghes Ady 21 februarii 1714

3047 1277 2217 177 sedert ue aengenaeme van 22 sber laest en

3054 1434 2147 142 hebbe deere niet gehadt eenige van ue nouvelles

3060 1504 2153 144 te becoemen sith en twijfele niet niettmimistue

3031 1594 2148 232 sofd: ue Bemindende dochter couisseeren van

2991 1706 2241 191 perfeete gesoncheydt dat van hersen ue te saemen

3009 1825 2218 186 wensee. aengaende hetgene ue de goetheydt gehadt

3038 1965 2173 149 heeft van mij te doen tellen entwijfele niet oft

3046 2032 2195 173 myne quittanties sjn ne behandight, les syn eer

3028 2190 2204 130 groete tijden voor de negotie en wat wij gelot

3048 2257 1960 157 hebben oft niet van eeternisse d'unckten

3026 2331 2204 200 schechter en schelter t weten ick moete my nevens

3046 2463 2167 132 mijne gebueren in den wille hodts restge ien

3059 2548 2201 164 en pasieutie nemen tot dat kam sal believen

3052 2670 1997 161 besterniste te verlienen. gelijck ue mij heeft

3059 2743 2096 148 geadverteert soo wille sachter aennemen

2995 2870 2229 112 dat ufe. ue Benande en ue te saemen met

3000 2968 2231 129 desen vasten eens sal overcoemen. ick hebbe

3006 3059 2227 203 seer schoone en versche goederen geere e

4947 3210 111 68 2

3005 3159 1413 188 en vervolgens alst ue belieft

4415 3231 785 139 soo sal ue bij mij

3019 3257 2142 210 sjn sortiment vonden dat niet ongeraetsaem

2972 3366 2281 205 hebbe geoordeelt ue te adverteeren verleekeren

2974 3517 2258 129 de dat alle devoiren moogelijck sal aen wenden

3019 3587 2139 128 om onse kennisse te onderhouden en dewiel te

2991 3664 2116 123 ldienen piettegen staende dat alle oeen dee

3023 3771 2110 60 jis emoont rt n  myen louge niet et

5276 2705 73 92 ed

5287 2949 109 143 14

5272 3066 109 129 bbij
