5542 3906
2058 59 704 166 29 meert 17114

623 49 1173 211 Brussel Pauls de Brogeen

780 168 2142 161 in gevolge missive van ue Beminde de dato 26 deser

763 277 2159 160 soo hebbe de 5 laekens in eenen schoonen en rieusen

786 397 1957 159 swaeren baye opgepackt en op het beurtschip

779 435 2078 268 gisteren avons gelevert in een paxke gemerckt

779 555 2141 196 2. verhoefpe het ue wel sal geworden: het we

793 689 2151 172 te natten weer ende te veel perghel om die sonder

789 786 2171 228 vrapper te senden ick stelle ue de laekens 2 tot ƒ9:4

847 894 2078 160 tuvee tot ƒ3:14 en een ptƒ 4 dat het niet en

813 970 2149 200 waere ick genegen was ue calandisie te onderhond

810 1081 2112 200 weest wel verseekert dat ick het niet doen en

744 1208 2175 203 soude en oock dat ue de by dese coniuneture

812 1270 2109 225 van tijdt by niemandt soo en sult coopen

819 1361 2134 220 hier onder de facture bedraeghende wisselge

801 1478 2056 274 ƒ 731:17 waer voor mij gelieft te crediteeren

815 1578 2136 241 naer de seertdaeghen sal ick ƒ400: - wisselgelde op

854 1698 2094 204 ue trecken ofp sicht te betaelen aen d'ordre gecom

805 1811 2041 235 Rousseau sonder voorder advies ue te geven

866 1884 1958 220 iets voorderstot ue dienst voor vallende

787 2003 2140 210 sal altijdts traghten ue tot contentement ie

850 2074 2115 245 bedienen die naer wenschinge van het salick

850 2206 2113 226 hooghteydt van Paerschen ues aen ue derde

704 2308 2024 221 Brussel Michiel van Schoor Ady D

848 2426 2098 207 ingevolge ue van 24 cour. hebbe gisteren het goet

796 2590 2135 194 scheep gedaen nevens ue holbrief in een pack

843 2663 2109 240 gemerckt M.VS. dat verhoepe ue wel gecondieio

740 2786 2122 200 =peert sal ter handt coemen de weerde

775 2890 2085 191 daer voor sende ue my in 4 sijne acceptaie

783 2987 2030 206 as6.7 a 8 en so dat vrij wat lanck is

782 3102 2182 165 salt echter dese rijse alsoo laeten passeeren

804 3193 2159 220 verhoepende bij het toekoemende ue het selve

812 3329 2022 175 sal in considerasse nemen en in een ander

841 3424 2070 183 vergoeden blijve naer wenschinge van

833 3523 1797 208 het saligh hooghteydt van Paesschen

870 3702 77 113 8

3323 53 68 99 de

3002 45 2147 221 Amsterd. franc. Rousseau Ady 29 meert 1714

3086 168 2068 220 met ue aengenaeme van 16 deser hebbe becoemen

3077 300 2142 193 de twee remises daer by vermeldt als op Zusos van 8

3099 419 2113 197 courant op francois Ansillion ƒ588: at 3½ prete

3077 541 2178 192 £89:14 en op sicht op mijn broedevan michiet

3106 637 2154 220 ed trato aen mijn ordre £55: afƒ 2 ½  ƒ 53513:3

3056 791 2180 155 dat geen reken can geven. mits dewisselvan

3073 891 2176 164 London merckelijck gevallen coemt met de

3066 1019 2196 171 laeste brieven tot ƒ 336:10 geene brieven ende die

3058 1099 2116 223 sijnde wel geldt tot 36 6 soude geweest hebben

3091 1241 1982 180 soo il de opinie meer sal daelen hebbe

3108 1356 2188 172 derrewaerts cirea de st £5 a 600 noodigh

3053 1450 2038 199 dat diensigh oordeele ue teadverseeren

3111 1572 2028 182 bidde ude alt ue het laeghtte sal oordeelen

3096 1687 2197 221 de occasie waerte nemen ende die afte geven

3087 1793 2165 203 sonder te manqueeren ue en can maer allijdts

3121 1890 2154 200 de weerde sicht p casse treeken niettemt

3117 2017 2199 195 ick sal naer de heyerghe daeghen remiitteeren

3124 2112 2037 213 ende de £400 banco op 13 toekoemende

3120 2210 2107 247 onder ue geaccepteert vallende de seconde

3106 2331 2100 215 endorseeren en ue toesenden. schrijve ue

3109 2444 1882 204 p avance omdat niet gewoon ben met

3109 2515 2211 220 feestdaeghen mij met affairens t'embroullieeren

3101 2631 2034 258 en sij sulckx presseert. evenwel bidde mij

3104 2743 2185 223 middellertedf ue opinie aengaende die wissel

3125 2864 2081 181 aens te laeten drochoeman heden waeren

3098 2974 2101 200 hier op london brieven tot ƒ35:11 en gelet

3104 3078 2093 206 n elot meerder prossioneelijck daer tot  35:10

3072 3160 2172 228 dencke het a costy naer proportie sal vallen

3091 3319 1871 184 ue van herten wenschende het saligh

3097 3415 1995 226 hooghteydt van Paesschen blijve
