5653 3872
1955 41 328 154 31 meij

573 49 874 200 London & De Dorpere

748 113 2030 143 ue twee aengenaeme 24 en 27 april hebbe wel

747 214 1974 193 ontfangen achtervolgens ue trat u voor guelon

727 315 2077 144 sonnenbergen van t soo voldaen ende ue voorens

743 396 2071 152 in recu gedebiteertt a 35:10 £172:3:4 vlaers

744 491 2090 170 de tegen pastye voor ue ieck al hier ingetrocke

754 582 2027 149 op adriaen van wittenbergh tot nantis van

740 687 2084 176 £ 1981:16 t 6 2780 a 6s groeten maechtolaens

762 796 2039 164 wes £175:2:3 proiusie in courtagie at ½ pret

735 884 2048 161 maeckt £134:4:9 gerekent t  35:10 st

706 1012 2095 211 £97:5 soo als uy versoeckt mij ins gelijck

710 1090 2131 227 voor diu partije te debiteeren op dat wijten

722 1187 2066 167 de wel in rec moogen accordeeren het sar

733 1308 2076 214 gilus van mijne voorgaende remises en ne

750 1402 1981 172 van ue trato dal sichedoen wel scheeken

753 1525 2022 173 voorders noopende de facture stace oen

738 1585 2082 215 connossementen van de 2 packen s N18 en

728 1719 2070 167 N20 en can niet wel seggen voor alter de goede

732 1841 2063 132 ren can gesien hebben alleen is N18 p Gorge

724 1909 2127 225 Rouw landson gearriveert odt dan  ƒ20 p sona

732 2047 2045 222 Rouewlandson noch achter gebleven die volgens

752 2162 1966 220 dapport van den eersten noch sijn vracht

730 2260 2096 199 niet en hadde soo der het wonderis ue in salck

722 2371 2096 215 schepen comt ofte caeden want de goer met

723 2493 2099 223 te blijve leggenaen boort nooyt wel yten

709 2612 2039 171 vallen de couleuren sin passable doch

712 2711 2074 171 alle de lichte grijsen en denghe niet ende

700 2809 2110 195 sijn van de couleur on vercoopvaer het is won

715 2924 2078 149 der ue mij soo doenege comtte sendeeinge

723 3033 1970 197 slosten soo remitteeren   £ 150 van 26

726 3138 2053 190 mer sos op samuel gradley a costi war

736 3307 2057 146 voor het noodigt gelieft te besorgen en circa

733 3383 2031 163 dvee hondert ponder sterlinshs op mj te

750 3479 2077 144 trecken op sechtp caue door dien de wissel

730 3581 2092 192 35:8 gevallen comt sos dencke naer op

740 3689 2098 146 2 e cort sicht u connen de recht c

2960 46 2229 143 de negotie quet van iagh tot dach seemmeren

2943 97 2229 207 lemmer heer is niet te doen godt geve beterblijv

2920 206 2318 193 valternets van ue dienste voor met dat ue nu

2928 318 2324 175 open negotie op spagnien vrachrijck en stalien

2932 458 2280 153 heeft van brieven inte trecken te dis compteeren

2942 554 2226 115 oft wat het soude moogen wesen sal metsplaisir

2859 618 2382 230 ue en syne vrinden dienst doen en civilyck bedienene

4480 753 303 158 1 auny

2917 740 1007 171 otterdam Dionijs verburgh

2954 838 2204 194 vinde mij verheeft iet ue 2 aengenaeme van 2gen

2970 981 2221 145 30 past Godt sij gedanck george douw landoon saloo

2971 1081 2271 135 is sal dat pack dan nevens de 2 andere pr eersten

2963 1144 2286 171 te gemoet sien het is  18 aen te geven 18 gps laeckeni de

2972 1229 2170 168 in de wolle geverft en op de s paensche mane rest

2975 1303 2151 227 maeckt ader p geredveert op a 45 dae ynt oot

2976 1417 2180 224 tons bij tot vrappers die niet en betaelen de weerde

2986 1536 2135 197 eiria  £160 soo als mijn voorgaende hebbe gan

2970 1639 2258 163 viseert het is vande gerengleste soorte die vnlon

2969 1753 2153 149 don oft westersche laeckens gemaeckt worden

3002 1865 2152 132 ue can daer in de weerde naer geraeden mema

2975 1952 2196 218 geeren en in alles doen als voor eygen de vragtt

2983 2058 2157 195 staet p connossement veraccordeert le volgens

2985 2145 2134 198 ue a vis d'at jonat rouw lendron achteris en by

2996 2255 2131 219 manquenent van vraght blijft tardeeren can

2994 2374 2072 187 ue wel aft mitere dat men de rocte langhs

2997 2473 2181 208 coste voort bij gaet men t dinde te solunteere

2996 2575 2148 202 in den haege voor moderatie dat soude voorons

2981 2666 2177 201 en voor de ingestenen vianden st

2969 2762 2225 204 bij brengen alhoevelinkom de pmompte e

2967 2872 2186 215 peditie genegen ben langs hollant te contine

2988 2958 2127 194 eeren soo sal ick het echter moeten evendon

2990 3092 2107 179 meeren want het schelt te wel want de lst

2882 3173 2258 200 gesondene rese desolert me ende teswaert te

2986 3260 2166 229 veel op 5 baelen groeve gaederen voortranse

2984 3385 2131 186 toore oncoste ƒ263 te moeten betaelen het gs

2987 3452 2160 181 op ider baele ƒ 40 diemen e oorten de m

2998 3543 2148 179 te profiteeren ende te eschap peerin de pastport

3012 3634 2146 160 gelden gaen te veeroock de 2 prt de weerde blijve
