5575 3906
2530 37 96 100 2

698 47 2252 168 op gisteren becoemen noteeren ƒ37:10 - ises soo dat

676 139 2187 230 het mij advantagiens hadde geweest ingevalle

717 262 2161 186 ue mijn ordre derrewaerts hadde voltrocken

731 360 2157 214 niettemin de wissel genoteert wort 2 prin

714 473 2027 209 soo en heeftmen & den onder de 21 reste

729 547 2080 293 geene brieven gevonden. ick bidde ue mij te

768 710 2121 202 remitteeren dat by ue te goet hebbe ende nar

686 816 2158 214 advenantre eene advant agiense partye

763 904 2011 205 can aenreffes voort geen soude te cort

800 1056 1995 199 wesen op my te trecken sicht p caste

796 1122 2118 200 ten en dan my voor ue speculatie tot casy

786 1253 2115 185 niet resolveeren derrewaerts du nckt mij de

763 1371 2144 162 onschereydt te groot want met sonde men

786 1458 2094 190 en is daer over niets te resoneeren d

755 1573 2053 193 meenigh vuldighe enperienniet sj 9 daer

1899 1698 900 198 Adij 13 mars 1714

1824 1742 86 127 6

646 1715 937 177 tournay If stebenarts

779 1819 2126 231 Ilap bien reccu les deux cheres vostres du 21 sanvier

834 1948 2097 187 et 5 du courant, et la derniere remite de ƒ300:

799 2053 2111 195 de change a change le s. jacomo de het Trenay

841 2148 2066 210 obtenue le payement et vous en decharge en

819 2271 2120 178 compe. s'il s'offre quelque chose pour vre service

851 2392 2003 159 ayez la bonte re commandeer. je suis tres

824 2516 2114 163 bien assorty et ie ne mangueray pas a vous bien

843 2623 2008 153 esperant que n ous serons plus de connoissence

860 2708 2066 195 et augenenterons nre correspondence ie me dit

1740 2830 1038 234 Adj 1 mert 171

634 2854 816 203 Aus Jan de Rinder

780 2989 2145 199 In gevolge ue aengenaeme van gisteren soo hebbe

834 3104 2036 165 ue des en naer middagh p waegen afgesonden het

821 3222 2057 188 geperst laeken N 70 1N. 27 a 33  a ƒ 237 ƒ 98:2½

812 3319 2099 197 wisselgelde dat verhoute ue voor ontfanck deser

863 3446 2060 144 wel dat sijn ter handt gecoemen gelieft ue

823 3563 2109 118 voorders de moede couleuren van die qualiteydt

835 3651 1974 155 waer van ue de staelen gesien heeft oft feenige

845 3747 2085 111 spaensche laekens weest sechers dat ick ue eviet en

3010 59 2312 148 wel sal bedtenen ende dat alles naer ue contentement

2992 169 1124 143 sal wesen en soo blijve

2976 265 1245 236 Brussel de wed.  rroybau

4298 279 914 224 Ady 13 meert 1714

3008 427 2160 220 Ick en weete nier wat dencken dat van ue voorders

3025 544 2021 219 niet en verneme nochte ordre en eryge om het

3015 665 2182 224 laeken dat ue bij my gecoght heeft te versenden. ick

3016 772 2198 223 hebbe mons le grelle gesprocken om hetsaemen

3020 891 2251 249 te packen gelijck ick ue geteydt hadde en hij heeft mij

3028 990 2234 256 voor antwoort gegeven dat ge te saemen niets een

3035 1160 2262 186 en waert geworden. soo dat ick daghte dat ge voor ue

3017 1240 2304 210 vertreck soude syn naergecoemen: ick bidde mij ordre

3022 1355 2258 211 te senden wat ue daer mede gelieft gedaen te hebben

3013 1444 2193 236 het is N24 f 32 a 42½ a 2:4 ƒ85:- wisselgelde

3034 1562 2164 215 ick verhoepe dat wij te saemen voorder hennisse

3005 1642 1364 207 sullen maeken sijnde altijdds

2971 1784 2174 194 Amsterdam franc. Rousseau Ady 15 meert 1714

3029 1890 2163 248 naer dat ue op 12 court hadde geschreven becoeme ue

3037 1992 2073 241 aengenaeme van selven dat u alle wisselsstaen in

3028 2121 2264 194 verweert op coscy begint het wederom te veranderen

3050 2219 2247 220 niettegenstaende men noteert 2¼ soo heeft men eenter

3033 2359 2193 161 alhier boven de 1½ woor de brieven niet connen

3033 2428 2124 198 maeken. ick weete van costij opeerte daeghen op

3027 2526 2271 216 g hendt is geremitteert tot 4 preto schade in plaessche

3024 2651 2234 207 van avance sal daer op niettegenstaende schaede

3028 2747 2209 230 wesen wat ghende tot ½ verlies en isser geen

3052 2872 2109 176 gelde ende dat sal int cort iprets weten de

3044 2938 2122 205 redene syn de gebillioneerdie spetien vant paye

3035 3058 2232 187 conques daer nu ganckbaer wesen ende iencam

3054 3174 2225 190 desselve soechete aenveerden soo dat diuxdaenighe

3040 3264 2038 160 remises mij niet en sonden convenieeren

3040 3378 2172 176 ten sij tot eatravaganten prijs dat wel weete

3027 3441 2115 203 niemandt en sal willen verliesen Bbrussel

3040 3541 2223 185 moetmen doorgaents ½ e rekenen op london

3062 3667 2060 108 heeft ue gemist mij ue ordre te volbrenghem

3485 3754 150 54 rdet

3061 3758 2150 82 dtt   meer te doen te nsij daer verander

5276 2950 116 152 14

5300 1673 95 117 n
