5525 3878
1894 14 358 144 D ment

465 57 742 164 Reer Jan de kender

610 61 2138 220 ue aeragenaeme van heden hebbe desen omddagh wel

607 206 2156 189 ontfange met den staelboet den anderen heeft ue den

608 294 2140 170 hier in gesloeten die bidde wel te conserveren ende

637 374 2147 212 mij over morgen sonder faut weder te senden vor

633 486 2141 199 het geene dat ue can dinstigh wesen weert gen

632 590 2123 204 sureert dat ick ue soo siviel sal besoee

663 659 2010 261 iemant int land can doenen soo blijve

1683 787 984 215 Ady 1o meert 1713

483 847 817 205 hier Jan deminder

615 871 2112 219 verhoepe het goet retour van jtf ue deminde

643 1048 2103 144 ende ue soon ende dat het pakke niet hun desen

632 1118 2024 200 naer middagh vertrocken ue wel sal sijnten

658 1185 2071 217 handt gecoemen: dat de goederen ue wel sullen

659 1303 2086 195 bevallen en tweffele niet eens want de sijn

582 1399 2000 211 schoon en goeden coop beeter en can ue

649 1489 1960 192 niemant bedienen daerom iets voorder£

636 1583 2007 207 noodigh hebbende gelieft van mij maerte

654 1668 2025 194 disponeeren. ingesloeten sende ue daer

661 1757 2030 227 van de facture bedraegende in wisselgelde

698 1852 2049 257 ƒ1180:2 waer voor mij gelieft te crediteeren

609 2060 666 136 die blijve

485 2108 2253 252 Bruxelles Anthoini Rousseau Ady 10 mars 177

660 2204 2071 214 Je vois pr la chere vre du 8 du court j'ayez bien

693 2312 2081 168 receu mes remises ensemble £651:83:4 et qu us

696 2439 2080 145 res la bonte d'en procurer le payement et m'en

697 2515 2056 149 coediter en compte ce soir 1 apprend que mnt

717 2606 2018 146 vre fil d' amsterdam a tetes sur vs g: pr mon

718 2696 1906 132 compte a ous de date en faveus de willem

705 2783 2048 197 schaephuyse £500 i0 vs pricyfaire honneur

684 2887 2092 177 et m'envoyer la ditte lettre pr en deschanger

705 2997 1352 157 vre compte je vs salue et suis

529 3090 1258 168 Brusselse Anthorse moasseau

1957 3128 411 137 13 meert

571 3200 1281 115 Mnstendam Jran cois rousseau

682 3198 2028 200 sien bij ue aengenaeme 9 deser ue in my hadde

677 3348 2061 127 getrocken op bruwelle biy  ue oodr mader £500

647 3424 2037 156 opt dat a in faveur dH william schaemage

663 3515 2100 124 ende daer voorens gecrediteert a ½ prot mijn advaince

612 3618 2105 125 £502110 hebbe op ontfanck dh ue voeder versookt

625 3697 1992 103 datto trato te verheeren naer miet ue mij nie

2903 70 2236 106 tyt daer tegens conde remitteeren en weete niet

2900 94 2183 153 ue daer soe coste moveren ue schrijft mij dat ick op

2900 190 2181 181 ue daer tegens soude trecken dat immen geen schijn

2909 277 2201 177 van reden geeft want soo dra de brieven a costy

2950 384 2115 151 advance rendeeren soo regieleert ik de cours

2918 474 2221 157 hier a l'advenant daer is eden tot 1 pres schaode

2912 566 2252 202 voor den brief gedaen ja wete wel dat voorle

2932 682 2218 194 donderdagh a costy tot d preto avence gelt voor

2938 796 2154 153 brieven geweert 20 soo dat in ue ete geen ad

2928 888 2218 195 vantagie en can bestaen want om dat de leg

2922 1002 2242 198 van nwas begennen te cantonneeren soo behoed

2928 1062 2229 224 berussel williger dan antwernen te wesen dat ge

2931 1178 2223 154 daen is en can met meer e daen wordee ick

2935 1274 2146 178 moete patientie hebten  can het wesen

2963 1375 2124 209 remitteert op tijt als het een ixt est vendeert

2903 1483 2187 182 al wast £7500 a £2000 ende treckt de weerde

2909 1592 2175 192 het ot antweepen oft brussel  doch gae te

2919 1696 2205 175 recht connende comen lleve op antwerpen

2916 1798 2198 181 als brussel voor soo veel o brussel aen et

2924 1885 2181 189 ue noeder depenningen soude moet socuie

2901 2008 2220 136 ren: daer moeten sich noes acctelijck brieven op

2905 2094 2161 201 tijt spresentieen want die woorden alle t

2911 2185 2215 218 daegen abondontelijck geremetteert fwachtende

2912 2298 2232 162 oft ue ingelijck gelijck andrre een effectuere

2911 2438 442 142 soo blijve

4285 2473 453 127 13 meert

2861 2537 885 147 Brusselle dimberge

2931 2562 2172 170 hebbe ue voorleden saterdagh met het beurtschop

2948 2695 2130 141 gecondigneert 3 baeltien amiockt 1108 N1.23

2952 2782 2136 122 ordre en voor reck van Dh borgemeester elas

2947 2822 2108 153 van den bergen tothalle en twijffele niet oft t

2908 2924 2209 143 sal ue dien een aende hebbe gesroecken als oock

2913 3006 2177 179 oft ditto paxkens sullen op morgere a co wel

2915 3074 2218 203 arriveeren ende gelost worden gelieft daemede

2892 3176 2168 202 dan sijn ordre te volgenmende int betaelen

2856 3278 2226 109 der vrachten en tholl een weynigh es gard te

2941 3362 2149 132 nemse dieri claeght seer ende de schippers maecken

2956 3436 2141 119 het veel te bont oockk betaele ick selfs altijts den thol

2949 3557 2142 85 tot antwerpen tot ue governo ik en twijfele oock niet

2961 3605 2106 106 oft daer is tot brussel een reglement wat de bieert

2956 3672 2082 145 luyden van antwepen op bugsel voor hune

2974 3730 2151 100 vrachten die meer als de veertlyden van n
