5364 3889
1865 58 562 105 17 sber 1712

414 82 708 143 Mons Jaees passon

490 125 2174 169 pr reponce a la chereure du 15 du cout je vs envoyeny la marchon

526 240 2138 116 qui m'ordonnez merindy quil vionne pr la barque marchande pr

517 319 2184 115 brusselles dans un ballot marque S.M. a l'addresse dhenoy de pacus

521 393 2146 130 hoste a la faiste d'or au marche au grain a brusselles le ballotis

536 472 2167 121 sera sur la helle rendredy qui vlenre p la grace de Diue de

531 580 2166 117 vs en advisty afin q puissiez donner ordre a quely chartier dev

526 640 2143 91 connoissence pr l'alle prindre carce p de paur est empt

536 715 2079 143 negligent et p conse qu je vs prie de donner vos ordres

553 785 2028 151 au eschantillions de draps vs ne pouvez rien j

523 880 2110 122 choiressel les 2 draps N105 et 111 les plus de le cats ces sout de

538 944 2118 186 draps affaire habvit et de tres su perfinne l'aisne tout ce

524 1033 2208 149 l'onpeus voir vs n'ignorce pas q les manufacture metere

537 1134 2116 159 de jous ingoder et encher rous bien d'avantage si l'a paix

559 1213 1794 160 vienre dant parsonne si en doit plus je me dit

1713 1321 300 108 17 sber

440 1320 694 145 Brusselle  van Jock

578 1363 2130 190 ue 3 angenaene van 20: 23 jaly en & pasto. hebbe het sy

557 1464 2137 160 tijde wel ontfange als mede de briefkers daer bij vermels tie

569 1528 2049 166 weten st 25 a 32:6 op gede verreen £to:12:6 en

559 1610 2169 151 £77:2:3 op edmon beden gweiltt a N 32:6 £60:6:2 voorr

551 1698 2134 158 d° 97:1 op Jan Bt vander Elst a 91 ƒ221 11½ waer voor in

577 1789 2043 188 geuaemen sjede sal crditeen ƒ 218: £36:6:8 ingesloete

598 1901 2107 126 nmistere ue aen befken op J1B: ollexes van ƒ 128:12

555 1967 2138 173 wisselgelde door den le geaccepteert 29 acueusty 14 diex

567 2082 2165 144 war voor het noodigh gelieft te besorgen ende mij te credet

557 2140 2129 164 wenste wel als ue den tijt permitterde mijn op mijn af

548 2234 2167 156 fairen met dous den eens te  want sorder

548 2308 2164 174 maeninge en devoire en sal van dien calant niet becoe

558 2410 2112 165 men ue sal mij porticuleer verobligeren die blijve u

550 2512 551 130 alle occasien

452 2543 2184 177 goeven paser procurator der socierijdt Je 21 ditto

574 2655 2091 206 en hebbe sin lange tijdt d'eere niet gehadt sin

554 2765 2155 191 leriver. je schrijven off iets e leteren. ick hadde

570 2884 2115 147 my op de beloften betrouwt vant weete wel

595 3005 2119 166 dat het collegue noeyt beeter nochte deughsaemen

610 3138 2063 151 goet gehadt en heeft als ick doergaents gesouriveert

567 3204 2159 189 en hebbe. de wolle sijn merckelijck opgeslaeghen

593 3313 2111 155 ende vervolgens oock de laekens niettemin

571 3437 2151 134 ongealle sau derue iets met desen todt mogtte

579 3555 2138 116 noodigh hebben presenteere mijn dienst met

552 3622 2184 118 verseekeringe dat ick cmriease sijne ens waer  ackeni

555 3739 2181 93 sal senden etsde tot ivielen prijse die ben in alle occasien

2765 36 871 147 Brussel le Henry de paun

4250 72 560 115 22  sber 1712

2812 147 2268 102 hebbe ue p beutschip gaddresseet een pescke gemerckt ƒM

2797 246 2273 109 p ordre en voor rick van S Jaques Masson van birgen

2825 310 2282 124 dat verhaepe op morgen coshij sal intlaeden worden

2798 375 2332 162 gelieft daer voor de moodige sorgerte rgen en

2803 469 2319 152 ondre te volgen op dat het cito magh wonden gecpe

2795 536 2061 184 deert ue sal mij en hem verobligeer enden blijve

4229 627 586 125 2 sber 1312

2749 660 853 173 Brussele :B alexes

2798 726 2338 200 ue aengenaeme van 29 angestij hebbe het tj

2785 811 2346 150 wel ontfangen doch niet beantwort om dat men mij tijde

2772 929 2332 116 dat ue stant over te coimen gelijck hbbe vernoemen

2807 979 2333 134 dat ue alhier is geweest in compagone vn s:  moed

2801 1047 2312 173 sonder bij mij eens naer te posseeren dat mij se gevoet

2803 1137 2310 193 is geweert ick moete patienti hebben ende

2813 1235 2245 169 dat ns toecoemende beeter, faveer sal hebben want

2834 1258 2285 219 ick bin seerke dat ue niemans beeter nochte lete

2838 1408 2263 191 coop bidient en heeft nochte bedienen sal waer toe

2840 1487 2130 179 ick ue bij alle voor vallen mijn dienst presentiere

2834 1563 2232 203 sehoonden soortim  en ister in het lant niet tei

2826 1657 2258 183 als  present en hebbe ue briefken van £123 wes:

2817 1696 2333 261 hebbe aen dhh van goeh afgesonden blijvenaer groete

4194 1862 667 140 72: sbert112

2779 1920 980 120 prus telle L: mossalmans

2825 1954 2200 203 odert ue 2 aengenaem van 2s april ende 25 mey

2812 2056 2284 160 laest en hebbe van ue niet vernoemen mits het raisoen

2843 2141 2252 149 aen comt soo dencse dattor al iets van ue de nst sal

2821 2212 2273 150 voor vallen ende dat ue ul aens sal voor coemen ende

2835 2340 2248 118 tot dien eynde presenteere ue mijn die net ue versackeren

2834 2358 2271 178 dat ge no schoonde soortiment van aderhandie goede

2833 2492 2250 146 ick gesien en hebt als ick tegenwoordegh en hebbe eende

2819 2554 2276 155 dast ick ue deviel sal bedeinen ick wenste wel ue mij

2812 2678 2267 146 teerde ieks te maegen trecken ende ue sal mij par

2827 2754 1216 129 tercilier verbligeeren de blijve

4145 2771 612 145 22 sber 1712

2761 2838 681 159 Brussel Krijssels

2844 2897 2183 139 desen alleen tot het op sende van het factureken van de

2827 2992 2197 115 bayen die verhoepe dat ue naer sijn contentement het smen

2835 3043 2170 186 fijde wel sal hebbe ontfange ick verhoegie dat het vertien

2835 3138 2149 141 wat sal beteren ende dat ue voor het winter saiso

2815 3220 2204 120 ooch al eens sal overcoemen ick hebbe van alles seer

2831 3330 2217 110 dekon sortiment soo als ue biient is ende en sal niet

2822 3375 2231 131 naer laeten in alle occasien ue ui en wel bedienen

2822 3499 413 119 die blijve

4241 3514 679 178 22 sber 1712

2762 3578 923 162 Brussel J:B: Beckmans

2790 3680 910 160 copye als aen rijssel
