5661 3880
763 30 2120 140 vrinden die voorseere hier degelijckx ende ik soude

772 123 2093 149 ue raeden het selfde te doen ick hebbe seer

778 218 2069 192 schoon goederen ende ick can ue noch gene

776 312 2037 213 lyck coop bedienen daer niet en sal aen

801 405 2058 230 manckeren ingevalle ue mij gelieft sijn ca

808 520 1965 196 landisie te gonnen ick vinde resterende

810 650 1993 225 van het partjcken 21augusty 1711 ue ver

828 741 2048 235 cocht ende geleveert £31:16:4 die ick op ue

825 830 2082 229 in 2 a 3 daegen sal trecken op sicht aen d'ot

838 958 1941 239 dre Dh Peeter van dock biddende dat te

851 1092 1974 238 verheeren het is seeker dat den intrest aen

849 1179 2015 253 het goet niet en can geprofiteert worden

860 1307 1992 256 ick hope dat ue dat in een ander occasie

849 1433 2019 237 sal insien ende dat de affairens nu met

898 1553 1945 192 den vreden sullen beteren naer pres

905 1674 1332 183 tatie mijns dienst soo blijve

704 1793 1571 203 Brusselle Clindetens 5 july

832 1883 2035 224 neme de libentijt op ue te trecken ƒ 300 vous:

849 2032 1963 193 te betaelen op sicht aen dordre Dhhr aeken

848 2124 2002 246 van doch die versoecke dat ue gelieve con

836 2249 2050 244 form te verheeren ick verhoepe dat nue niet

854 2371 2023 144 den onden de negotie sal gaen herlevere ende

866 2457 2031 172 het debiet beteren ende dat ue int cost alans

852 2578 2048 200 sal overcoemen om een partijcken te cooppen

876 2696 2030 147 dat ue als vrent soude raeden want de goeder

868 2825 1997 168 daegelijckx meeren meer op seaen dat men

865 2898 2027 208 het meest sal gewaer worden als onse provi

871 3023 2013 208 sie uyt sal wesen die wij op voor aet gedaen

883 3123 1986 186 hebbe ende daer ue noch al ceviel van ef

867 3226 1954 184 scheyden ende overlaeten dat wij niet meer

863 3342 1965 158 en sullen connen doen van de goederen die

852 3432 1973 147 nie daegelijckx verre door dien de selve

841 3545 2000 189 soo hoogh im prys monteeren ick hebbe het

832 3645 2070 190 schoonste soortement van alderhander goedern

2970 0 2214 161 dimen paes e pier et en e

2976 136 2205 99 niet oft ue sal daer guedinge  hebben ende

3007 188 2158 135 advantagie by vandere als ue mij geleve

3010 299 2153 168 d'eere aen te doen van mij eens te coemen

3004 397 1392 199 besoecken blijve van herten

2950 522 1819 165 London Fivinus de dorpere 5 Jusy

2981 631 2163 190 ue aengenaeme van 26 mmij laest hebbe wel ont

3048 738 2131 167 faugl schipper jonas jouwlandson en isne mair

3069 843 2113 127 eerst gearriveert en hebbe van dien balen noch

3037 910 2151 173 niet eene tuys becoemen sijnda de  gearrevez

3045 1034 2139 161 de pr George Rouulaudson in hollant in quistie

3040 1125 2148 181 geraeckt men schijpt het wejnigh negotie dat

3041 1200 2138 152 dese lande e noch is langhs alle canten te wel

3045 1293 2148 179 len stremmen ende te venictighen den vrede

3030 1410 2130 168 baert hier weynigh genoegen en advantaghe

3049 1509 2129 195 het gaet alle daegen slimmer en slemener met

3051 1610 2134 251 alle neeptie soo in wissels als coop mans hop

3042 1716 2139 245 pen men hebben om soo te seggen geen borse

3032 1841 2147 187 meer nochte couro van wissels syonder gevers

3054 1921 2071 238 daer en sijn geen treeven synder brievck dae

3059 2007 2112 229 en is geen gelt onen not eer van london met de

3035 2126 2147 257 laeste breeven  36:1 a 2 en hier onder de 35:9

3051 2232 2128 283 geene breeven te becoemen soo dat ue laeteve

3055 2367 2130 236 deelen oft het de moy te wel oeert is van ofte ge

3035 2474 2098 209 ven ende sjue vrenden in disboure te laeten

3033 2571 2131 159 ick hebbe leever gehadt ue in m hadde getrocken

3043 2653 2119 223 sicht pr casse het gene ue schuldigh ben dat

3059 2758 2124 213 niet gescheetsjnde soo heeft ue hier in gesloete

3045 2843 2131 229 £19912:3 als aen den voet deser waer voor

3043 2948 2120 251 het noodigh gelieft te besorgen ende mij voore

3042 3018 2144 263 te crediteeren ick sien datter dit suis vereyt

3041 3139 2115 258 sal te doen wesen ende geloove dat de ordres

3067 3227 2113 254 by andere soo wel als bij mij sseht vallen want

3035 3314 2112 225 met het verliesen der goede mactis ende de

3050 3441 2083 183 mentatie in de wissel en can men sijn gelt

3073 3524 2018 165 nuyt de goederen niet mecken het debiet is

3065 3601 2069 191 sleght ende het is om noogelijck het volck

3080 3698 2033 138 aen de verhooginge te crjgen tot als noch
