4910 3927
341 66 2061 121 l'oseu faire, enant vou en avoir donne part je ne scay

361 113 2098 188 paient si je fronver ay encore occasion an mesme prix a cause

394 161 2119 179 que l'oy paye les sortes de billets d'afficier fort suregulieremetis

394 233 2064 203 de u en feray rien a moins d'anair l'honneurt de vre reponse

393 312 2059 185 je suis mainy de voir que vous perdez apres mad fauarin

397 371 2120 192 thail je n'etonne que vous vous este bant fie & sur atte fomme

391 477 2107 177 je n'auvois pas houle d'elle des lettre de change a aulpri

400 533 2094 180 pour mon compte sar jay remarque des longtemps que le la

402 609 2060 152 palloit pas bien an Regard de vre fils, il y aiey de

395 663 2082 177 lommoditez pour luy faire tenir des lettres il sout ce qu'

413 751 2027 166 vous plairaz par les chartiers de moll qui viennent comme

407 808 2045 195 de lee lroy tour les sepmaines en bille, je suis triste qu'il

407 856 2047 213 ie si peu de Pebite j'espere quil changera pour ie rin temp

393 958 2025 165 a beuir et que vous aurez au mons besoing de quelque

400 1057 2022 169 petit assortiment, avant des tres velles marchandises a

414 1099 2025 161 vre service je vous salue comme aussij ma vre expouse

425 1242 535 139 et jeume dt

1811 1271 629 148 adij 1 mars 1712

303 1323 896 150 Tournay Huselme de fen

420 1385 2045 153 Depuis ma derviere du 5 de decembre je n'ait aulune des

420 1445 2049 148 &iers totres le qu'il m'atonune eamoins, vous aurez sans doubte

428 1512 1905 138 releu les marchandises vous envoyez et immentionnez et

427 1566 2013 161 bronner le font bien conditionne et a vre consentement, de

410 1639 2057 139 vous ait priez en meme temps a avoir egards au pmomisse de

420 1712 2064 121 n vre eponte corsqu'elle m'at chete la premiter castie

426 1776 1998 132 de marchandises me promettant me satisfaire au berme d'un

423 1821 2019 167 an voila presentement dix sent mois escoule ce qu'il me donne

408 1927 2008 135 suyecl de vous prier intammen. d me voulair axmeltre d plus a

404 1969 2016 159 cause que je me trouve coblige de fournir des grosses remises a

418 2055 1992 122 mes amis d'angleterre pour les nouvelles marchandises cest la

412 2089 2049 181 grace que je vous demade esperant que ne terez pas interresse

422 2177 2052 165 a la fallile de mad lavarin comme il y a bien d'autres pourten

407 2255 2071 163 que je vous en ait adverts en temps et vous en ait dit mon sentiment

394 2315 2042 161 aulant que je le pounois faire, comme nous avons la belle

393 2370 2100 179 Jay lous a benir je peux voire que vous aures besoing d'un petit

394 2459 2071 151 assortiment je vous fait offre denies services, vous assurant que je

409 2517 2019 183 suis pourven de touttes sort es de marchandises an abondance

419 2604 2022 148 el que je vous serviray tres honnestement et a leste sprix et son

388 2713 942 127 le la ja me dis en attendant

1806 2715 669 176 adj 1 meert 172

266 2805 757 132 Mons Je ph: Desenarest

403 2813 2053 209 jour repouse a l'honneur de la vre de vous diray que le

406 2910 2086 154 suis en hemme espont rendre sepvile la bont le monde et pour

387 2989 1970 131 donner principalement toutte sortes de satifaction p mes

395 3046 1991 149 chalands mais bos avez sort a vouloir perfister sar une

409 3116 2064 130 demande comme 4'avanle puisquee hon commes lonten is

413 3208 2027 118 ensemble pour la marchandise que je bons fait livre de

414 3279 1975 145 la maniere fuinant vrs grace me spropose d'accepter les

403 3358 2064 130 billets a mon hisque ce que je vous ait refule presentant

411 3415 2054 113 neamoins vous livrer de la marchandise et d'attendre jusque a

423 3495 2101 105 ce que j'en heurrais lirer mon argent vous eu avez este content

417 3562 1953 140 apres tous les devoirs que jay fait je ne suis procurer le

439 3663 2064 112 paiement d'eadits billet et vous en voules profitez si an lentraiz

2555 74 2181 132 un n'auroit retarde le dit payement d'un au, je fuis persaad e

2589 157 2068 147 que vre grale ne m'aurait poient a van le mon argent eu

2580 242 2179 138 legands que me marque que cette canplaisance vous obligerez a lirer

2586 304 2192 137 Da moy: bouttes vos marchandises je cray que le at pas la en

2595 369 2209 164 suject pour un abandonne vous ayant tres bien servie et a surte

2581 426 2140 194 prise et vous presentant e faite toujours dermeme aussij a

2580 470 2168 210 credit de plus je ne fivoys aueune dispnte pour vne belle vanatelle

2571 591 2159 175 si je ne serais prasentement  spen laurte d'argent et oblige a

2568 643 2233 189 faire groffe remise en angletterre pour les nouvelles marchandises e

2578 702 2214 186 vre oucle vous en puis dire us que je ne vous en eserre lar

2587 799 2193 171 je luy af fait voir auxe occasions que jay este suis et seray soin

2589 896 745 161 comme ausi a vous

3837 950 480 122 3 mars 1712

2535 1003 554 146 leeds wi Coctsson

2634 1015 2143 225 Il y a bien long temps qui je ne vs ay escrit ni eu de vos

2657 1132 2120 183 nouvelle la raison est quil is a meude debite et aussij qui j

2688 1202 2080 204 my veu de ma rre firer de marchandises pendantl

2691 1314 2121 175 hiver a cause qui le draps sont tous jours mal dresse

2718 1375 2064 187 a steur la belle saison da venir et avancer vs aurez

2714 1436 2071 202 la conte d'achipter et priparer 2 ballots chacque de

2706 1555 2052 159 12 demie p et 2 carisces pr enveloppe de draps

2711 1647 2076 168 fins de  5 a N5:6 n exedant de la quarite etoou

2722 1685 2105 217 leures come le ballot  N21 as este et pactez aes 2 bal

2732 1794 2072 202 bots aussj en 1 ballot N1 m'a le plus agriez pr le cou

2738 1906 2034 177 leures jespere que vs en avez des eschandillions chez

2725 1986 2081 200 vs aussy encor 2 ballots chacque de 12 p et 2 a

2730 2114 2057 124 risces de draps livele grag et silver gray et brouwn

2747 2185 2072 146 come N25 de la mesme mance derpaite en 1 balla

2754 2306 2042 143 outre encor 2 ballots charque de 12 p et 2 cariseu

2739 2354 2043 145 un de bleues gray conform ce tte eschantillion  in

2738 2451 2038 155 cluse et un de steel gray bien assorti de bonne cou

2755 2527 2039 175 leures voula done mon ordre pr 6 ballot pr pac

4076 2607 200 89 pnoer

2740 2609 2088 188 ter en 3 grands Ballots et en tout 22 ou septante dux

2721 2708 2080 143 depmie p ie vs recommande sur tout de bien scroir de

2724 2800 2054 142 bonne draps balles couleures et les bien araes ter et

2749 2892 2067 143 dresser quils ne soient pas deir on grossier mais dou

2755 2970 2069 131 et souble a la mains qui conne vous point la fcleu

2737 3054 2084 122 re ayez en bien soing voila un ordre pr commancer

2751 3147 2062 158 cette annee p la grace du signur tachez de me nen

2742 3228 2043 138 senvir et me rendre content je vs seray remere p ma

2643 3293 2134 174 prinnere et ayez la bonte de me marquer 12 les bayes

2726 3387 2030 130 et carisces sont ddsteur bon marche et au mosme prix

2738 3441 2035 159 come l'anne pass pr piendre mes mesures a l'ad

2732 3521 2088 144 venant jespere quil ny a point de changement dans

2712 3618 2099 121 le prix draps autrement si les draps jont plus cher

2723 3722 2026 90 one encherie n'en achep iez pas il faut considerer

2722 3756 2065 91 que  lot de draps gris et brien. ne doivent es tre
