5498 3889
1982 48 592 147 28 danueer

492 80 913 193 Brusselle P.beckmans

628 106 2149 273 det vechoepe ae goet etour sijnde mij liet hiet vonge

631 243 2157 243 luck gehadt te hebben van voor ue vertreck ee neet

638 344 2181 213 mee tee connen sprecken in gevolge dordre du  een

641 423 2116 252 mijnen knecht gelaeten hebt van niet als het een

645 573 2147 199 mosyn te senden soo hebbe het selfde voor ue ocrstel

697 655 2114 207 de wed: be acemes doen bistellen om met ue woorde

686 759 2126 216 goet inte packen en af te senden en alsoo de oncoste

673 864 2128 181 van vracht lets te menageeren het is  C 1

684 974 2095 225 a ƒ6:6: sswel gelde waer voor day

701 1085 2085 203 eene briefken gelieft te reckenen en af te senden voor

691 1196 2026 223 het gene dat van ue daenst magh voorvallen

734 1325 2001 210 can ue geasseureert ue nergens beter oft beter

736 1451 2013 223 coop sal bedient worden dan bij mij die blijve

1936 1586 517 156 28 Janagoy

613 1612 942 182 Brusselle h: de spaew

702 1667 2110 208 hebbe met het eersten beutschip dat naer het op hode

715 1797 2029 214 van het vrieden voorleden wons dagh vertrocken is

716 1908 2095 160 ue geaddresseert een pack gemerckt ƒB p ordre ende

703 2004 2074 188 voor neck le s anthoine gallopen van bergen ver

728 2131 2086 185 hoepe het selfde voor nu bij ue gearrivert sal wene

734 2221 1982 191 gelieft daer voor de noodige sorge te draegen ende

712 2340 2109 180 d'ordre van 1d P Gallopen te volgen ende cccever

743 2438 2038 168 schende allen seger en voors poet in dit baonne

725 2557 1159 172 daer met veele vls volgende

1908 2618 606 172 28 Januery 1713

573 2655 768 174 Brusselle G: ververs

633 2715 2158 191 ue aenge ue van 23 oeet hebbe het sijnen sijde wel ontfange

655 2822 2163 180 niet t briefken door ue aen mijnen ordre gemaeckt end

684 2915 2092 194 geaccepteert tot slret van het gene mij te goet comt

677 3015 2084 148 vour de  ut ue gesonden als op 4 :5: 6en 8

689 3148 2117 111 us os dat voor voaer watveire gaet gecondidereert den

689 3212 2125 182 tijt dat ick die goederen ue hebben selevert niet te r

679 3323 2114 169 saipatientie nemen maer ick hadde wel gewenst

699 3424 2087 144 van  s0o te moogen disponeeren want door den

700 3528 2112 185 slechten tijt en can mennergens geen gelt begen

683 3646 2139 152 ick verhoepe dat ue bij het toe coemende sal mijn

693 3723 2128 119 ende voor de consideratie die ue heeftien mij pres

2937 62 2210 88 teert van in den intrest te vergoeden sal my deere

2956 109 2204 179 geven ue mondelingh met occasie te sprecken al

2947 208 2210 143 oock over het laeste briefken daer ue sich mabu

2944 351 2207 106 seert dat maer £100 in plaetsche van £143:7:4

2953 440 2155 140 moet we en doordien de £43:7:4 o pe hebbe

2950 507 2205 188 getrocken ten selve sijde alse de reck weet hebbe

2943 604 2188 211 gesonden ick hoepe ende vetrouwed attertegens

2929 722 2202 159 den vasten al iets van ue dient sal wesen ick

2924 823 2216 187 sal ue het schoonste sortiment thoone dat o

2938 918 2214 203 oogen sien can ende oock goeden oop gena

2905 1059 532 134 die blijvee

4162 1109 705 142 69 Janua71713

2906 1156 776 171 Brusselle J: haegens

2949 1212 2202 191 Ick verhoepe ue wel vaeren ende gessontheytals med

2963 1346 2191 171 van s: ue beminde ende sijne famillie waer vande

2975 1444 2163 117 continuertie wensche mits ick al wat en ployge

2967 1520 2188 141 daer hebbe en wat penningen noodigh hebbenp

2969 1675 2177 134 gebruycke de vrijheyt op ie te trecken ƒ400 te betaele

2941 1737 2196 132 massignatie aen d'ordre Dr Peeter van Gock du

2935 1852 2218 140 soo goet gelieft te sijn van op eenige daegen naeie

2943 1944 2204 189 commoditijt met betaelinge te verkeeren ende ue

2931 2060 2210 169 sal mij verobligeeren ick vehoepe dat het evenwel

2967 2161 2166 184 met den aerstaende vreden sal beseren ende dat wy

2953 2274 2136 182 wat mier te saemen sullen connen handelen waer

2961 2375 2177 182 toe in alle occasien mijneuyterste beste sal doen

2947 2500 2197 123 om ue te animeeren en wel te bedienen het is seer

2964 2581 2149 165 dat de goederen in engelant op saen ende door den

2964 2667 2191 150 desavantagieesen wis sel veel aen het gepasseerden

2935 2769 2204 155 jaer sullen in prijs dittereeren ick hebbe een schoone

2946 2907 2184 117 partye op provisie op gedaen dat ue diergelijck

2954 3002 2189 135 noit en sal gesien hebben valter ick voor met den

2958 3082 2119 191 aenstaende vasten gelijck ick niet en twijfele dat

2942 3200 2180 127 mij d'eere aen van eens te coemen besoecken enede

2935 3282 2196 173 ick salder al ceviel afscheijden ende ue bedienen

2899 3365 1270 165 die blijve in alle ocassien

2878 3471 2008 168 Brusselle S'aulo de Broyer 30 January

2930 3562 2143 134 verhoepe ue wel vaeren ende gesontheyt als mede

2928 3653 2179 92 van mev ue bemende en ge bruycke de vrijheyt

2927 3720 2210 118 op ue te trecken ƒ400 wis: te betaelen p cessignatie
