5347 3889
2044 34 489 154 27 augutiity

381 45 1464 160 Brusselle Eerw: Michel vander borcht proves or

568 108 2129 165 ingesloeten remitteere ue als aen den voet deser p slet rande

550 200 2163 159 partije van £ 1831:8:7 als ue uyt de medigaerde veel sien con d'or

552 297 2160 136 con voorvallende daer capabel magh wesen ue eenigen aengen

534 363 2164 137 men dienst te doen gelieft liber te commandeeren aen die blijvenen

515 479 244 107 herte

2286 462 250 127 £100

532 496 654 164 op J oseptt vervens

2380 553 134 93 50

535 588 748 150 op Haulo de Broyer

2361 569 366 150 266:8

559 657 689 169 op Gulliam Bas

2319 664 405 173 276:6:2

1629 739 476 161 29 augusty

469 758 921 138 Brussell V: vande borcht

533 824 2166 168 tot antwort op ue aengenaeme van 25 deser soo sal d'eere

538 933 2161 159 verwachten van ue hier te sen hebbende present van alderhand

538 1013 2149 131 sortement dat men can disereren tot ue dienste ingesloeteen

533 1089 2119 137 brief voorden eenr: heere ue broeder waer mede hem het res

515 1175 2101 127 tans remitteere soo als hij neyt de mede gaende nottie sal

522 1230 2076 139 connen sien de occasie voovallende daer de ftamillie

518 1314 2060 172 dienst gan dren bidde mij nengens in te spaeren blijve

442 1383 867 140 Brusselle Paulo de Broyer

1748 1401 490 109 28 accpilsoy

522 1433 2095 160 in lange d'eere niet gehadt ue te schrijven oft eenige van

529 1572 2078 90 ue commandos te ontfange niette mijn verhoepe u

528 1616 2102 103 wel vaeren ende gesontheyt als oocr van e ue moede

526 1669 2159 136 eende beminde die van herte groedemets de engelser

535 1786 2064 128 vloete na over weynige daegen gearriveert ie sooe

559 1834 2075 155 can nist monqueren ue het selfde te edviseren ene

552 1922 2048 176 mijnen dinst te presenteeren vertrouwende de ue al

569 2004 2067 170 een partijcken goe noodigh hal hebben waer toe in

555 2108 2071 153 staet benom ue naer genoegen te comm bedienen

569 2228 2098 140 sijnde voorsien van eene partje nieuwe en versele

560 2271 2079 153 moede couleure spaersche en geperste laecken

572 2363 2097 184 alle qualitijt en priysen soo schoon als ue noch

582 2439 2002 154 oorgesien hebben oock bayen seper fijne van alle

582 2534 1930 150 gewichten deventer on colchester bayen et h

541 2628 2079 145 dienste eens over coemende sal ick nier naer laete

581 2724 2048 149 in alles veel en goeden coop te bedienen hebbe

592 2823 2003 135 uelik met den eenveerd: heere van der borcht

572 2888 2158 155 procurator van cloorter van roenendael tot bres

596 2988 2008 186 eonigh gelt noodigh hebbende de libertijt genemen op

582 3096 1960 130 ue te trecken aen sijn ordre in dato 27 court en 8

568 3181 2067 121 daegen sich ƒ300 wis: die van herte versoeceen en

566 3299 2039 128 die ghieve te verheerer, en selt mij verobliger n

531 3379 398 127 die blijve

1760 3386 513 164 29 augiusty

423 3440 688 163 Brusselle 3: sas

570 3507 2124 131 en wille niet naer laeten soo als ue beloft hebbe adves

566 3596 2126 116 te geven dat godt danck de enselsche vloete salvo geant

555 3711 2099 122 veert is ende dat ick mij ne versche goederen ue theys

2874 0 2257 158 Jabbe ontfange soo de eceure oer nade lu dandre

2872 121 2239 102 als geperste laeckens daer ue de staelen van gesien heef voor

2888 216 2203 128 ders de bayer van alle gewechten van  30 4 an 8

2884 250 2200 141 deventer en colcheter bayen et als ue e eens geleeft

2897 340 2215 181 sverte coemen soo mach ue geasseinert wesen dat n

2875 412 2238 149 alles ue sortiment n abondant e sult vinden ende dit

2892 503 2174 170 ict ue ceviel sal bedienen hebbe in dato 27 court op

2893 589 2185 185 ue getracken in brief te betaelen op  sicht aen

2905 677 2153 182 ordre van dene heer vander boocht procuraror

2898 750 2199 164 vant clooter van groenenduel der omme van £26:6:

2896 841 2201 178 2 vlaems wiss die conform ge leeft te verheeren ende

2909 955 1496 148 t gepersuadeert te weren dat ben

4224 1001 849 181 29 apuil auqesty

2780 1091 734 164 Brusselle Rujssels

2834 1146 2261 150 en wille niet naer laeter soo als ue belooft hebbe aadvis

2824 1250 2277 157 te geven dat gadd danck de engelsche cloote salvo geeene

2825 1366 2228 133 veert is ende dast ick mij ue versche goederen al theys

2840 1415 2263 142 hebbe ontfange soo de nieuwe moede couleure s paen

2828 1558 2276 93 te als geperste laeckens daer ue de staelen vn gesen

2838 1592 2186 142 heeft voorders de bayen van alle gewechten als van

2830 1683 2266 135 ƒ27: 36. 42:48 a 50 deventeren colchester boyen

2857 1770 2211 198 van alle prijsen als ue ne eens gelieft r te comen

2835 1860 2245 171 soo magh ue geassureerrt wesen dat ue  alles sot

2840 1945 2257 175 ment an abondantie sal vinden ende det ick ue ue

2838 2074 983 142 sal bedienen blijve

4206 2072 638 181 29 augruste

2788 2185 866 125 Brusselle C zeger

2824 2215 2232 162 en wille niet naerlaeten soo al ue belof hebbe advis

2819 2343 2281 125 te geven dat godt danck do engelsche cloc s gi

2824 2396 2217 152 vrt is ende dat ick mijn versche goederen al theysn

2814 2513 2273 125 hebbe ontfange soo de nieerve moede couleure pansch

2816 2606 2250 118 als geperste laeckens daer ue de staelen van gesien het

2825 2660 2253 136 voorders bjen van all wichten als van 30:78

2816 2746 2226 141 4248 65 daventen en col hester bj en van

2833 2831 2172 165 alle spijsen al ue ne aens gelieft over te coeten

2833 2883 2255 168 soo mach ue geasseer icte wesen dat ue valler jortimern

2808 3008 2245 141 in abondntie sal vinde ende dat ick ue e viil sal

2814 3101 2266 169 ge dienen niet twijffelende oft de laeste gesondene goede

2799 3187 2230 115 sullen ue goet contentement hebben gegven en blijve

4306 3307 553 149 23 acugasty

2790 3334 1316 138 risaelle  anne beckmans

2793 3435 1011 145 copye aus am oyssels

4103 3477 528 156 29 acu gestius

2782 3528 1073 152 Brusselle Joannes haegens

2807 3587 2260 117 het is mij seer senseble ge weert dat ue hier in stadt coemen

2801 3705 2258 117 niet een d'eere heeft aengedaen van naer te caemen
