5632 3901
671 58 2148 194 ga noch minder ue magh daer van gelooven het gene

635 186 2171 178 ue belieft ick segghe ue dat het in sincerydt soo is

717 277 2126 148 ende dat ick die soorten generaet noeyt miscp hebbe

712 405 2106 196 gegeven heeft ue n bij een ander goet gecoght ue

722 496 2134 158 can dan de distinctie sien en sal het soo onder vinden

725 613 2090 171 ick hebbe nu van langen tijdt alles gedaen wat

760 705 2039 184 mij moogelijck is ende dat alleen om ue goede

752 840 2071 177 gratie te winnen en ue calandisiere becoemen

742 912 2094 193 ick en twijfele niet oft het sal eens luchen ende

760 1008 2072 172 tot dien eynde presenteere ick ue van herten

719 1141 2133 148 mijnen dienst t aengaende de super fijne swaere

750 1201 2014 192 bayen daer heeft my mons. De Broyeer alte

767 1326 2068 201 vergeefts ƒ49p p voor geboeden niettemin tot

756 1450 2101 131 dien prrijs sende ick ue twee stucken alleen tot eene

743 1528 2043 202 preuve gelieft ue noch meer soo moet we 50:

763 1629 2049 165 besteeden anders en sijn die niet te geven voor

768 1726 2082 222 d'ordinaire bayen die en sijn ommoogelijck niet

761 1847 1995 179 minder dan 12 min dan denoudente geven

751 1951 2013 209 die van 49 moeten ƒ 37 costen want sijn

728 2054 2091 171 soo veel beeter naer advenandt in qualitijdt

750 2177 1952 154 en swaerder. hier ingesloeten heeft ue het

751 2278 1807 250 facturhen bedraegende in wisselgelde p

780 2391 2074 193 waer voor mij gelieft te crediteeren. ick hebbe

804 2523 1971 199 wel perplen geweest te vernemende doodt

787 2596 1970 217 van mons. dekens. bidde op ontfanck mij

768 2692 2083 217 eens te adviseeren hoe het nu gaet met sufe. sijne

792 2842 2031 202 moeder die den heere wille vertroosten ende

813 2969 1946 161 herdtallen. die vrouwe verliest veel naer

803 3065 2055 214 groetenisse aen ue en juf ue emijnde blijve

2194 3173 541 222 7 mey 1713

605 3188 1288 212 Brussel Paulo de Brogeer

806 3333 2050 177 ick hebbe gisteren in gevolge ue ordre ue goet opge

735 3423 2104 210 =packt in een pascke gemerckt  en scheep

792 3554 2053 171 gedaen dat verhoepe ue wel sal ter handt cemen

759 3653 2048 181 oock dat ue over te goederen goet genoegen ende

2970 49 2095 156 apparsement sult hebben want het is voorwaer te

2972 148 2196 217 goeden coop naer advenant den opslagh en conticuure

2944 264 2019 177 van tijdtt ue holbrief heeft ue hier ingesloeten

2972 395 2106 139 alsoo eenen bij den facteur hebbe bevonden. ick

2943 500 2172 210 hebbe twee van de super fijne bayen by gepackt tot ƒ49

2992 626 2105 169 omdat ue daer van eens de preuve nemen soude

2972 759 2087 157 maer ingevalle ue daer meer van desireert die

2977 877 2205 208 moeten N 50 costen. ingesloeten de facuse bedraegende

3005 992 2090 221 n wisselgelde ƒ 1174:16- waer voor mij gelieft te

3001 1137 2150 165 crediteeren. ick verhoepe dat men met godts gratne

2963 1257 2182 131 intcort de vrighten van den vrede sien sullen door

2973 1355 2186 168 een goet versher dat ick ue wensche ende dat ue haest

2961 1476 2082 162 indagh wedercoemen hebbende schoone winter

2992 1604 2096 195 provisie by mij en onderwegen tot ue dienste

2997 1736 2124 160 sal in de weeke vier houdert guldens wisselgelde

2998 1836 2085 165 trecken te betaelen aen d'ordre Dhr Peeter van

2996 1947 2061 235 jock die dan bidde conforen te verheeren

2957 2075 2078 185 ende in alle occasien te disponeeren van die

2993 2201 2099 184 beijve naer minnelijcke groetenisse alsaen

2985 2318 1047 174 Juff ue Beminde

3007 2411 2078 194 ick hebbe door haestigheydt vergeeten de geerden

2986 2544 2127 128 op de laekens te reekenen, ick vraeghe ue excusie

2996 2646 2148 171 heris mij leet daer en staet niet opp als alleenelijck

2977 2769 2166 137 op twee N 79 en N382 soo als die moeten meeten

4555 2907 300 130 Aadij j

2972 2891 1086 177 Dermonde Pierre de t

3004 2961 2152 199 Ick hebbe ue voorleden saterdagh met het beeut

3002 3101 2172 164 schip geaddresseet een volle een gemerckt At voor

3022 3217 2144 157 reck van mons andre lison tot ath dat niton

2994 3269 2189 195 twijfle oft set voor ontfanck deser wel bevee

3017 3352 2125 186 hebbe ick biyig en het selfde sonder hjt verles

3013 3434 2107 215 op ath wart te sende want mons lison is

3042 3572 1387 204 daer bij gepesser blijve
