5527 3906
595 43 2339 133 la je les accepteray pr mon compte on a biend it que

616 113 2309 163 les especes auroient cours pr icy de mesme quand f lan

650 189 2282 210 dre mais cependant on n'en voit point l'offet jespos

670 277 2190 266 que par la paix que le bon dDieu ns a donne a

656 376 2186 250 la fin genetael nt en pourrons jouisser p un

679 457 2183 238 bon retablissement de commetce et pr le repor

681 541 2211 312 du paiys jespere aussj a vs is viendrez voir en

1638 660 159 107 Bughe

711 610 2219 333 tref a cette fin pas offre de mes marchandises

715 730 2215 307 et services ayant tres jelie assortiments vs assures

724 831 2164 364 que je ne manque ay jamais a vs bien servir

766 973 2095 350 ie vs dit les louisneut a trente six eschelens les

727 1077 354 202 accisseiu

707 1119 1640 331 ghouer edenaires a trente eschellen

1988 1265 547 156 25 avril: 1714

617 1345 750 174 Mons et d'aoust

766 1276 2153 330 Jay bien receu l'honneur de la vre du 20 du court

777 1436 2117 250 pr ne pas perdre du temps ie vs ay envoyee heer

761 1513 2154 270 pr messager vignon les 2 p des draps dans un rolle

778 1610 2145 257 manque EB jespere quelle vs sera rendue avant cette

773 1707 2161 249 la mienne les draps sont N1  29½ a 39 ¼ et N24

768 1823 2157 286 ƒ 32 a 42½ ensemble a 81 ¼ a ƒ 1:17 ƒ 151:4¼ je vs ac

801 1906 2116 239 corde le prix a cause que jayt les draps du bon

791 1991 2174 250 marché autrement vs n'auriez pas cette sorte moi

781 2113 2145 237 de ƒ2 p a je doit faire tiendre la baye bleuse ca

768 2232 2161 188 je n'en ay pas ne ie n'en ay peu trouver sans e

776 2343 2120 205 dan toutte la ville ault rement in auray achepre

786 2439 2140 189 une pour vous accommoder et vous l'envoyes

797 2549 2151 171 en mesme te mps. ie tacheray de lavoir prest

799 2648 2137 210 vous envoyeer au preniers sour iay des draps

766 2730 2122 200 bleu mais de nre fabrique quils viennent a 3

763 2816 2047 244 et  4 p.  selon leure qualite. S vous eu

733 2937 2191 218 sotthauttes de cette sorte ou aultres marchandises

745 3071 2142 224 ayez la bonte meecommander. nthoine

819 3158 2074 224 gossint at achepte vre remise de 100 es cu

732 3245 2125 215 mais comment voules vous me charges dune

777 3366 2177 159 remise a 7 ures: ie vous suisle a considere

773 3479 2116 150 15 cela est raisonable. sil y a de la perte

765 3580 2176 133 sur le change a me remettre vous me pouv

759 3688 2076 135 tous jours faire tenir de largent comme

3010 77 2322 136 lours door te i ny a plus du danner eu e

3009 161 2322 203 et pr sapate if y at assez du monde quil voys je

3014 291 2291 127 et p que vous pouvez me le faire tenir quantil

3004 371 2100 196 vous plairoit i'espere que la paix mons.

3017 534 2204 172 apportera plus du negole et lus du conhear

3004 597 2197 208 eu payt et que nous pourrois faire plus

3019 712 2217 195 14 entembe que 1'apont fait iusqpies de

2990 823 1822 206 present ce que dies viculle et suiz

2972 952 745 156 Brussel C Segers

3993 945 1049 196 Ady 28 April 1714

3038 1087 2099 147 tot antwoort op ue aengenaeme van 15 deser

3012 1160 2305 158 felsciteere e nevens ue beminde van herten over

3044 1275 2276 170 den jonge geborenen den heere laete hem in denge

2994 1375 2257 149 dsen tot saligheydt en content  van sijne

3038 1460 2224 173 onders gelnekighlijck op wasschen. aengaende dat

3047 1560 2154 199 ue laest hier sijnde sijn gerief tot beeteren prijsn

3027 1696 2137 126 bij een ander gevonden heeft heeft ue seer wel

3032 1779 2147 150 gedaen daer van te proffiteeren: ick hebbe

3069 1862 2110 144 veel liever dat een ander weet te winnen

3059 1989 2220 131 als dat ick tot schaede negotieere ue niets beetere

3076 2060 2203 153 connende dan ben ick noch altijdt tot ue dienste

3062 2177 2218 161 de geordonneerde ƒ300:- wisselgelde trecke heden

3054 2289 2172 152 in brief op sicht aen d'ordre Dh Jacomo Rousseau

3061 2381 2257 186 ue gelieve die conform te verheeren blijve van hen

2986 2484 2061 160 Bruxelles Jacomo Rousseau Ady 28 ditto

3052 2573 2187 162 ie vrois p l honneur de la vre du 24 cour que

3028 2663 2284 232 mad janttens a pagee les ƒ600:- de change a la

3054 2810 2235 196 charge et quet  m 'en a creditee en compte

3068 2893 2222 214 il vous plaira de faire de mesme pour ƒ300:-

3065 3034 2249 186 que ie fous remette cy incluse srt mons. Segers

3076 3142 2008 115 il vous les payera prompt selon qui

3037 3201 1686 195 m'advise ie vous salue et suis

2997 3278 2255 193 Brussel de wed Ludi mosselmans Ady 28 ditto

3056 3442 2233 173 ick hebbe achter volgens ue brief van 10 sebrpai

3035 3519 2173 163 patientie gehadt tot nu toe by de 3 maent eee

3065 3642 2164 119 ende betrouwt dat ue aen haere beloften conde

3055 3719 2137 97 hebben voldaen en ick onder inde dat het lden
