5448 3889
1979 43 597 137 24: gber 1712

390 67 1020 201 London Liviries de Dornere

528 124 2181 192 taer dat ick in lange van ue geene brieven hadde onfange

565 219 2047 174 ende ue diuurse maelen geschreven soo becoeme eyndelijck

579 301 1997 185 nitt aengenaeme om soo tedigge te saemen als van

560 407 2109 175 31 sber 1gben die gedateert staet 4 sber 3 en 7 sbermet

578 516 2163 181 staelen sackeren en connos sementen van 2 baelen spaen

574 602 2015 191 tche laeckens & N14 gelaeden aen boort samele

599 703 2065 225 taylor en N16 aen boort Jacob de seyser met convoy

594 815 2082 161 voor notterdam daer tot dato heden geen advis van

592 895 2054 222 hebbe becoemen geloove door contrarie wint oon

606 999 1965 201 achter gebleven en nue worden op gehonden met

594 1146 2112 161 dittto schepen met convoy afgecoemen soo ue schrj p

633 1229 2060 188 soo laete de asseurantie voor mijn rk loopen

623 1341 2046 170 doch ue gelieft te refleteren in gehalle malheur

641 1452 2039 137 arreveerde ende daer van iets vernaeme aen so

630 1549 2106 194 die goederen voor de sijne te reclameren de staele

658 1646 2025 185 afreeren mij wel aengaende de couleuren ick ver

631 1756 2062 219 hoepe dat de qualitst oock beser als de voorgecende

642 1877 2033 190 sal wisen mets nude goede mack comt te mane

655 1978 2069 214 keeren in de presentatie die uei dat om brieven

656 2074 2033 221 op vranckrijck in te trecken ende de weerde ue

650 2213 2083 150 dan weder te remitteeren melineeren geerne maer

662 2314 2071 140 voor als e en can daer in voor ue geina advan

675 2448 2049 148 dagie vinden mets de wissel op londen jos hoogh

659 2520 2008 132 is en alhier onder de ƒ34:5 geene brieven op

664 2620 2054 191 alsoo sijn te becoemen parys gaer alhem s  68¾

654 2721 2091 196 ende bij ne 39½ dat ge conside eet hebbe aen ue niets

673 2841 2052 184 dan schaeden sande randeren veranderen e voor

662 2942 2081 214 vallende in wissel tot ue advantagie gelieft meer

677 3061 2071 115 van mij lsber te despoierer ick en can niet ien

667 3125 2063 190 dat de wissel op londen soo hargh can blijven

686 3246 2065 179 daer geene ue sprcclatie overneme  d

700 3345 1976 150 uewel soo veel goethijt sal hebben1 wecke en

673 3428 2003 173 patientie te nemen voor het geene ue schuldiigh

689 3526 2052 173 ben sal trachten mijn advan tagie waer te nem

681 3631 1981 147 endet in corte brie te nemitkeeren want

674 3728 2005 117 in de wolle nessotie comt het ter present re aen

2866 49 2309 170 den jong man daer ue voor desen van het ben geschreve

2867 117 2289 201 en is noch miet vertrocken doch staet p eerste aerijse

2879 217 2277 185 aentnemen ick hoepe dat ue int cort mjon jaerede

2884 351 2277 137 se in de losferge sal ontfangen dat mij geliefs te

2887 405 861 176 adviseeren en bljve

2820 485 1203 192 Rotterdam : van der hey den

4264 481 501 217 24 sber

2880 618 2255 178 ue aengenaeme van 1:18 en 22 cout hebbe wel

2866 722 2252 189 ontfange achter volgens oock da 2 packen p peet

2853 824 2245 208 lenaerts waer van de oncost iick sal naersien van

2856 967 2266 132 hull en verwachte dit gaer voorders geene goedee

2868 1044 2241 213 soo dat in de gearnveerde hell schepen geen in

2872 1159 2259 191 trest en hebbe maer van london sgovder 2 sa

2881 1244 2194 191 afgelaeden als eene  N14 in Jamuel Baylor

2908 1364 2147 184 en N16 in Jacob deckerijser coeminde met con

2905 1465 2130 183 vij op de maisevolgens brienoer van londure

2896 1596 2187 139 behoorden het congrez vertrocken en or te wese

2888 1677 2133 181 hodt wiltoe salvo brengen gelieft is ten arri

2910 1765 2147 193 vemente cito te adviseeren den tyt manckert mij

2879 1852 2196 188 om ue den imhont en weerde op te geven versoecke

2902 1976 2226 221 voor den ingelryden op londen prompt voortge

2876 2057 263 157 Eje

2801 2100 974 213 Brusselle onry de Jauu

4164 2118 436 218 2£ 26r

2900 2248 2176 216 op gisteren hebbe ue al noch geaddresseert en vos op

2898 2360 2169 190 dre ende voor reet van 6 P desmares tot berge

2912 2476 2156 158 een pocke gemerckt 155 dat verhoepe op morgen

2898 2553 2129 191 a costij sal gelost worden ende datter met den vrij

2913 2686 2142 142 dagh voor lijden voor benen sullen wesen ick bidde

2912 2783 2172 168 ue dat het toch magh met de occasie voortge raeceen

2914 2864 2196 188 verhoepe dat het voor geeende paxke gemerckt AB voor

2907 2963 2178 163 nu opbergen al sijn versen den ue groetende blijve

2812 3026 923 164 Brusselle J:B: alexis

4316 3080 407 145 24 sber

2895 3154 2164 134 tot antwoort op ue aengenaeme van 21 cour soo hebbe

2890 3229 2206 181 gisteren ue paxke scheep gedaen gee: 3t en net

2860 3271 2253 189 sens ue thelbreet af gesonden ick verhoepe dat het ncs met

2882 3413 2223 125 godts gratie wel sal ge worden ingjen loeten het factuerken

2889 3470 2161 142 bedraerende in wiss ƒ282:14 waer voerens mij l te

2883 3573 2223 133 crediteeren ick van vie dienst voor vallende bidde mij dens

2868 3622 2216 140 kenneul te nen en weent verveert dat ick in alle oe

2890 3717 2226 119 casie alles sal doen wat iemant in weerelt moggelijck

2834 3767 197 80 ds

3445 3794 1160 51 goeden cop te bedienen ie

3132 3791 157 57 emoe
