5632 3896
2116 54 337 132 meij

627 62 1276 169 Amsterdam francois Rousseau

745 128 2044 191 hier hoege desen mijnen op ue goet tetour sal tertant

777 249 2058 169 caeme dat geernevernemen hadde wel gewent dat

764 376 2047 165 het geluck hade moegen hebben van ue wat te

776 438 2053 197 en rijteneren ende ue aen vrindilijck portien

762 545 2011 188 geven de affaire is gaen voor alles denike de

751 636 2092 171 loccassie noch sal voor vallen mant on datireren

767 751 2034 158 niet als ue orintschap de moeen ehoeden

779 835 1986 200 nie ue a costy is ende op de affairens van

782 933 2032 201 vagileren: come mijn intrist andermaelr

799 1082 2058 154 comm anderen daer is heven 3½ in cout schan

778 1157 2064 155 de vooren bref en ½ avan voor den selve in

797 1257 2030 158 banco gedaen waer toe mij iet en hebbe con

815 1361 1997 205 nen gesolvere voor soo veel en pasiten

781 1482 2056 188 hebben connen maecke noch s ploye

811 1593 2011 193 en maete dat ue seeker mij niet en solde son

805 1707 2011 192 nen laeder door daen de wessel op costijse

802 1859 2039 132 veranderlijck is can ue voor mij een morest

809 1921 2004 193 tpnculesen en op my tucken het sal mij

806 2016 1979 179 ue nigenaem wesen  d000 staen alhy vat

805 2123 2045 183 tot naer de condre consen comt & met de laeste

799 2219 1980 197 breeve wat gevalle van  36:4 tot  36:3

808 2337 2026 200 dencke noch meedder sal vallen daerom soeck

818 2451 2036 239 wat te dilayeren, voor het geene noch noodis

814 2563 583 188 hebbe blijve

2080 2634 401 142 20 meij

583 2634 988 195 Brusselle de 18 de kens

734 2722 2063 182 en twijfele niet oft mijnen laesten van 1a deser

722 2868 2100 143 het sgren tijde wel gewoorden oock een brief van dhde

741 2968 2087 137 meeyter van mill delborgh waer bij ue salge ien hebbe

757 3075 2086 163 dat daer wegens ue affairens door ue ondre en uyt u

749 3154 2078 182 naem goede ordre 4 gestelt sedert hebbe becaemen

747 3261 2104 160 desen ela en die uewegens voorgevallene belitie

754 3366 2066 153 niet eerde hebbe toegesonden te meer omdat datr

717 3419 2104 215 by geen prejuditie conde lijden alsoo even wil

742 3534 2098 188 voor djns dagh toecoemende daer op door uegee

717 3633 2095 167 antwoort conde geshven wordens: drae het

720 3743 2106 100 maer goede sorge om ue gesontheyt te

2915 68 2263 133 ick dat ij altijts aennaem sal en te verneman

2919 112 2254 195 ende daer ick ue can dienst doe sal thoomen sode

2928 216 1245 181 complemenden te te wesen

4221 299 417 175 20 mey

2896 290 1030 218 Brusselle G: Beckmans

2941 430 2238 182 sedert mijnen laeste van 11 deser hebbe eegelijck x

2942 579 2232 112 ue antwoeert te gemoet geseen ende tot myncha

2945 641 2184 150 grin niet becoemen dat voor waer pmatvremt is

2953 728 2150 176 ick hebbe in alles ue voldaers ende ue ordre ge

2954 802 2209 173 volght maeckende de breeffens soo als die ut

2932 923 2217 222 haitteert heeft ender en can niet bedenigeen waer

2941 1047 2205 139 om ue aen sijne beloten niet en voldoet im ae

2932 1141 2191 210 notie moet  een hant het anderweesschen ende

2956 1241 2215 195 men moet malcanderen faulikeeren daem

2949 1358 2194 171 bidde ue van herten mij de selve in antwoort ge

2969 1448 2192 167 accepteet te senden en blijve met offres van dien

2970 1590 789 115 in alle orcsien

4115 1661 842 196 Ady 21 may 1713

2890 1687 808 159 Mons A. Gauiopin

2959 1799 2131 184 las chere re du 17 du courant ne m'ett rendu

2943 1922 2078 202 4 hier le soir lors que les deux draps estoient

2932 2040 2190 177 parti p la barqee pour Bruxelles dans un perit

2938 2165 2172 191 pacquet marque 4 a l'addreste du S Henrij de

2951 2271 2109 186 capw a la taiste d'or au marche au grai

2985 2398 2058 161 les messager Jonaert nestoit point venue et

2942 2481 2070 188 p conscquende ie liay envoyée p la barque

2968 2594 2167 202 agant receu la mienne donne ordre e quelque

2975 2698 2159 186 chariier il les trouvera la. ie ne pouvois faire

2946 2815 2195 181 plus de diligence que ie n'ay i t'attenderay

2926 2948 2073 129 l'honneur de re responce et la grace que ie

2946 3020 2182 164 vous ay prie pla derniere le 18 des courant

2979 3150 411 164 ie suit p

4177 3200 834 224 Adij 22 ditto

2974 3213 1124 224 Brussel henry de Paun

2933 3353 2224 194 gisteren hebbe ue met het beurtschip gecontigneert

2954 3474 2072 157 een cleijn pasxhe gemerckt 8 p ordre in voor

2946 3579 2123 150 rekenigge mons. et. Gallopin tot Berghen dat

2941 3677 2176 105 verhoope morgent vont y e a weten. die vrindt

2938 3784 2182 48 schrijft tot tweemael om dat daer  gepreerti
