5650 3895
775 38 2176 194 voort geene bij ue te goet vendern ssal hebben om

814 142 2119 176 mij naer advenant met advantagie

838 227 2098 187 te remitteeren antwerue prete e altijt

850 320 2054 221 want opandere plaetschen wort pro rato

866 461 2084 199 a costy weynigh esgard genoemen en med

894 556 2052 220 dellertijt ben iekerter verval daeghen

921 665 2035 184 ordinario aengeschoeren sal dien oft het

936 776 1993 204 moogelijck is om op morgen ue pat de

913 875 1992 243 voor speyni en afte geven ende het ge

902 993 1983 277 passeerde tegens maendagh adviseere

944 1125 1897 203 blijve £150 af 8 pret can uyterlijck

981 1252 1960 205 maer wesen £148:113:9 en niet £148:6:3

2124 1401 544 116 61 & be 1713

777 1413 1059 212 BrusselleJ: Balexes

964 1500 1939 183 ue aengenaeme van 3 court hebbe welont

932 1581 1878 214 fanges meteen briefken van den slve

960 1671 1947 245 dato door ue aen mijn ordre geaccepteet

959 1808 1994 219 te betaelen op i maent van ƒ 200 op rect

953 1907 1959 196 n mijne niet dat ue noch oyt reden ge

917 2033 1928 221 hadt heeft van claegen nochte ue leven

924 2130 1860 249 hebben sal want ick en trachten ic al

916 2237 2043 220 met alle nden met mijne calanten reken

923 2354 2037 215 delen daer ue oock altijts de reve van voo

908 2464 2061 220 den seelt hebbe het gent op geet met dat van

925 2584 2005 197 mons van den bloek tesaemen ende voor

935 2712 1963 220 leden wordagh scheep gedaen in een

932 2795 2015 254 pack gemerctlSst verhoepe het selfde

970 2899 1970 214 voor nie wel sult hebben ontfangen ende

960 3011 1982 216 alles naer ue contentement bevonden in

957 3106 2013 250 gesloeten ue facture bedrae gende mieves

914 3212 2038 248 ƒ421:8 ½waer voor mij geliever te crediteen

950 3302 2013 254 ende den ingisloeten aen mons vanden

942 3463 1986 191 blou doen behandigen verrouwe ue p

952 3537 2017 235 eersten sal over coemen om un partye

932 3689 2008 154 te coopen volgens van si ue bemende hebbe

3013 2269 50 119 d

3025 63 2358 175 vernoeren Ick hebbe van alles seer schoore pr

3032 130 2241 198 diment ende sal ue trachten eveel te bedie

3052 255 434 168 dae blijve

4566 373 605 151 6 sber 1713

3014 346 1554 200 Brusselle J vandensBloek

3048 536 2191 126 desen tot cocevert van de facture vant goot

3062 617 2148 144 door ue heer o sijnde by mij gecocht ende

3055 725 2178 160 dat volgens ue ordre int pack van mons

5315 741 199 204 dn

2992 830 2252 208 alsois voorleden wondagh is vertrochen

5395 939 149 171 se

3086 941 2163 236 bedraegende in wes ƒ267: twaer coms

5358 977 70 123 1s

5359 1058 77 89 beun

3079 1040 2153 228 mij gelieft te ccrediteeren ende en alle

5278 1093 161 167 16

3101 1155 2050 225 occasien e be sijck te commaneer

5326 1231 105 91 d y

5353 1310 64 83 1st

3113 1259 2164 230 en twijffele niet oft ue sal sulcke gene

3105 1401 2138 256 gen vinden dat my te saemen onse te

3132 1508 2032 261 gonne kennisse sullen comnn ve

3124 1606 2059 226 wederen waer toe nie ijn die

3098 1721 1957 249 presenteeren voor allijtsen blijve

4346 1911 701 151 7 8be 1713

3025 1903 1332 225 Brusselle la veufre Rouseau

3122 2005 2106 198 Jay bien recus lhonneur de 2 cheres vres du 12

3152 2109 2041 185 derniir et p ja out je vs ay credite de £153

5291 2163 114 160 d

3142 2212 2061 200 pr la traitte de mons vre fils francico pr

5269 2294 176 116 ee

3116 2297 2064 192 n mon compte et juy acceptation de vre re

5333 2393 57 42 i

3572 2418 112 89 No

3114 2379 2116 201 mise a  jours de veuu a charge les Van

3124 2504 2048 191 de doniles de £300 incluse remoce de £200

3087 2588 2125 200 de change sur gras et rema payable lest

3110 2745 2110 181 die cour priant den procurer le necessa

3088 2829 1537 232 et m'en crediter estant de coeu

4508 2929 571 138 7 xber 1713

3011 2958 1130 224 Leeds William Pochson

3072 3047 2149 205 moderniere est du 20 dernier pr la quible

4480 3165 60 50 t

3072 3183 2174 158 je vs ay prier d'achepter encor de draps de

3089 3232 2148 207 a N4 n'excedant pas a pacter a l'orderieere

3087 3349 2128 220 en un grand ballot dont pourries enresirles

3070 3432 2172 218 plus nouvelles couleures a vre fautas ie les

3061 3538 2174 216 plus jols quil cy at a trouver et que l'on

3089 3670 2089 166 demande presentiment pr ces queertaens
