4952 3910
1731 60 416 122 8 meert 1712

276 66 634 144 Gendt Jacobus Baut

384 133 2104 168 alhoewel in soo lange d'eere niet gehadt hebbe ue te schrijven

389 259 2055 122 oft eenige van ue aengengeme te ontfangen soo en weete

398 353 2039 154 niet beeteroft syu de ende de familie somisseert van eene

391 455 2048 160 parfaitte getontheyt waer van de contieniatie van herten

427 521 2002 134 wensche nevens ofter van mijnen cllijnen dienst daer de

405 622 2037 142 occasie sonde moogen voorvallen: ick neme de libertijdt

414 721 2067 147 a lordinaer ue zassigh te vallen ende te versoeken om voor

431 809 2058 128 de twee ingeleyde quittanties als ƒ100 en 180 het geldt te willen

449 890 2045 186 in voorderen ende ontfangen sijnde mij voor te crediteeren

446 1002 1959 138 als oock deningesloeten op Ronsen voortsganck te

422 1095 1921 182 geven. het gaet met allen negotie van jaer tot jaer

412 1208 2058 137 limer ende en sien geene apparetntie van beeterise

429 1290 2036 125 ten waere godt ons den vredte geliefde te verlienen het

421 1391 2064 156 banqueroet van uynier de Buck heeft ons wille negotie

438 1452 1999 156 voor vlaenderen nu soo veele jaeren sucken afbreuck

432 1553 1904 179 gedaen dat het om moogelijck is te connen geloooven

437 1628 2046 170 ende naer dat men nu alles vercoght heeft is het eene

449 1747 1996 162 wondere saeke dat daer geene repartitie en geschiet

438 1838 1994 163 nochte dat de crediteuren van sij daer geen eynde

448 1921 1940 188 en doen van maeken want het is onredelijck dat

456 2032 1951 177 die mess met de penningen blijven litten dat ue

435 2128 2031 181 soo veel goetheyt hadde van Dihr van den Berghen

455 2245 1978 123 met occcasie eens aen te maenen ue soude veele

469 2307 1991 172 plaisir doen want het is seekers dat alhier veele wesen

426 2397 2051 201 die daer naer vatten ende op aen coemt de creditairen

460 2507 1951 204 a costij hebben reden om te connen spreken ende

472 2593 2010 167 hun te constringeeren dat men van hier alsoo niet

460 2669 1977 177 doen en can dat ue soo veel goetheyt hadde daer

470 2811 1967 127 iue wat te wexken weest verseekert ue een goet

473 2854 1981 154 werck doen sal voorde trine geint resleerdent

493 2952 1926 188 dat verhoepe niet pialijck sult nemen ick ul

466 3056 1967 146 het seltde kens hertelijck re commandeere ende

484 3165 1678 131 naerteordiaele groetenisse soo blijve

1683 3273 384 108 8 demars

287 3270 1023 164 Londen Scawen et stock ae

459 3339 1997 155 le suyet de mon longes sileme est le pauvre commerce et

463 3415 1944 159 le pecu de gaigne suil yas a faire presentement sur le

965 3511 125 48 lesnen

873 3515 72 47 to

481 3499 1974 123 manufacteue que l'on se trouve avec peu de courage il

486 3549 2002 150 y en a beaucoup que je sont pourvue sur l'apparence de la

473 3636 2048 132 paix avecu cher et haus change dont ils sent plaigne

480 3720 2049 142 pr moy j'ay este de cette resoliction de le dilayer jusque

2634 70 2192 93 en este et il me semble que jauray de tes essez ne

2638 141 2203 87 anmoins ayez la bonté me marquer le prex de colch

2631 228 2208 86 bet bayes et combien de sorte on l'en trouve presentemente

2631 270 2197 132 av ce du lisgeresbleufes come aussy s'il ny a point de

2625 353 2178 168 changement dans le prix de draps pr piendre res

2643 426 2193 176 mesures un pea a l'advenant au regard de ves trois

2637 519 2162 174 lettres du 23 gbre 3 xber et 18 fevrier jay reccu

2649 590 2157 175 en son temps les 2 p de draps p le petis ballot

2674 713 2102 126 N9 et je feray examiner le compt court cy en

2685 759 2077 152 cliese je vs remitte a bonne compte  300 sr

2681 841 2156 191 John Lambert du 23 fevrrer usence dont il vs plairea

2712 930 2118 204 d'en procurer le neccisfaire et me crediter j vou

2679 1008 2166 155 drois bien pavoir commentil va avec les action

2713 1098 2103 169 de la banque et de la companie et si vs me

2713 1176 2095 166 cons cellierez a y ffaire quelq employe ou sil

2720 1258 2087 199 y offrez quelq chosez du profit en apperence de

2702 1357 2123 219 la paix car jespere et je ne doite on elle van

2734 1431 2110 218 dra pr la frace du spieu vs m'obligerez quip

2720 1587 564 145 en afendant

2679 1645 2140 163 encor lettre cy incluse de  £100:- ceiourdhuy ciseuces

2690 1793 963 146 Tus bourton et quigner

4149 1824 694 139 ad7 9 meer b1712

2559 1878 683 127 Mons. Jacques Musson

2685 1893 2151 179 jay bien reccu celle que mad vre soeur m'a furt lhonneur de

2664 2017 2101 112 in ecrire et ensuitte je vous envoie dans un rolle harque EM

2662 2108 2156 97 le jourduun par la barque, trais or de larisees en saustrise et

2649 2152 2148 124 deux faiseez payable ƒ29: ƒ87 de change croyez que lestle

2667 2239 2082 143 plus paste prix  meme qu'il ay a as de profit pour

2656 2293 2131 156 nous sur telle sortes de marchandise je l'addisse a la teste

2639 2384 2030 120 dor an fr de panste a l'ordinaite luy recommandant

2640 2455 2175 140 l'expedier par le chartier vandent cito qi mes draps bleus

2634 2520 2196 183 seront prest je ne manqueray pas vous en envoier des lschentill

2634 2615 2167 126 encee les derniers et plus fuite prix je m'etonne que ne me ien

2649 2681 2142 121 vaye z pas mes eschant illions que je vous ait enugiez mes draps

2853 2782 60 57 ofth

2656 2753 2028 129 bljue ganne versicl auvaire a 39 le tont de tres

2632 2819 2028 147 beaue dre ps et a ban, rdraps et seinture

2630 2906 2133 134 d'angleterre pour ce quil offre pour are lemile ra

2637 2991 2140 172 que je vous huniray tres honnertement et a  prite

3676 3093 178 101 vann o1681

2646 3080 808 149 sen cela se me dit

2656 3084 2018 213 d commenle var dant le Comp dedune giet

2655 3210 2169 155 marqueray les fferstiets de fene mad messon a marns

2657 3305 1602 155 que ne me donnes Endre coutra

4118 3311 719 169 adj d meer 1:1712

2569 3408 691 139 Mons J:ff Desmarest

2686 3427 2129 169 pour reponse a la vre du 3 du court voicy dont ma traitte

2568 3534 2240 123 bere far le fr Jacques meyers de Rotterdam de quattre ens florins vort

2650 3627 2161 124 dhollande payable a vre ordre jay lemoigne toutte conplaisale

2671 3702 2045 139 possible en touttes occasions a ur vre ouele it pour son
