5542 3906
1933 45 980 177 Ady 3 Avril 1714

712 54 930 174 Dournay Siou Donne

832 173 2079 143 ie p ay souhaitte vous charger mal apropos des ports

793 231 2157 146 des lettres ce qu'il at este la cause que ie ne vois ay fair

754 329 2185 145 plustoit responce a lhonneur de la vre du 24 sebvrie

809 416 2125 188 laquelle i'ay bien receu en son temps de meure que

775 557 2118 164 l'advis de mons Jacques Baudt de Gand que le sacq

733 650 2174 222 d'argent luy estoit parvenue.  ne comprenne pas

813 756 2150 175 le compte que vous est faittez. il est encor la en son

836 857 1928 180 enlier ett il ay a point moyen dien disposes

822 934 2124 188 iusques apresentt a cause que son ne trouve icy a

821 1036 2127 181 titrer sur hand moins de 2 a 2 ½ pourcent de perte

831 1145 2126 187 ie vous ayt escript que ie tacheray de m'ex de fais

821 1245 2108 183 le mieux quils ma sera postible et que ie vous

819 1348 2159 207 passeray en compte la valeur que i'en pourray obsen

836 1453 2132 197 ces especes n'ont cours jusques apresent qu'enstan

836 1567 2113 151 et le pays d'efynaux mars point en brabant v

847 1678 2048 157 me remette pr la sienne du 31 du passe encor sur

843 1761 2097 221 Gand a jours de veue p caiste a charge les. gelles

791 1903 2187 162 schange lettre de ƒ1700:- courant. ie ne scay ae qui

847 1991 2113 189 i'en feray. ie las parderay q ce que jauray vre

841 2083 2117 182 responce. si vous souhaittelf que ie la pegoeiste

847 2186 2137 206 un moins de perte quil me sera possible car vous

798 2324 2177 175 pouvez bien croire que ie ne perdray point 2 a 2

866 2425 2079 181 prete. il est a souhaitter que les especes et le

843 2545 2121 131 cours de monnoye seroientse gales p tour le pay

868 2623 2119 120 il seroir plus du bien au commserce  du commed

844 2730 2113 153 lenent destoient les gros droibts presentement

819 2828 2141 145 la perte du change. i'espere q'en peu les affaires

827 2925 2132 182 le regleront sur uu bon pied et pse nous pour sons

848 3031 2113 160 avoir plus de commerce p lussemble pi'ay desm

822 3141 2158 164 Jolie assortiments des draps et aultres nanufacure

896 3269 2072 116 comme ausoy beaux draps noirs bleu et draps du

845 3347 2095 176 Larges et drapt bleu communs de ƒ3:62

845 3444 2075 189 vous manque quelques assortiments ayez la boute

843 3565 2121 150 me l'ord onner. iisques a ce jour ie n'ay poion d'adss

850 3659 2095 111 que latsignaion que les du  ma repis l'erdz

858 3741 1917 88 heye soit paye ie e seay ce que cela  r

2986 48 2264 220 Bruxelles Jacomo Rousseau Ady 4 April 1714

3051 200 2176 182 J'ay bien receu l'honneur de la vre du 23 dernier

3080 325 2296 190 e son temps. ie vous suis bien oblige pour L'infor=

3017 416 2248 230 mation e lesquard de la parsonne y mentionnie

3065 536 2270 223 en parielles et outtes sultres occasions disposez de

3046 643 2198 247 moy et faitte fond que ie ne manqueray pois

3053 755 2194 190 a vous dire mon sentiment en Amis car la

3060 936 2265 164 connnneure presente trequire de prendre boinne

3041 1005 2259 190 precaution vous aurez la bonte de procurer

3039 1114 2105 188 le necestaire de ma traitte en vre faveur

3039 1239 2164 191 a vene sur le Sr Baule de Broyeer  ƒ400:-

3038 1325 1252 172 de chonge et me croire

3018 1453 2241 199 Amsterde Franc. Rousseau Adij 5 April 1714

3091 1588 2154 177 sien bij ue aengenaeme van 30 past. ue opinie

3077 1695 2246 187 wegens de wissel op london. ick en twijfele riet oft daer

3080 1774 2148 227 sal veranderinge dienaengaende tot advantagie

3105 1899 2154 166 wesen want de laeste engelschebrieven  die voor

3097 2011 2244 180 nu oock buyten twijfel in hollandt wesen  noteeren

3060 2086 2270 193 N 36:6 op Antwerpen met apparentie van meerder

3096 2235 2196 156 te daelen soo dat ue mijne voorgaende ordre doer

3063 2301 2231 228 te £5 a 118 £600:- af te geven confirmeere en

3085 2424 2059 194 recommandeere tot mijne meeste advantagie

4208 2537 157 77 aet

3084 2573 2250 166 waer te nemen ten waere a costy sich tegens opie

3081 2676 2231 129 maintineerde gelyck alhier want onder de 133:11

3093 2784 2148 136 geene brieven tot ooch toe te becoemen het

3069 2846 2254 215 geene echter niet vreemt bordeele omdat men hier

3096 2950 2226 192 sich anders niet dar naer de berse van Aenster

3056 3036 2128 189 en reguleert eit my inbeelde a costy voor nu sal

3077 3156 2236 200 daelen. ue gelieve in alles als voor eygen te doen

3069 3279 2223 184 en uyn intrest te menageeren, want ten s9 om

3044 3348 2233 188 advantagie gelijck ue bekent tt en maghmen niet

3077 3482 2218 148 schrijven en moeyte nemen ick en remitteere

3079 3600 2229 151 ue de weerde niet eeusdeels om de ons echerijdt a

3079 3690 2172 109 het epoyd ende ven weeden omdat myne scho

3117 3779 2146 54 moeder re berocen  en wasteesel
