5575 3892
602 132 81 103 s

705 58 2219 164 verliesen dat voorde  in inprest sal avanceeren

689 180 2137 160 verwaghte tegens morgen de £400:1½ uso

716 275 2225 147 die ue tot 2½ prete gecontracteert heeft in gevalle

739 360 2126 159 de wissel beygt daecen hebbe liever daer doer

750 455 2191 178 te passeeren en ue nieu we remises sc houme

776 566 2158 218 tot ander employe. ick moete ratienrie nemen

769 676 2129 207 want ick sten wel datter niets met sondement

738 812 2175 176 te ondernemenen is ue noteert londen van

680 922 2236 200 35:9 vallende op ƒ335:5½ andere tot ƒ335:4

786 1028 1978 191 coemt die laeger te loopen dat dunckt mij

755 1122 2169 199 legourder en met meerder sondament den

717 1263 2186 186 op parjs ap regeven echter inn begen van de

763 1348 2158 184 aenstaende maende can mij ne gedaghten daer

788 1465 2114 169 eens over laeten passeeren. de wisselcours

763 1581 2131 173 heeft ue aen den voet deser blijve van herten

753 1724 2145 171 de sij dede sien soodaenigh dar men bij naer noeydt

792 1823 2134 189 en diende te remitteeren oft men behoorde scher

816 1925 2122 166 employe te weten   London nogh te vallen

806 2035 2071 146 ende dat ue speculeert daer oft daer otreur

797 2142 2062 168 soude arresteeren ue magh tegens vrijdagh

794 2264 2040 194 3 a 400:- pouden afgeven ende de weerde in

810 2380 2062 136 my trecken in den verstande ue in alles gelreve

829 2480 1961 143 te invigileeren en mijn intrest als voor eygen

814 2583 1162 185 spculatie te behersighen

1931 2644 985 213 Anversie 27 sebrrre 1719

644 2699 998 152 tour Jay Anselme du l

748 2773 2146 216 le 17 janvier ie vous adt escript. ie j'ay quelle

770 2901 2125 216 vous est par venue et non obstant touttes mes raisons

790 3013 2113 159 avancees vous l'avez la moindre consideranon

801 3126 2123 142 il me fault de la satisfaction d'une manrere

821 3245 2062 106 ou laultre car il m'est impossible de dreayeer

822 3333 2023 162 i'ay rop besoing de mon argent si ne me

830 3435 1952 133 j'espondez pas ie vous promette que ie ne

846 3539 2066 154 manquer ay pas a trouver des tmis quils me

880 3643 2014 104 rendront service ie n'ay encor de mae

700 3721 2213 115 :  en costre de S chalands quils in sont traine de la

2972 77 2300 132 sorte jamais il ne m'a fallu actionner de mes chalands

3034 192 2193 113 ie ne le seroit pas volomiers encr mais vous me

3057 294 2109 171 contrainderez a la fin ce que pouvez  prevenir

3052 392 2121 181 si vouleu estre raisonable e vous l'euvez que

3061 499 2090 206 parmis let marchands l'argent doibt voulles

3054 608 1117 147 ne surs en attendant

2979 717 1172 164 Londres Scawen en Scochdale

4323 742 881 196 Adiy 28 jebvrier 1714

3008 819 2227 263 J'ay reccu en son temps les deux cheres vostres du 30 gbre

3019 963 2059 165 et 14 xbre dernier faute d'occasion ie ne vous ay

3019 1085 2209 194 escript depuis. ou n'a jamais veue un tempt comme

3005 1159 2217 204 d'apresent dans ce ays il nr a plus du commerce

2995 1295 2276 213 du gout et de tout negoce le pir celluy en manfacture

2998 1412 2198 209 i'espere gaurez receu mon divident de la comp. ene

3010 1490 2188 217 & noch. ie vous remette cy incluse  £100: ou 40 du

5223 1626 70 119 24

3012 1586 2273 256 courant usences sur charles Bollengeer les derniere

3019 1729 2169 183 lettres de chez vous marquent 337:3 ie souhaitteros

3024 1790 2178 246 bien d'en avoir des retours eterme avec ce que de

2997 1898 2103 207 pourrois trouver bon en compte moyennant

2993 1999 2164 219 que me voulez quarantiron estre des credere pour les

2996 2114 2150 208 remises comme vous faittez a monsrere si vous

2992 2226 2182 214 prevoyez que le change baisseroit vous pourriez

3014 2320 2144 194 dis compter ma remise si non attendre ata

3008 2399 2201 241 quelle soit escheu faittez la dedans comme pour

3003 2532 2030 218 vous mesme et comme le trouverez a propos

2996 2612 2218 237 me faisant responce ie vous prie me marquer le

2988 2711 2147 246 prixd courant de colchestes et swanshins bayes

2978 2833 2150 233 gy orfinnes et auose & you 2vr rouge ie suis d

2972 2932 2118 222 Amsterdam Franc. Roduisseau dy 1 meert 1714

2995 3080 2181 212 naer dat ue op 26 pas. hadde geschreven ende versoght

2988 3197 2253 176 ingevalle london noch meer quaeme te daelen ende

3003 3273 2139 222 haer ue speculatie opt laeghste te wesen ue tegens

2996 3390 2224 189 vrijdaght nu morgen voor mij stelf ½ a £400:- soude

2993 3470 2195 217 gelieven afte geven ende de weerde op mij te trecken

3002 3569 2155 156 sicht pp claste soo hebbe ontfangen ue geeerde van

2997 3700 2074 93 selven dato met de remise ot ue voorsye vermelit

3010 3730 2244 105 in seconda Braet op lours bolly to

5259 2952 145 156 t

5262 3206 67 64 lt

5295 1258 85 140 8
