5409 3889
624 37 2156 165 swaere bayen ete noodigh hadde schrijft maer

640 128 2035 186 een lettertien ende ick sal ue soo wel enede

638 230 2007 186 goeden coop bedienen ende alles afsenden

642 334 2130 188 al oft ue hier present waer e met ue laesten

642 451 2024 178 van 30 soo hebbe becoemen ue remise die

641 549 2049 205 claude frivray van 6 gber laett op

646 634 2110 176 van ƒ354:1 wisselgelde waer voor het sijnen

664 754 2114 171 rede het noodigh sal beserghen ende ontfangen

662 857 2113 173 sijnde ue voorens crediteeren in rekeninge

609 1004 612 131 dre blijve

1903 1079 420 137 4 gber 1712

560 1082 768 196 tournay Brnselm hs

608 1168 2147 178 Jay vs ay escuit le 16 sber dernier avec offres de me sv

641 1283 2125 139 et aussy inttamment de prier de vouloir me faire remises

637 1402 2128 128 jay este en esperace de jour en jour de recuvoir reponce

659 1446 2111 152 mois voyant q c' est pres de 2 mois ie ne pe moins de

657 1556 2126 156 recute mis demander car il vs faut considerer qns divoirs

672 1635 2106 122 payer de temps en temps prosse somme j'argent com

671 1708 2097 146 ala doit venir et ramaser de nos amis il faut p beu

655 1788 2120 156 soulage l'aubre ayez done las bonte de ne plus de laye

665 1858 2116 170 mais de satisfaire mes demander qui n'est etres j

664 1949 2098 171 il ya pres d'un un q'n'avez reeu tirer de moy pas

689 2033 2020 164 conse que je peu ja quil vs p anque bien de

673 2114 2086 165 marchandise il vs plaist en mesme temps de ma

657 2223 2109 138 honorer de vss commendements soye assiere gege

672 2303 2086 157 vs servircy encor a bon marche et de la tresu

682 2384 2009 129 cuses marchandise car je n jamais este mieux

678 2485 2077 130 assorti de toutte sorte de belles manufactures a pr

688 2551 2067 149 le present attendant l'honneur de vre reponce je me

681 2647 158 146 det

1882 2687 487 131 4 gber 1712

573 2709 591 152 vous nay d donne

673 2783 2097 154 depuis ma derniere du 15 sber pr la geuelle je vs ay do

682 2884 2092 143 ne advis de dpart de la marchandise q n avez ardor

676 2965 2093 160 ni je n'ayt recu d'auuune de chere vre jes pern  le

685 3038 2085 152 ballot vs sera pa vence en suitte et en bon temp et q

664 3107 2083 155 vs aurez trouve le tout bien conditionce et con frrm

671 3198 2103 171 mon advis je vs ay donne p me suis attendu a avoi

662 3271 2112 194 l'honneur de vs voir p ic ou bex medi vre compas

669 3375 2098 141 moers vsant q la saison s'avace je commence a des

676 3443 2074 153 perer raison q je me donne l'honneur de vs adresser

682 3573 2087 128 celle ay pr vs prier de me vouloir m honnore de

658 3628 2127 170 vos commendement en cas quil vs manque quil

679 3699 2105 147 sortiment dhevir jay reccu et jerv tout lejou

2940 75 2197 110 quasctite de nouvelle marchandise et je n'ay jamais

2950 114 2224 155 este meeux fourme de fautte sorte de finne marchandes

2961 226 2198 135 of pr le presente come de toutte sorte et prix de

2950 295 2196 119 molton on bayes flanelles de caisces de flanelles de

2979 382 2180 98 de large bayes deventer et draps de tout prix jemi

2962 465 2190 163 magine q vr q: proivera la sorte de draps q je vs en

2943 567 2216 129 envoye a N8 pattait car je may jamais veu neellus

2823 655 2296 135 calite pr lis mix aussy j'en vend beaucoup en cas

2952 755 2177 158 q vs souhaitte d'avantage ou de moindre prisx jen

2947 875 2191 114 'ay et j en astend e premiir jour une bonée quan

2954 926 2109 146 tite de toutte sorte de nouvelles couleures a la

2941 1035 2193 156 mode et croyez q je vs servir en touettes occasion

2941 1131 2117 138 honnestement et a just prisx sans vs surfaire de

2942 1227 2199 144 mesme come si serrez iay present l'on dit asteeur la

2925 1329 2213 122 paise pr une affaire faitte et quille sera general

2946 1430 2165 120 l est pr ainsy dire asseure scela viendra toutt

2942 1526 2217 157 d'un coup at cela ns sera vous eun grand chang

2936 1593 2223 151 ment dans le commerce et prix de marchandise

2941 1705 2200 151 q jeeu seeelle vs salurent de mosme mad: vre

2955 1810 2202 130 espanse je me dit priant de faire rendre. l'inclux

2947 1872 358 138 a 2 port

2827 1933 2144 232 mons Jecques Masson Ady 4 gbre 1712

2956 2077 2059 171 comme ie vous ay advise le 27 du passe vre ballot

2942 2179 2165 214 marque £21 est parti le 29 xbre i'espere que vous

2938 2277 2161 210 'auvez receu pour le present ien vous la facture

2933 2426 2172 158 portante :148:10 comne aussy du ballot enterieur

2918 2473 2208 240 portante ƒ 821:6. iespere que vous en lerez sanesfait

2948 2601 2113 193 jasteur ca vous avez la cincospresces tres bien

2949 2760 2165 87 e commodee et conditionnee croyez que ie sat

2926 2822 2070 127 tout mon possible et que ie ny manqueray

2924 2894 2121 194 janmais Tort quiil vous plaire m'honnorer

2957 3051 2107 147 de vre chalandise. ilay de lastertiment e

2952 3120 2104 141 a bonden ce de toutte sorte de manufactures

2919 3225 2012 161 et presque tout nou velle marchandise

2938 3360 2180 122 comme ie vous ay donne a connoistre pma

2921 3409 1791 179 derniere vous saluant ie me dit
