5496 3887
658 44 2135 115 asco het geene dat e y sech h niet noopende de consey

647 148 2138 151 en over al ue seggen heeft ue sijn appaisement scha

656 233 2134 158 Jaselfs hebbe ick noch de vrappers wedergenomen dat

688 337 2106 169 mj van niemant noch gebeurt en is hout op van cla

687 426 2106 189 gen het salder anders saen als de goederen daer in iy

713 520 2070 156 wesen dan worden j in mearder repitatie geho

698 647 2092 114 den ende gestemeert den tet begent t coemen want

726 702 2013 190 en claght niet over het geene dat ue bij sich heeft gj

725 820 2008 182 sulter geene tot sulcken rijs meer becoemen ick sal

760 954 1976 161 dan de £50 morgen tecken op  secht m aet

744 1023 2012 158 fauliteeren ende te thoonen dat ick metter heeten

729 1127 2043 124 meyne dat ick ue seggen te betaelen aen d'ordre

719 1218 2074 190 Dhr anthoine Rousseau die dan conform gelieft

712 1322 2072 159 te verheeren ende voorders sal ick d'eere wachter

738 1433 2016 157 van ue hier testen in den vaste om voorders be

714 1534 1380 194 saemen te sprecken en soo blijve

2030 1629 550 146 affereay

574 1637 1315 175 Brussellee de wed: vanderboocht

723 1722 2079 143 ue aengeaeme van 6 oout hebbe wel ontffange

723 1827 2068 131 de ls00 die ue mij ordonneert sal treckens te betaele

739 1916 2059 127 aen d'ordre DB anthoine rousseau gelieft die con

709 2038 2079 140 form te vicheeren ick wenste wel dat ue wat sche

740 2116 1996 157 quege uuem maecken den vrede gaetvost ende

695 2201 2104 166 de goederen monteeren danelijckx in prijs door de

718 2286 2067 190 hooge wissel en andersents niet te men ick hebbe

736 2400 2037 132 een luttel precautie naer advenant genomen

734 2492 2057 183 ende mijne gheele provisie voor den vasten opge

742 2589 2043 186 daen ende ick salder alveerul afscheyden ick hebbe

756 2725 2029 135 soo schoone sortiment als ue noch tijt geseen heeft

760 2800 1982 158 ick tecommandeere mij in ue goede sonste en

730 2879 726 143 blijve van herte

2084 2890 488 180 10 februiy

512 2973 599 210 Gent J: Baut

711 3022 2087 174 verhoene ue nettens ue famillie gesontheyt en wel vaeren

714 3167 2071 162 neme de libestijt ue tevesoecke soo vael goetheyt selve

716 3251 2084 131 te hebbe van wegens mijne pretentie tot laste des

704 3353 2095 134 del van neyneer de buck mijne 12 heres te wille in voor

717 3432 2076 139 deren ick hebbe van te voeren daer over geschreven

707 3517 2079 139 aen dih van den berne en aen hem adrateer mijne nie

705 3602 2078 130 cout nevens de wilsell gesonden om ue niet te veel en

719 3687 2004 128 barass te causeeren ick en twijffele niet oft tuy sal

2901 66 2198 96 promt op de quittantie betaelen soo aes hy m advis eest

2909 124 2165 139 heeft veele der crediteuren alhier maecken swarcy

2921 197 2132 198 uyt soo daenige quittantie de passeren doch soo uyt

2920 315 2217 150 onsen oom h ue broeder vernerme heet ue endeen

2949 429 2154 118 d'andere crediteeren a costy dir doonge passeert

2935 512 2210 155 soo dat dene alester goeder trouvel iet ende daer

2944 609 2139 212 naemaels geen questie over oft uytkeeringe sal

2925 719 2198 218 voorvallen mij ne pretentie is ƒ797:17:1 a 12 prete

2945 841 2142 197 aut volgens de ingeslotene quittante £95:14:10

2928 949 2173 205 vlaems visselgelde voorders een briefken op 3:63:

2921 1069 2206 179 De saedelaer van £66:13:4 wis geelde nevens 2 orde

2941 1172 2181 192 nair quittantie tot laste der overloop van ƒ80en

2928 1266 2176 168 ƒ100 te saemen ƒ180 cout gelde d'een en d'ander in

2937 1403 2128 153 gecoomer sijnte gelieve mij voorens te ditern

2924 1501 2179 139 hebbe ue gedebiteert voor en vingebrochte quittanti

2950 1596 2124 162 door cornelis laeters £25 voisselge vraege excusie

2937 1719 2098 151 van de libertie die geraycke ende wens ke van

2936 1806 2158 204 hete doceatie te becoemen ue oft de fauillie reu

2926 1910 1917 200 proquelijck te connen dienst doanen blijve

3501 2036 1633 222 opye van de gegevene quittantie

3418 2171 1383 148 in den boedel van de beuck

2906 2284 2159 127 alsoo de gecommitteerde van credituren ven ges

2902 2404 2228 149 nierde buck tot gent geresolveert sijn by repartitie

2895 2466 2242 175 uyt penningen van den selven boedel aen olckere

2910 2568 2189 127 diteur te tellen tot twaelleten hondert ter reck van

2920 2689 2145 133 eletta pretentien ende dat hier noch voorder oft

2937 2770 2198 111 andere crediteuren mochten ten voorscheyn coemen

2928 2851 2171 179 ofte om andere oorsaecken aen elcken coediteer soo

2943 2929 2165 158 veel niet en conde betaelt worden soo beloove

2937 3025 2167 186 gj onderschieven voor soo veel elck raeckt inge

2930 3138 2189 161 valle hier naer ten dien op sichte eenige re par

2900 3227 2221 133 titie mochte gebeieren bij gelijcke conceerentie doen

2921 3316 2215 157 aen te seellen voldoen wijt de genogtene twaelt pmet

2908 3406 2193 181 sonder voorder verbintenisse ende dat alles s alhoe

2928 3518 2135 118 wel onder obligatie in forma sonder arghlist

2926 3594 2129 143 ende ter goeder tuwe actm in antwerpen

2919 3725 2047 97 their te bruny seventhien hondert endetheer
