5326 3917
675 81 75 85 d

1515 65 922 150 Ady 25 April 1712

299 88 966 188 Brussel mosselmans

450 166 2059 156 nn alsedert eenighen rijdt advies hebbende van der

476 235 2138 170 van sock dat ue doorgaents uytstel vraeght om mijne

458 370 2160 155 getrockene astignarre te betaelen  soo ben daer vermyt

479 446 2035 160 in ten sijnder requarde endie doet mij andermael

476 532 2055 177 ue versoeken soo veel goetheyt te willen hebben

491 635 2024 176 van die te verheeren ende die te betaelen voor

504 741 1926 154 het resteerende en sal ick noeyt meer trecken

511 800 2014 177 oft sal ue te voeren daer van adverteeren ende

502 930 2002 127 kennisse geven. ick ben verwondert dat ue niet

466 1030 2074 146 dit laisben ende voorjaer niet eentover en coemt

514 1111 2023 152 men soude oordeelen datter ten minsten al ies

521 1188 1957 165 tot ue dienst soude voorvallen: ick hebbe seer

524 1259 2006 167 schoon geriet van alderhande nieuwe moede

505 1359 2083 181 couleuren ende versche goederen tot ue dienste

541 1455 2020 177 ick soude geerned onte kennisse onderhouden ende

482 1558 2072 147 vergrooten als diocceetie voor valt soo magh

505 1679 1980 122 ue verseekert wesen dat ick ue ten uytersten

525 1747 2014 165 gviel en goeden coop sal bedienen die blijve

1683 1831 794 156 adij 26 auri 1712

298 1863 872 169 Leyde Jacobus sebent

542 1948 1794 132 alhoe wel datue van de antwoort niet en hebbe ofp

542 2031 1943 100 mijnen lalsten van 31 passals soo can echter wel mercken

521 2105 1945 105 den selven ve het sijnen bijde wel is gessorden als oock

532 2187 1906 74 dat d'heer vande belde devoiren gedaen heeft den

540 2250 1988 94 requarde van laftr de bedere michilo benvens erm

525 2313 1926 98 d' heer holliy dienouet en ssas aen te lressen un kan

521 2388 1954 150 selfs is voor den dagh gecoemen ende presentaties acn

524 2456 1936 149 de sreditee gedan heeft le ieten datt sij un provisie

532 2522 2000 143 nelijck ƒ 377:3 hollants op rek soude aen veenden ende

549 2605 1969 147 segcht e maenst bber toekomende het testant het gene

524 2701 1947 125 haer hebbe aen geraeden op ders maniere als volghte

542 2745 1986 161 te reeten dat u heer hollie een assignatie van ƒ 173:3 jude

535 2857 2003 138 geven, op sicht ende het vertanst sende ƒ106: in hooet

539 2931 1926 138 soh d'heer hande helde op prims de lember te betaelen

534 3011 1934 112 suits die hier den selven gelieve te a ccessteren hij

537 3074 1875 133 heeft de prieven alsoo canform gemaeckt sijnde

537 3130 2003 172 gereeskentende beloeve daer boen de noodigh ordre te sscken

535 3228 2013 110 gende. ue die voor ten van jar de crediti vanssons

522 3295 1871 118 hier ingesloeten, met haer maem in blana op de

536 3352 1959 135 eenningen van. 137:3 in te voorderen ende den briefs

554 3421 1940 135 van 7 106 op mins chip te laeten aclepteeren ende

546 3499 2030 130 mij dan credet te senden swaer op 6 heer van ue anttwort

558 3546 1896 135 ben aflragtende als mede dat ul ben langen laesten

586 3655 1871 137 van fijn resterende laekens eens sal dissponeeren

2747 101 2303 85 Gans ick en treete niet wat 22 can oft magh noneeren

2836 173 2193 129 om die te laeten legghen het profijt gaet in datrest wegh

2833 260 2210 109 het fartiment hanceert en vervolgens en isser voor mij niets

2827 322 2218 94 van t2e debiteeren oock en soude ick niet geenne pen datte

2803 396 2150 131 difflulteyt oortiel dordien anse bereijders alhier quegtie

2805 467 2164 154 monene n en liettelijck die goederen t een en d'ander

2795 568 2230 138 uyt de ffaulen ichten als 62 bekent is aft waghtende

2800 617 2163 151 biijve met offers van mijnen dienst in alle voorballende

2796 728 381 146 pelassel

4254 787 767 164 adij 23 april 1712

2745 775 936 197 brussel michiels van Lahoor

2832 891 2215 154 ven verstondeert u2 de goetheyt niet en heeft mij te ageworden

2828 992 2222 101 op mijnen laesten. brief van 11 deser ende mij snnertolbrieef af

2825 1054 2228 129 te senden om het paske scheep te connen doen, ick en weete niet

2809 1144 2230 136 slat dencken oft mischien mijnen brief 88 niet enwaere behandigh

2832 1224 2185 124 tant ick hebbe te instantelijck versoecke om voor saterdigh

2825 1319 2157 96 12 tolbrief te moogen hebben oversulckx en gelieft niet te

2829 1365 2211 136 mankeeren, op dat ick tegens broonsdagh die magh beoemen

2830 1468 1244 158 of wagtende blijve in alle occasien

4154 1550 814 107 ady 2a april 1712

2752 1562 982 133 meschelen h C. fay d'herbe

2858 1604 2188 140 het t een eronderlijck sacke dat ick soo dich meels te noet aenmaenen

2846 1693 2170 119 en schrijven om mijn restantien dat de mij seuldigh is te becoemen het

2861 1765 2165 129 en bestaet in geen reden nochte conscientie dat 3 met mij soo handelt

2862 1851 2182 119 hat op soo een moniere moet  meet op den intrest verlietn

2857 1928 2121 125 alb dat aen op den intrest can winnen my hebbe altijts en un

2853 1989 2200 158 voor, soo langhe jaeren goedn vrinden gewert en kennisse onderhouden

2835 2069 2185 126 ick soude garne contiqueren oft ten minsten wult be niet meer

2846 2150 2180 147 met uy ugoteren laet ons vrinden seeyden want het waere mij

2841 2226 2196 134 lhet dat ick om soo een beghtalle soude moete questie moneeren

2843 2291 2185 158 in langen laesten terhoepe ick dan dat u5 eens sal antwworden

2853 2370 2178 141 ende loasidiratie ge brayken ende bfwaghtende bigne

4174 2454 792 129 adij 26 april 1712

2748 2487 881 160 Sonrmay simon donne

2872 2588 2099 145 Jay a repondre aux deux clures vres du 4 et du 22 mars

2882 2633 2094 142 ensuitte a la premiere jay negotie vre remise es change du r

2893 2718 2127 115 liddre froy terbeese van Crefildt solliciteut anilitaire a la flaye

2883 2772 2121 142 de six ans florins argent comt. d'ollande a 5 pr 0

2896 2839 2134 145 de perse et je vous en ait fait pon en compte £941:18 de

2869 2915 2168 169 change, pour les deux dernieres remises a charge du  ave

2894 2983 2154 143 clijes solliciieur mustaire & la ttaye comme ƒ300 et 180 ausomble

2881 3050 2172 151 680 aussij argent comt d'hllande je les ait negotie a 5 de perte

2893 3142 2138 119 il vous fart bon en compte lent et serve liares: resz eschelins

2892 3193 2114 138 hyt deyiers argent de change je dis £107: 15:8 faisant as

2886 3291 2130 101 deux sommes &asemble £20::11 8 de change il y a plu de

2904 3341 2095 152 debite net il fait en laulere emps par font il sant esperer

2906 3407 1940 173 par la grace du sergnetr, qu'il ira un jour milrre

2929 3457 2011 175 prinipalement si nous jaounous avoir ca paix dont les

2923 3533 2108 168 aparxile angnentent sons les jours je m'estoune quilne

2913 3615 2056 184 y ffae rien jusques a ient pour vre servile l'on
