5650 3895
822 62 2080 117 dans george bilbey il est estonnant quil n'est pas en

826 156 2096 133 cor arrivée N8 avec les draps gris reste done a

828 256 2082 152 Hulle pr un autre vaisseau je ne marque bien quil

808 362 2116 150 y a peu de negoce de vos quartiers sur la hollan

838 467 2090 137 de et a pays icy puis quil a presentement moins

856 579 2002 132 d'occastion et vaisseaux q'en temps de guerre

846 690 2060 125 tant sur oostende que sur Rotterdam je vs dit encor

852 792 2060 115 que jay examine touttes les bayes du ballot N41 mais

834 913 2072 116 que je ny jamais trouve les 2 N° de lamarque come

850 1022 2050 107 me les portij en compte pr vre derniere je vois que

848 1118 2046 125 me procurerez  pr de dosens de  3:8 a  4 come

864 1211 1996 128 je vs ayt ordonne ce quil est bien je remarque

854 1285 2071 160 que me chargerez en compte pr d 6 gros pr

876 1421 2024 128 verge et autre fois jamais plus que 5 pr vergesil

884 1523 1980 136 est aussy vray que je vs ayt ordonne de n'achepter

888 1617 1964 157 moindre qualité que de  3:10 a  4 mais dans

900 1711 2012 161 le ballot N6 il ny at aucune p° de  3:10 et touts

882 1839 2016 164 plus haut qui N4 cela ne me feroit de rien si la

888 1931 1974 178 qualité estoit a l'advenant mais cela je ne

904 2056 1984 179 trouve pas mais tout au contraire il faut que

906 2170 2014 167 tachez touijours a procurer de bonne qualité de draps

892 2273 1996 172 souble a la main et bien couvertes de laisnes et

916 2377 1980 168 dresse car il est tres difficul d'en faire presente

942 2491 1914 150 ment son argent l'on ne scay faire la valeur

858 2607 2008 148 de la marchandise il vs faut aussi avoir soing

920 2715 1926 142 quil y eut plus de vaisseau et plus frequentes

940 2821 1988 162 occasions pr ns faire tenir de vos marchandises

912 2929 2021 149 autrement il ira pir en pir au lieu de mieux

916 3030 2008 146 en mieux si ns pouvons avoir continuation

924 3134 2014 138 d'une paix et que le pays eut un peu de repos

916 3236 2012 152 il est assure quily aura plus de commerce

936 3347 1968 142 avec vs autres principalement s'il ny avoit

922 3471 2006 122 point tant de bradeurs de vos quartiers qui v

932 3577 1984 112 nent de plus en plus et ces sont les anglois mesme

916 3683 1980 112 qui  ruinnent de plus en plus ensurement le

3020 60 2208 83 negote de manufactures car ils vendent meillieur

3022 152 2204 83 marché leurs marchandises a nos chalands que ns

3028 241 2216 104 mesme ne les pouvons faire venir vs voyez que p

3044 345 2164 122 tire pui de bayes et carisces cest a raison que

3044 447 2160 120 je n'en puis pas faire la valeur je n'en pas

3008 545 2178 147 seray cette annee pr voir si elle ne dem

3036 639 2162 151 ront pas en prix pr l'année qui vienne je vs

3028 737 2200 170 remitte cy incluse  400 du 11 du court usences sur

3044 863 2172 176 Pedro henriqques si encor en 2 lettres come  220

3036 963 2172 196 et  180 je vs prie en procurer le necessaire et

3036 1109 1132 146 m'en crediter en compte

2980 1277 1252 106 Rotterdam D. verBurgh P.S.

3002 1425 2226 100 gelijck ue siet dat de negotie voor Engelandt meest

2998 1539 2168 88 over ostende gedreven wort voor dese landen

3000 1649 2236 104 soo waert al int rest te sorghen dat diergelijcke

3002 1765 2072 78 chichannes gelijck my in geschiet geaveert

3002 1869 2106 100 wirden ende ick ben verseekert dat in gevalle

3000 1979 1948 82 dheeren van de regeeringe a costy geliefden

3002 2091 2154 80 consideratie te gebruyken voor de verhooginge en

3002 2197 2016 84 2 prete extraordinaris belastinge dat een

2994 2301 2192 90 ider als voerens over hollandt soude passeeren

3026 2401 2124 92 dat wel de moeyte weert waere dat ue ende

2998 2503 1908 92 de voordere geintresseerdent daer inne

3010 2593 862 98 geliefde te wercken

4362 2722 622 102 28 augusty 1713

3020 2756 1156 74 Amsterdam Francois Rousseau

3076 2832 2116 77 ue aengenaeme van 21 en 24 court hebbe wel ontfange

3062 2924 2140 61 bij ue eersten adviseert ue in mij voor sijne  te hebben

3072 3007 2114 80 getrocken aen d'ordre Dhr jan  Bapt en Paulo Jacomo

3056 3089 2120 108 Cloots op  d sicht £700 die mij noch meer verthoont

3052 3197 2124 95 sijn voor coemende sal de selve verheeren ende  op

3064 3292 2106 103 sijne niet appaert voor debiteeren ende dae tegens

3070 3378 2108 117 crediteeren voor gelijcke somme van £700 die ue

3080 3471 2126 117 mij voor sijne reck remitteet op J: de wed Broeckman

3080 3558 2126 114 mijne schoonmoeder alhoewel tot 35  en 7 hier abor

3072 3642 2130 118 dantelijck hebbe connen terrecht coemen op londe

3064 3741 2118 108 soo sal de  ££ 400:- tot  35:2 £ 703:6:8 bancoin
