5583 3890
742 76 2185 158 wolle waem langer te maniineeren want daeren

744 146 1940 191 is geen mirest vant geldt in eer uyt te maeken

747 290 2045 133 hodt gelieve het aens te laeten veranderen en

762 356 2052 172 beteeren dat ue mede wensche als alle soorten

779 483 2085 176 van benedieie en contentement in dit begoune

660 584 1974 216 ns met veele volgende jaeren tot saligheydtst

646 695 2262 199 Brusselle Francois van de heck 1february 17

772 813 2128 225 het is mij leet geweestt dat mij osee laesteover

777 916 2112 199 coeme te saemen niets en hebbe gedaen ick

765 1028 2014 204 moch spatientie hebben en verrouwen det

773 1126 1962 226 het gadt sal believen met den genetaele

790 1215 2111 249 vildon de negotie te herstellijn ende meedse

786 1351 2033 206 couragie door goet vertier te verlenenn

797 1406 2115 284 ben altijts tot ue diensti en ue magh secke

811 1541 1990 219 wesen dat ue niement oyt beter coop al

813 1662 2078 208 ick en can bedienen oock dat ue vergens

813 1765 2075 273 beeter noch schonder gerief en sal vinden

803 1885 2122 251 met de provisie die men int vooriaer doen

805 1990 2013 220 moet soo can ue  doncken datter oocck

810 2115 2123 270 noodigh wesen ende vervolgens dat iet ome

698 2227 2248 250 ider can als ue mede tot assistenten versoeck

819 2339 1984 232 ende tot dien eynde  trecke alleen

769 2457 2012 212 ƒ300 op reck te betaelen aen dordre Dh

799 2561 2109 227 blaeter van Gock die ue geleeft te verheeren

802 2664 2136 207 verhoegiende dat ue bij het toecoemende sal

809 2786 2115 202 considereeren en en sien de consider a le du

800 2905 2133 182 tien regarde hebbe want op die manc

802 3011 2064 201 en ieser geenen intest bj de goederen te

791 3118 2117 204 maicke mits de toe waeters soo moete de

796 3223 2070 220 brieven p post senden ue groetende en

786 3351 2169 252 my in ue goedt genegenthyt recommanderer

781 3527 307 173 blijve

4338 77 907 169 1 februarj 1714

2996 47 1089 173 Brusselle Je haegens

3030 207 2310 183 Iek hebbe al ue resoltie verwacht noopen

2995 294 2325 178 de de traclen die aen is ue beminde iee sijn

3040 385 2222 212 de heobe terhant gestelt weest verseelant

3053 505 2290 241 dat die laecteens seer schoon en goeden coop

3040 628 2224 227 wesen ende vervolgens dat ue niet gslla

3049 763 2208 237 lijck can doen om sijn gereet daer uyt te

3060 897 2252 211 heeen hebbe voorders schoone partye van

3068 1030 2219 196 alderhande nieuwe moede ulr so

3047 1139 2231 303 pansche els genrste laeckens versch

3075 1294 2189 287 geeregewiste schoon geriet tot ue dienste

3095 1405 2172 245 nie vertroeuve dat ue voor den vasten al

3056 1516 2169 236 eens sal over coemen en wat noodith

3057 1639 2204 256 hebben ick sal mijn beste doen om ue

3056 1771 2245 269 naer ue contentement te gereeven want

3078 1895 2188 277 ick en desireeren niets als de negotie

3061 2021 2201 277 te saemen te moogen onderhouden inge

3052 2176 2198 257 valle het moogelijck is soo wenstewel ue

3728 2342 69 90 s

3059 2294 2129 234 mij het faveur dede van ƒ300 op reckte

3045 2418 2223 246 betaelen die aen d'ordre van Dh 20e 3ock

3056 2543 2131 209 sal trecken want het is ongelootbaer wat

3055 2642 2187 257 moeyte men heeft om eenigh gelt te ont

3042 2742 2201 270 fangen Godt selt met den generaelen n

3050 2867 2232 215 den sas ick vertrouwen eens laeten beeteren

3061 2984 2191 259 op dat wij te saemen wert meederen met

3035 3093 2231 222 meeder couragie doen moogen sijnde van

3053 3199 2065 276 herten als aen ue beminde en rancelie

4468 3340 682 191 3 sevreer 1714

3024 3374 1129 182 tournay simoi donnes

3047 3492 2170 186 pr l'honneurde la vre du rimier due c

3055 3596 2157 187 jevois q vs avez  4oo once de vos espece le

3026 3684 2048 139 quelles me ferez avoir a gand vs les forde

5306 2705 92 115 n

5338 2894 48 81 27di

5339 2968 61 122 t

5296 1657 136 162 con

5313 782 157 163 dn
