5364 3889
1804 44 481 128 15 flerr 17

404 75 870 143 Loede William Cockson

487 111 2223 206 Jay bien receu les 2 cheres vre du 16 et 27 daoust pr le dernier es

496 222 2175 133 vs me marquez qaurez soing pr mon ordre das drapsilt q

500 296 2213 133 vs les aurez preit pr le premiere ce q p seray biun auxe d'et

2597 356 97 89 2

501 366 2128 153 rendre et d'en voir les eschantillions pr les parter le

517 446 2177 140 du prix de 5 a 5:6 draps sir 12 ensemble avec p

502 542 2153 150 de carisse et les 2 ballots apros dans un grand balloten

533 602 2129 162 semble de m me q les  p du price de N4:6 a

524 664 2130 176 n'excedant pas outre procurez encor um billot de

540 746 2190 191 24 p pactee de la mismemaniere du prix de N3:10

538 864 2126 172 a 4 n'excedant pas les dras de N3 come ve

556 928 2148 177 voyce un ballot sont de trop moindre qualité jpsuis

569 1016 2141 144 aise de voir qve m'envoyerez de si belle couleures cesson

561 1092 2069 172 les bonnes couleures quilins sont vendre dans les der

554 1171 2184 173 niers bales N35 et 36 il ay a pas une bonne couleu

570 1262 2152 177 ne rien que me plaise le couleures tont tropbreez

569 1363 2098 131 et iaunes ayez bon soing pr le tout generalement

566 1433 2116 175 et qui les draps soient bien tondue et apressee et

555 1512 2126 176 souble a la main l'onne veu pas si durs et sa gros

563 1592 2138 184 seers jespere quely aura bien toit occas ion et convos

566 1710 2095 187 r rotterdem ofin q je les puis avoir avant l'hever

602 1818 2015 166 je ne veu point & chargez p costende cette route

595 1897 2068 152 ns feit tropgrand des avantage et vs faitte treal

590 1996 2071 152 de le faie p que q ie soit vs avez t ½ voit me dire a

592 2114 2003 146 n'aemez point de plaintes - vs un estez la cocuse

594 2217 2006 131 quent ie n'ay pount du s pnay garde d'en faire

580 2308 2142 123 mae de vrez estre houteur d'envoycer telle sorte de baye

593 2393 2122 122 a un de vos chalands je vs dit encor qeelles nen alle

597 2474 2082 115 rien et q je ne les saray penais debeter de mav

593 2579 2082 115 outre p pen suis seurfait je ne les veu point pr 40

602 2651 1999 91 car de maie ge n en a veu plus moindres ne nmi

590 2731 2020 104 misirable si javois eu de besles et bonnes bayes

606 2799 2020 119 come je les ay mande et attendue jen serois quit

605 2884 2051 109 et asteur personne neles vei voir ne en acrepte

590 2962 2156 131 vs avez beau a dire vs avez vre provision et vs evers

600 3035 2031 139 quil et may toutcela ma reste sur les bras vs devez

580 3122 2159 150 suiivre ar dre et ne m'envoyeer q ie q je me v de mard

588 3207 2131 139 de ny avez mes lettres et troiverez as avoir donnc de

592 3296 2149 138 byes superfinnes et touttes extraordinaires de 486d

594 3371 2136 139 ou y je n'en voulois point avoir attendant de vos nou

574 3437 610 123 velle je me det

570 3491 2174 179 pr ces 2 couleures je nen veu point du tout elles ne ralt

590 3601 1172 108 rien et ne son vendables p iey

580 3691 2157 110 ces eschantillions sont tris beaux suivez les bien je  des

583 3749 2139 99 tout frang, je m'enveurpoint d'autres couleures p refasse so

2820 0 2304 161 dy sevee vr savel n sfantasie es u onvoje misuetaie

2831 118 2218 109 joers des coulres q je ne vs demande pas N29 et N33

2826 204 2301 105 ont oste a peu pris ens aitte a mes eschant ille vs mai p

2813 260 1729 136 N 35 et 36 il ny a point de conparaison

4181 334 305 123 13 sber

2769 352 894 155 Rotterdam J: vanderheeden

2870 405 2221 152 ue aengenaeme van 23 augusty laest en 6 cours oble tsijnen tjde

2849 496 2267 120 wel ontfange ingerlyt doen eerste oc alle de pockens p ue 2 daer van

2818 572 2260 87 de st ieck daer onmargelijck t en can uyteremin priuipac

2846 646 2287 82 nopende de vrachte avarie en cony ron te ame ƒ454:16

2850 679 2245 166 daer particuuliere speerficatie van versoecte ats mede vande waer

2845 750 2288 198 dge der goederen men seght de angelsche schpen soo van hall

2859 823 2253 159 hermod sonde be voordaen sonder convoij sullen veeren ende

2841 936 2195 124 met transe passe voorsien wat daer aft ue oft niet can e

2862 958 2263 185 beter mij weten als wij alhier beddie dan an gaen e

2846 1083 2281 154 te onder rechte ende oft daer geen gevaer  en is om my

2844 1151 2253 144 en pre hereij daer maer te nemen daer legene  e tet

3041 1265 122 73 selte

2851 1229 2171 155 tell schepen adrosecie op eften en laedinge om alsoo

2862 1310 2227 177 met pos poort te vaeren de ingesloetene voor engelant recom

2844 1386 2276 169 mandeere prompt en peditie te geven alsoo mij daer wat veel

2862 1528 683 121 aengelegen is blijve

4127 1516 555 148 18 sber 1712

2779 1579 794 132 dournay e2 mon donné

2853 1551 2221 239 jJay bien reccu enson temps la chiere vre du 9 des iour et

2844 1670 2176 204 jay fait portir la marchandise ce matin pr land a

2837 1761 2295 176 l'ardrese d S:  Willoeg come n'ordonne dans

2826 1865 2157 153 ballot marque marque  8 quil y sera e soir pr la

2846 1944 2239 175 grace de Dieu en voyey la facture portant en argent

2838 2036 2258 173 de change ƒ1172:1½ pr ql le somme il as plaira mere

2846 2111 2263 164 diter et me cocamander librement en touttes occasions ie

2843 2222 2173 127 l'ayt experie pr charcest pais quel faudroit attordre

2834 2287 2160 123 trop lonoy temps pr battear car il sera bien samidy

2822 2360 2251 148 huit jours diveint quil y eurat occasion sclo jore

2826 2477 2203 125 suis ifome cyez q je mon ageray tous jours ves intress

2836 2520 2224 164 es je ne daerte nullement q n'aurez satisfaction de vois

2853 2598 2240 178 la merchandise q je vs envoe ca tout e a lea meard

2841 2704 2178 128 de considerent la consuncture de tenge p tuutteles

2843 2825 2156 90 mani asture haussent un srix et vs pouzvez eet re

2846 2884 2244 117 sure q vs ne les achpterre plus de vre vir si pres cd

2854 2967 2216 125 prisent car les lettres d'angliterre de jo en joier ne

2830 3080 2204 131 ron mention q le tout geneaelement hausse en rix

2843 3139 2136 143 jespere qus os l'honneur de vs voir apreslee

2823 3223 2239 118 am aque et q viendrez faire qulq bonnne provis can

2849 3330 2230 105 sar ley at a presentement du profis a faire entaut assue

2829 3394 2244 101 re q la paix est une affaire faitte et qusn airons plus

2846 3471 2236 106 de capaqne a sis cely iay les plus balles marchea

2856 3549 2220 111 dises et le plus beauxe assortiment jnen aelement de

2859 3620 2176 127 sorte que je n'ayt iu de ma vie ave service a

2837 3712 2241 96 beaux draps sientt vi d'angleterre bleu verde fane

2832 3795 2238 48 ace vore vosese  et p riste a l'advenant e le da
