5661 3880
665 46 2076 251 Brussel P van Roch Ady 19 Juli 1713

803 188 2022 198 ue aengenaeme van 12 courant hebbe wel

755 318 2047 171 ontfangen met de twee wisselbrieven op gras

780 467 2041 157 ett isna geaccepteert terugghe waeh voeren

772 599 1996 131 ue bedancke ingesloeten brief op ue van ƒ 573:

793 685 1937 200 wisselgelde die mij in rekeninge gelieve te

782 769 2089 196 passeeren en iets met advantagie voorvallende

751 913 2065 181 mij te willen remitteeren die blijve van herten

2018 1035 501 169 29 Jul 8 15

732 1056 995 166 Brusselle wed: Molllmans

814 1080 2075 276 Ick hebbe ue aengenaeme van 12 deser wel ontfan

813 1254 2022 190 met 2 briefkens door ue aen mijn ordre geaccep

839 1318 2045 237 teeft voormet import van het paxke baijen op

822 1431 2050 193 3 deser aen ue toegesonden ue neint den bij e

860 1531 2001 189 lanck die groeve goederen en connen den

851 1626 2028 221 trest niet leyden voor dese reyge sal ick pe

848 1716 1999 241 tientie nemen hoepende dat het ue in een

841 1836 1985 194 ander occasie sal in sien het is mij lief

863 1941 1988 231 dat due de bayen wel heeft ontfangn ue

864 2048 2005 221 man jaliger heeft die payen bj mij voorlede

887 2160 2006 230 Jack 12 onder deponde gecocht en ue weet wel

884 2262 2001 193 dat de goederen nu dierder wesen ick hebbe het

893 2383 1941 214 pack carseyen geopent die syn seer schoon

887 2478 1977 220 en goet tot ƒ29 sal ick ue 6 stucken senden

898 2593 1984 246 voor een preuve ingevalle het ue deliest op

907 2697 1987 193 condigie dat ue mij die contant soude betaelen

911 2800 1970 152 want aende carseyen en is niets te profite

924 2901 1970 206 ven ue soude my can tegens sate dagh den

917 2996 1463 208 tholbrief moeter senden blijve

730 3096 2131 251 Brusselle de wiseaer vanderborgh 19 July 1713

900 3237 1978 186 Jn gevolges: de we rocesseaiemn advseert

912 3318 1929 152 van ue te hebbe voor mij ne reck ontfange

888 3390 1994 215 ƒ500 wiss: soo hebbe ue dae voorens conforem

890 3490 1988 174 in rese gecrediteert sijnde ue van herte ver

877 3585 1992 201 sslicht en twifele niet oft de 2 laeste laecken

857 3679 2034 157 die het geluck gehadt hebbe am mons ue soon

2986 0 2197 169 te vercoopen  broeder

2996 87 2180 203 Jan mechiel wel hebben ontfange hieronder

3017 179 2156 232 sende ue daer van de facture bedraegende n

3013 299 2168 190 wiss ƒ 389:- ½ waer voorens mij gelieft te grede

3023 420 2142 197 teeren de penne couleure geperste laeken

3016 516 2152 182 waeronder e voor ue geteekent sijn met pagtije

3021 599 2137 225 andere goederen eyndelick godt doene geen

3013 700 2134 266 oveert verwachte de selve met grote hulne

3013 820 2167 265 in corte daegen hier ende sal die laeten sdaen

3029 936 2129 275 tot dat mons ue soon sal nedtcoemen dat

3028 1033 2146 305 wene int cort sal wesen soo hj mij geseyt

3022 1148 2126 254 heeft ick sal een ghael nieue en versch sor

3062 1262 2115 286 timent hebben van alderhande spaensche

3035 1371 2135 224 en generste laeckens van al demande prijsen

3041 1490 2142 252 ooc het schoonste winter goet dat ue noch

3040 1565 2090 333 sjn leven sal gesien hebben de goederen

3061 1728 2115 258 sij n wel wat deerder maer naer advenant

3018 1807 2156 255 veel beeter in qualitijt soo dat men het geen

3056 1921 2124 227 deeste en behoorde tenoemen ick hoepe dat het

3060 2034 2104 240 vertier considerabel tegens den wenter sal

3066 2163 2111 206 augmanteeren ende dat de ne gotie eenwat

3057 2274 2091 216 faveur sal nemen ick iecommandere mij

3045 2357 2102 252 imce goede ginste en weest wel versoekert

3059 2477 2066 222 dat ick voor ue doen sal wat menschende

3059 2547 2098 238 wesert soude connen doen ick bennwel ge

3085 2640 2059 235 perouadeert dat ue het soo moet ondervende

3081 2752 2073 174 neenschende ue lanck leven en voorspoet

3071 2847 2062 214 tot saligheyt blijve met minnelyck

3070 2923 2094 237 tenisses als aen ghael ue famullie uyt ter hette

4121 3094 940 228 Ad 20 Julii 173

2924 3089 995 231 Brussel wed: Dekens

2940 3268 2156 168 ue aengenaeme van 17 courant hebbe wel

2964 3362 2167 171 ontfangen net den brief door dh de meester van

2950 3467 2127 206 middelborgh ue geschreven nevens de rekeninge

2976 3630 2072 141 van vercoop van ue so p brandewijnen ende

2997 3695 2083 115 de remite op Dr Daniell de Licht op 2 a 3d
