5650 3895
766 39 2125 133 noch sal occasie hebben om op tijt met advance mij

785 139 2098 136 te connen remitteeren als het meer vas  ek

817 208 2072 166 enis en brieven van satiffactie doch op ende de

785 306 2108 204 selve persoonen en soecke nooote veel intrest

808 392 2056 172 te loopen ick can ue al tijts gelt tot brusel

806 482 2118 243 fournieren want niet ick inieffairen ben me

830 608 2084 175 dh francois Rousseau tot amsterdam soo doet p

836 706 2030 223 s: sijne moeder het plaiser van die remses

834 796 2073 253 oft brieven van hem coemende sonder prove

852 910 2066 200 sie in te voorderen ende daer can ick ae

863 1020 2041 263 altijts bewijsen bedancke ue voor de genoeme

881 1149 1926 225 moeyte van occeptatie te besorgen voort

871 1279 2039 204 briefken van ƒ 400 op gras en rema ingeshoet

870 1371 1931 257 op de selve alnoch t brieven waer van die

911 1484 1951 203 becoemen ingelijcke hebtende mij de selve

887 1598 1935 202 gelieft te gerloopeeren ende soo blijve van

847 1761 372 180 eeter

1934 1790 843 215 Ady 10 gber 173

724 1813 934 243 hendt  willoeg

853 1938 2061 211 ick dn twijfele niet oft mijnen van 8 courant

857 2076 1925 184 is ue well geworden oock achter volgens het

863 2202 2041 156 pack gemerckt LVW daer by vermeldt ende dat

831 2299 2098 189 den eygenaer s. livin watte cangs ue parsoncelick

866 2390 2038 170 sal hebben gesprocken ende de noodige ordre

864 2508 2036 168 gegeven onchet verder te depescheeren desen

837 2630 2059 191 tot advies dat aen ue geconsigneert heden

897 2740 1883 210 p waegens is vertrocken noch een pack

873 2845 2028 175 gemerckt: uB voor reken van tufe. de wedus

870 2953 2001 198 Brouta tot Doornick inhoudende 18 bayen

905 3078 1970 175 2 ft annellen, en 3 perpetuenen waer voor

909 3214 1965 176 gelieft de noodige sorghe te draeghen ende

885 3291 1930 175 haere ordre mede te volghen sijnde in

893 3428 760 157 alle occasien

4317 70 617 120 10 sber 1713

2982 44 943 181 Brusselle S de broer

3071 120 2180 234 dek verhoep het goet retour van me oufroues

3092 246 2145 187 ue beminde opt: rapport vant meyssc hebbe

3086 337 2182 223 Ick selfs de beayen die sij bij mij eytgeleedt hadde

3071 440 2150 243 op gepackt in plaets van bij th willens te

3082 531 2186 274 dragen ende ue gisteren met het beurtschip

3065 664 2155 290 afgesonden in een paxke gemerckt TVK aen

3097 751 2001 253 een voet deser de facture bedraegende in

3086 845 2110 277 wisselgelde ƒ waerroeten mij geleeft

3081 982 2144 291 te crediteeren ick verhoegpe datte mee wat

3102 1084 2184 275 debiet sal coemen ende dat ue met den

3088 1181 2109 318 ten een partijcken laeckens sal noodigh

3103 1273 2091 340 hebben waer van seer wel voorsee ben tot

3124 1423 2098 302 ue dienste ende dat van alle soorten en pr

3103 1515 2109 321 een oft ue noch van die fijne swaere baeyen

3122 1641 2075 322 beleefde hebbe daer van een patijchen en

3137 1759 2097 300 oock van die extraordinaire supe fijne

3109 1892 2076 311 van  36 van de selfse lenghde conde teer

3132 1999 2062 282 eueceuse colcheste bayen tot £11 nt stuck

3123 2101 2097 338 voorders geneme bayen van alle soorten

3121 2255 2045 314 ende saer nu caseyen soo schome

3127 2385 2033 251 als ue in antwerpen sal vinden blijve

3104 2527 1581 238 naermins aeme groet

4444 2613 547 171 11 sber 1713

2985 2668 1239 210 Rotterdam Diongs verburghe

3099 2776 2113 216 bejde ue mij aftijts aengenaenaeme van 29 pas

3113 2840 2083 178 en 8 die court hebbe wel ontfangen en gvol

3098 2952 2098 156 e den eersten van dagh tijt dagh verwallht dat

3072 3026 2077 184 tet eyndelijcke een seynde houde coemen van

3093 3102 2066 216 die malheureure affaires gelooft mj dat iet

3059 3222 2090 187 mij niet alleen chagre neert maer seerop

3073 3309 2089 223 pas cmt door dien van dat sortimentien

3069 3410 2109 237 beroeft ben daer het nu den steun is om die

3076 3491 2045 198 te connen debiteeren ick versoecke dan op

3060 3562 2216 229 al wat n op ue vermagh om daer een
