<?xml version="1.0" encoding="UTF-8"?>
<alto xmlns:xsi="http://www.w3.org/2001/XMLSchema-instance"
      xmlns="http://www.loc.gov/standards/alto/ns-v4#"
      xmlns:page="http://schema.primaresearch.org/PAGE/gts/pagecontent/2013-07-15"
      xsi:schemaLocation="http://www.loc.gov/standards/alto/ns-v4# https://www.loc.gov/standards/alto/v4/alto.xsd">
   <Description>
      <MeasurementUnit>pixel</MeasurementUnit>
      <OCRProcessing ID="IdOcr">
         <ocrProcessingStep>
            <processingDateTime>2022-02-11T21:31:49.39+01:00</processingDateTime>
            <processingSoftware>
               <softwareCreator>READ COOP</softwareCreator>
               <softwareName>Transkribus</softwareName>
            </processingSoftware>
         </ocrProcessingStep>
      </OCRProcessing>
   </Description>
   <Layout>
      <Page ID="Page1" PHYSICAL_IMG_NR="1" HEIGHT="3889" WIDTH="5420">
         <TopMargin HEIGHT="0" WIDTH="5420" VPOS="0" HPOS="0"/>
         <LeftMargin HEIGHT="3889" WIDTH="0" VPOS="0" HPOS="0"/>
         <RightMargin HEIGHT="3889" WIDTH="0" VPOS="0" HPOS="5420"/>
         <BottomMargin HEIGHT="0" WIDTH="5420" VPOS="3889" HPOS="0"/>
         <PrintSpace HEIGHT="3889" WIDTH="5420" VPOS="0" HPOS="0">
            <TextBlock ID="region_1637682456136_3971"
                       HEIGHT="3879"
                       WIDTH="2343"
                       VPOS="10"
                       HPOS="394">
               <Shape>
                  <Polygon POINTS="394,10 2737,10 2737,3889 394,3889"/>
               </Shape>
               <TextLine ID="region_1637682456136_3971l1"
                         BASELINE="564,140 671,138 778,138 885,136 992,132 1099,130 1206,126 1313,123 1420,120 1527,116 1635,112 1742,110 1849,108 1956,106 2063,104 2170,104 2277,104 2384,106 2491,109 2598,113 2706,120"
                         HEIGHT="107"
                         WIDTH="2172"
                         VPOS="37"
                         HPOS="549">
                  <String ID="string_region_1637682456136_3971l1"
                          HEIGHT="107"
                          WIDTH="2172"
                          VPOS="37"
                          HPOS="549"
                          CONTENT="die op eenige daegen op ue comoditijt gelieft te vetheeten "/>
               </TextLine>
               <TextLine ID="region_1637682456136_3971l2"
                         BASELINE="554,226 660,224 767,220 873,218 980,214 1087,210 1193,206 1300,203 1406,200 1513,197 1620,194 1726,192 1833,190 1939,188 2046,188 2153,186 2259,186 2366,188 2472,190 2579,192 2686,196"
                         HEIGHT="120"
                         WIDTH="2160"
                         VPOS="135"
                         HPOS="540">
                  <String ID="string_region_1637682456136_3971l2"
                          HEIGHT="120"
                          WIDTH="2160"
                          VPOS="135"
                          HPOS="540"
                          CONTENT="iets van ue dienst voorvallende re commandere mij in"/>
               </TextLine>
               <TextLine ID="region_1637682456136_3971l3"
                         BASELINE="574,308 681,305 788,302 895,298 1002,294 1110,292 1217,288 1324,286 1431,283 1538,280 1646,278 1753,276 1860,275 1967,274 2074,274 2182,274 2289,274 2396,275 2503,276 2610,280 2718,282"
                         HEIGHT="136"
                         WIDTH="2171"
                         VPOS="200"
                         HPOS="560">
                  <String ID="string_region_1637682456136_3971l3"
                          HEIGHT="136"
                          WIDTH="2171"
                          VPOS="200"
                          HPOS="560"
                          CONTENT="ue goeder genegentheyt weest verseekert dat ick in alle occa"/>
               </TextLine>
               <TextLine ID="region_1637682456136_3971l4"
                         BASELINE="582,396 686,394 790,390 894,388 998,384 1103,382 1207,378 1311,376 1415,374 1519,372 1624,370 1728,368 1832,368 1936,368 2040,369 2145,370 2249,372 2353,376 2457,380 2561,384 2666,390"
                         HEIGHT="98"
                         WIDTH="2112"
                         VPOS="314"
                         HPOS="567">
                  <String ID="string_region_1637682456136_3971l4"
                          HEIGHT="98"
                          WIDTH="2112"
                          VPOS="314"
                          HPOS="567"
                          CONTENT="sien alles sal doen wat mij moogelijck is om ue ceve"/>
               </TextLine>
               <TextLine ID="region_1637682456136_3971l5"
                         BASELINE="594,482 698,478 803,474 908,472 1013,468 1118,465 1222,462 1327,460 1432,456 1537,454 1642,454 1746,452 1851,452 1956,452 2061,454 2166,456 2270,458 2375,461 2480,465 2585,470 2690,476"
                         HEIGHT="152"
                         WIDTH="2124"
                         VPOS="373"
                         HPOS="581">
                  <String ID="string_region_1637682456136_3971l5"
                          HEIGHT="152"
                          WIDTH="2124"
                          VPOS="373"
                          HPOS="581"
                          CONTENT="en goeden coop te bedienen die naer sordiaele grocte"/>
               </TextLine>
               <TextLine ID="region_1637682456136_3971l6"
                         BASELINE="616,580 641,578 667,577 692,575 718,573 744,571 769,569 795,567 821,564 846,562 872,561 898,558 923,558 949,556 975,556 1000,554 1026,554 1052,556"
                         HEIGHT="122"
                         WIDTH="471"
                         VPOS="484"
                         HPOS="599">
                  <String ID="string_region_1637682456136_3971l6"
                          HEIGHT="122"
                          WIDTH="471"
                          VPOS="484"
                          HPOS="599"
                          CONTENT="netse blijve"/>
               </TextLine>
               <TextLine ID="region_1637682456136_3971l7"
                         BASELINE="1898,606 1924,606 1950,606 1976,606 2002,606 2028,606 2054,606 2080,605 2106,604 2132,604 2158,604 2184,603 2210,602 2236,602 2262,602 2288,602 2314,602 2340,602"
                         HEIGHT="154"
                         WIDTH="471"
                         VPOS="505"
                         HPOS="1884">
                  <String ID="string_region_1637682456136_3971l7"
                          HEIGHT="154"
                          WIDTH="471"
                          VPOS="505"
                          HPOS="1884"
                          CONTENT="3 sber 1712"/>
               </TextLine>
               <TextLine ID="region_1637682456136_3971l8"
                         BASELINE="466,690 510,686 554,681 598,677 642,674 687,669 731,667 775,664 819,662 863,658 908,656 952,655 996,653 1040,651 1084,648 1129,646 1173,644 1217,642 1261,639 1305,636 1350,634"
                         HEIGHT="154"
                         WIDTH="919"
                         VPOS="547"
                         HPOS="446">
                  <String ID="string_region_1637682456136_3971l8"
                          HEIGHT="154"
                          WIDTH="919"
                          VPOS="547"
                          HPOS="446"
                          CONTENT="Brusselle d van doch"/>
               </TextLine>
               <TextLine ID="region_1637682456136_3971l9"
                         BASELINE="608,740 713,740 819,736 924,734 1030,728 1136,724 1241,718 1347,712 1452,706 1558,702 1664,696 1769,692 1875,689 1980,686 2086,686 2192,686 2297,688 2403,694 2508,700 2614,708 2720,720"
                         HEIGHT="173"
                         WIDTH="2141"
                         VPOS="582"
                         HPOS="592">
                  <String ID="string_region_1637682456136_3971l9"
                          HEIGHT="173"
                          WIDTH="2141"
                          VPOS="582"
                          HPOS="592"
                          CONTENT="ue aengenaeme van 31 past hebbe wal ontfange wet "/>
               </TextLine>
               <TextLine ID="region_1637682456136_3971l10"
                         BASELINE="608,832 712,830 817,826 921,822 1026,818 1130,813 1235,807 1339,802 1444,797 1548,791 1653,786 1757,782 1862,779 1966,776 2071,774 2175,774 2280,776 2384,779 2489,783 2593,790 2698,798"
                         HEIGHT="135"
                         WIDTH="2118"
                         VPOS="729"
                         HPOS="593">
                  <String ID="string_region_1637682456136_3971l10"
                          HEIGHT="135"
                          WIDTH="2118"
                          VPOS="729"
                          HPOS="593"
                          CONTENT="remises van £400 op r Jacobus de Coninek a"/>
               </TextLine>
               <TextLine ID="region_1637682456136_3971l11"
                         BASELINE="630,914 729,914 828,914 927,911 1026,908 1126,904 1225,900 1324,894 1423,890 1522,885 1622,880 1721,875 1820,872 1919,868 2018,867 2118,866 2217,868 2316,870 2415,875 2514,882 2614,890"
                         HEIGHT="170"
                         WIDTH="2013"
                         VPOS="783"
                         HPOS="615">
                  <String ID="string_region_1637682456136_3971l11"
                          HEIGHT="170"
                          WIDTH="2013"
                          VPOS="783"
                          HPOS="615"
                          CONTENT="voor ue confoim hebbe gecrediteert van £398110"/>
               </TextLine>
               <TextLine ID="region_1637682456136_3971l12"
                         BASELINE="622,998 721,1000 821,1000 921,998 1021,996 1121,992 1221,987 1321,983 1421,978 1521,974 1621,970 1720,965 1820,962 1920,960 2020,958 2120,958 2220,958 2320,962 2420,965 2520,972 2620,980"
                         HEIGHT="161"
                         WIDTH="2028"
                         VPOS="870"
                         HPOS="608">
                  <String ID="string_region_1637682456136_3971l12"
                          HEIGHT="161"
                          WIDTH="2028"
                          VPOS="870"
                          HPOS="608"
                          CONTENT="ingesloten remittee ue als aen den voet deser waer"/>
               </TextLine>
               <TextLine ID="region_1637682456136_3971l13"
                         BASELINE="626,1084 727,1086 828,1086 930,1084 1031,1082 1133,1080 1234,1076 1335,1072 1437,1068 1538,1064 1640,1060 1741,1056 1842,1053 1944,1050 2045,1050 2147,1049 2248,1050 2349,1052 2451,1058 2552,1065 2654,1072"
                         HEIGHT="186"
                         WIDTH="2058"
                         VPOS="957"
                         HPOS="611">
                  <String ID="string_region_1637682456136_3971l13"
                          HEIGHT="186"
                          WIDTH="2058"
                          VPOS="957"
                          HPOS="611"
                          CONTENT="voor het noodigh gelieve te besorgen ende nqeve"/>
               </TextLine>
               <TextLine ID="region_1637682456136_3971l14"
                         BASELINE="628,1166 732,1170 836,1172 940,1172 1044,1171 1148,1169 1252,1166 1356,1163 1460,1160 1564,1156 1668,1154 1772,1150 1876,1148 1980,1146 2084,1146 2188,1148 2292,1150 2396,1153 2500,1160 2604,1168 2708,1178"
                         HEIGHT="155"
                         WIDTH="2110"
                         VPOS="1054"
                         HPOS="613">
                  <String ID="string_region_1637682456136_3971l14"
                          HEIGHT="155"
                          WIDTH="2110"
                          VPOS="1054"
                          HPOS="613"
                          CONTENT="pien sjnde mij en te crediteeren e commande"/>
               </TextLine>
               <TextLine ID="region_1637682456136_3971l15"
                         BASELINE="636,1250 740,1254 844,1256 948,1256 1052,1254 1157,1252 1261,1249 1365,1245 1469,1242 1573,1238 1678,1234 1782,1232 1886,1230 1990,1230 2094,1230 2199,1233 2303,1237 2407,1244 2511,1254 2615,1266 2720,1280"
                         HEIGHT="158"
                         WIDTH="2112"
                         VPOS="1148"
                         HPOS="621">
                  <String ID="string_region_1637682456136_3971l15"
                          HEIGHT="158"
                          WIDTH="2112"
                          VPOS="1148"
                          HPOS="621"
                          CONTENT="rende eens voor al als ue van mij eenige penninge"/>
               </TextLine>
               <TextLine ID="region_1637682456136_3971l16"
                         BASELINE="636,1344 737,1346 838,1348 939,1348 1040,1346 1142,1343 1243,1340 1344,1336 1445,1332 1546,1328 1648,1325 1749,1322 1850,1320 1951,1318 2052,1318 2154,1318 2255,1322 2356,1326 2457,1333 2558,1342 2660,1354"
                         HEIGHT="158"
                         WIDTH="2052"
                         VPOS="1242"
                         HPOS="622">
                  <String ID="string_region_1637682456136_3971l16"
                          HEIGHT="158"
                          WIDTH="2052"
                          VPOS="1242"
                          HPOS="622"
                          CONTENT="in casse heeft gelegentheyt waer te nemen ommet"/>
               </TextLine>
               <TextLine ID="region_1637682456136_3971l17"
                         BASELINE="652,1434 752,1438 853,1442 954,1442 1055,1442 1156,1440 1256,1439 1357,1436 1458,1434 1559,1430 1660,1426 1760,1423 1861,1420 1962,1418 2063,1418 2164,1418 2264,1420 2365,1423 2466,1428 2567,1435 2668,1444"
                         HEIGHT="110"
                         WIDTH="2043"
                         VPOS="1348"
                         HPOS="639">
                  <String ID="string_region_1637682456136_3971l17"
                          HEIGHT="110"
                          WIDTH="2043"
                          VPOS="1348"
                          HPOS="639"
                          CONTENT="avance my te connen remittere brieven op tyt"/>
               </TextLine>
               <TextLine ID="region_1637682456136_3971l18"
                         BASELINE="636,1522 741,1528 846,1530 951,1532 1056,1532 1161,1530 1266,1528 1371,1524 1476,1520 1581,1518 1686,1514 1791,1512 1896,1510 2001,1510 2106,1510 2211,1512 2316,1518 2421,1524 2526,1534 2631,1548 2736,1564"
                         HEIGHT="151"
                         WIDTH="2129"
                         VPOS="1421"
                         HPOS="622">
                  <String ID="string_region_1637682456136_3971l18"
                          HEIGHT="151"
                          WIDTH="2129"
                          VPOS="1421"
                          HPOS="622"
                          CONTENT="sullen mij altijts aennaem wesen als ie voor de selve"/>
               </TextLine>
               <TextLine ID="region_1637682456136_3971l19"
                         BASELINE="648,1624 751,1626 854,1628 957,1628 1060,1626 1163,1623 1266,1620 1369,1617 1472,1614 1575,1610 1678,1606 1781,1604 1884,1600 1987,1600 2090,1598 2193,1600 2296,1602 2399,1607 2502,1613 2605,1621 2708,1632"
                         HEIGHT="177"
                         WIDTH="2088"
                         VPOS="1521"
                         HPOS="633">
                  <String ID="string_region_1637682456136_3971l19"
                          HEIGHT="177"
                          WIDTH="2088"
                          VPOS="1521"
                          HPOS="633"
                          CONTENT="gelieft in te staen douse dan heeft mij geschreven dat "/>
               </TextLine>
               <TextLine ID="region_1637682456136_3971l20"
                         BASELINE="640,1720 742,1720 845,1720 947,1718 1050,1716 1152,1712 1255,1708 1357,1705 1460,1701 1562,1698 1665,1694 1767,1692 1870,1690 1972,1690 2075,1692 2177,1694 2280,1698 2382,1703 2485,1712 2587,1722 2690,1736"
                         HEIGHT="175"
                         WIDTH="2079"
                         VPOS="1606"
                         HPOS="625">
                  <String ID="string_region_1637682456136_3971l20"
                          HEIGHT="175"
                          WIDTH="2079"
                          VPOS="1606"
                          HPOS="625"
                          CONTENT="hij een stuck goet oft laecken vercocht heft end dat "/>
               </TextLine>
               <TextLine ID="region_1637682456136_3971l21"
                         BASELINE="624,1808 727,1810 831,1812 934,1812 1038,1810 1142,1806 1245,1802 1349,1798 1452,1794 1556,1790 1660,1787 1763,1784 1867,1782 1970,1780 2074,1780 2178,1783 2281,1787 2385,1794 2488,1802 2592,1814 2696,1828"
                         HEIGHT="168"
                         WIDTH="2099"
                         VPOS="1691"
                         HPOS="610">
                  <String ID="string_region_1637682456136_3971l21"
                          HEIGHT="168"
                          WIDTH="2099"
                          VPOS="1691"
                          HPOS="610"
                          CONTENT="hij de penninge ontfangende tegen deber de selve aen "/>
               </TextLine>
               <TextLine ID="region_1637682456136_3971l22"
                         BASELINE="644,1898 747,1900 851,1900 955,1900 1059,1899 1163,1898 1266,1896 1370,1894 1474,1892 1578,1890 1682,1889 1785,1888 1889,1888 1993,1888 2097,1890 2201,1893 2304,1898 2408,1904 2512,1911 2616,1920 2720,1930"
                         HEIGHT="176"
                         WIDTH="2103"
                         VPOS="1786"
                         HPOS="630">
                  <String ID="string_region_1637682456136_3971l22"
                          HEIGHT="176"
                          WIDTH="2103"
                          VPOS="1786"
                          HPOS="630"
                          CONTENT="ue voor mijne reck sal tellen waer op hem steden in"/>
               </TextLine>
               <TextLine ID="region_1637682456136_3971l23"
                         BASELINE="634,1984 733,1984 833,1984 933,1984 1033,1984 1133,1984 1233,1982 1333,1982 1433,1982 1533,1982 1633,1982 1732,1982 1832,1984 1932,1984 2032,1986 2132,1988 2232,1990 2332,1994 2432,1998 2532,2002 2632,2006"
                         HEIGHT="142"
                         WIDTH="2026"
                         VPOS="1893"
                         HPOS="621">
                  <String ID="string_region_1637682456136_3971l23"
                          HEIGHT="142"
                          WIDTH="2026"
                          VPOS="1893"
                          HPOS="621"
                          CONTENT="regoureuse terme antworde dat hij daer voor een "/>
               </TextLine>
               <TextLine ID="region_1637682456136_3971l24"
                         BASELINE="620,2086 725,2086 831,2084 937,2084 1043,2082 1149,2080 1254,2078 1360,2076 1466,2074 1572,2074 1678,2074 1783,2074 1889,2074 1995,2076 2101,2080 2207,2084 2312,2090 2418,2098 2524,2105 2630,2117 2736,2130"
                         HEIGHT="157"
                         WIDTH="2143"
                         VPOS="2007"
                         HPOS="607">
                  <String ID="string_region_1637682456136_3971l24"
                          HEIGHT="157"
                          WIDTH="2143"
                          VPOS="2007"
                          HPOS="607"
                          CONTENT="occeptatie van sijnen vrint soude trachten te becoemen"/>
               </TextLine>
               <TextLine ID="region_1637682456136_3971l25"
                         BASELINE="652,2182 755,2182 859,2182 963,2180 1067,2180 1171,2178 1274,2175 1378,2173 1482,2170 1586,2170 1690,2168 1793,2168 1897,2168 2001,2168 2105,2170 2209,2174 2312,2180 2416,2186 2520,2196 2624,2205 2728,2218"
                         HEIGHT="155"
                         WIDTH="2105"
                         VPOS="2110"
                         HPOS="638">
                  <String ID="string_region_1637682456136_3971l25"
                          HEIGHT="155"
                          WIDTH="2105"
                          VPOS="2110"
                          HPOS="638"
                          CONTENT="ende aen ue voor mijne reck endorseere ftwel dien"/>
               </TextLine>
               <TextLine ID="region_1637682456136_3971l26"
                         BASELINE="644,2274 748,2276 852,2276 956,2274 1060,2272 1164,2270 1268,2266 1372,2264 1476,2260 1580,2258 1684,2256 1788,2254 1892,2254 1996,2256 2100,2258 2204,2261 2308,2266 2412,2276 2516,2285 2620,2299 2724,2314"
                         HEIGHT="158"
                         WIDTH="2109"
                         VPOS="2175"
                         HPOS="629">
                  <String ID="string_region_1637682456136_3971l26"
                          HEIGHT="158"
                          WIDTH="2109"
                          VPOS="2175"
                          HPOS="629"
                          CONTENT="persoen niet willende bij ue te brengen ende atu"/>
               </TextLine>
               <TextLine ID="region_1637682456136_3971l27"
                         BASELINE="668,2352 768,2355 868,2358 968,2358 1068,2358 1168,2356 1268,2354 1368,2352 1468,2350 1568,2347 1668,2344 1768,2342 1868,2342 1968,2340 2068,2342 2168,2344 2268,2348 2368,2352 2468,2360 2568,2370 2668,2382"
                         HEIGHT="109"
                         WIDTH="2028"
                         VPOS="2281"
                         HPOS="653">
                  <String ID="string_region_1637682456136_3971l27"
                          HEIGHT="109"
                          WIDTH="2028"
                          VPOS="2281"
                          HPOS="653"
                          CONTENT="tie te geven dat hij de nenninge aen ue teutijde"/>
               </TextLine>
               <TextLine ID="region_1637682456136_3971l28"
                         BASELINE="656,2450 759,2452 863,2452 967,2450 1071,2448 1175,2446 1278,2442 1382,2439 1486,2436 1590,2432 1694,2429 1797,2426 1901,2425 2005,2424 2109,2426 2213,2429 2316,2434 2420,2440 2524,2448 2628,2460 2732,2474"
                         HEIGHT="166"
                         WIDTH="2104"
                         VPOS="2348"
                         HPOS="642">
                  <String ID="string_region_1637682456136_3971l28"
                          HEIGHT="166"
                          WIDTH="2104"
                          VPOS="2348"
                          HPOS="642"
                          CONTENT="sal tellen oft bij faute dat ick ten laesten dan ager"/>
               </TextLine>
               <TextLine ID="region_1637682456136_3971l29"
                         BASELINE="664,2534 765,2536 866,2537 968,2536 1069,2536 1171,2534 1272,2532 1373,2528 1475,2526 1576,2522 1678,2520 1779,2518 1880,2516 1982,2516 2083,2516 2185,2520 2286,2524 2387,2529 2489,2537 2590,2547 2692,2560"
                         HEIGHT="131"
                         WIDTH="2056"
                         VPOS="2444"
                         HPOS="649">
                  <String ID="string_region_1637682456136_3971l29"
                          HEIGHT="131"
                          WIDTH="2056"
                          VPOS="2444"
                          HPOS="649"
                          CONTENT="want mij dunckt ingevalle hij gepraemt wirde met"/>
               </TextLine>
               <TextLine ID="region_1637682456136_3971l30"
                         BASELINE="668,2632 771,2632 874,2630 978,2629 1081,2628 1185,2624 1288,2621 1391,2618 1495,2616 1598,2612 1702,2610 1805,2608 1908,2608 2012,2608 2115,2610 2219,2612 2322,2617 2425,2624 2529,2632 2632,2644 2736,2656"
                         HEIGHT="140"
                         WIDTH="2096"
                         VPOS="2536"
                         HPOS="654">
                  <String ID="string_region_1637682456136_3971l30"
                          HEIGHT="140"
                          WIDTH="2096"
                          VPOS="2536"
                          HPOS="654"
                          CONTENT="den rechte datter beter mede soude connen oms prinque"/>
               </TextLine>
               <TextLine ID="region_1637682456136_3971l31"
                         BASELINE="654,2732 752,2729 850,2726 948,2722 1046,2719 1145,2715 1243,2712 1341,2708 1439,2706 1537,2704 1636,2702 1734,2700 1832,2700 1930,2700 2028,2701 2127,2703 2225,2706 2323,2710 2421,2715 2519,2722 2618,2730"
                         HEIGHT="140"
                         WIDTH="1993"
                         VPOS="2616"
                         HPOS="639">
                  <String ID="string_region_1637682456136_3971l31"
                          HEIGHT="140"
                          WIDTH="1993"
                          VPOS="2616"
                          HPOS="639"
                          CONTENT="hij en sal sijnen post vanden dwingh huyse niet"/>
               </TextLine>
               <TextLine ID="region_1637682456136_3971l32"
                         BASELINE="660,2832 763,2830 867,2828 970,2826 1074,2822 1178,2820 1281,2816 1385,2813 1488,2810 1592,2808 1696,2804 1799,2804 1903,2802 2006,2802 2110,2802 2214,2804 2317,2808 2421,2812 2524,2817 2628,2826 2732,2834"
                         HEIGHT="139"
                         WIDTH="2102"
                         VPOS="2722"
                         HPOS="645">
                  <String ID="string_region_1637682456136_3971l32"
                          HEIGHT="139"
                          WIDTH="2102"
                          VPOS="2722"
                          HPOS="645"
                          CONTENT="licht a bandonneren ende met goetheyt en sal van hem"/>
               </TextLine>
               <TextLine ID="region_1637682456136_3971l33"
                         BASELINE="682,2916 780,2913 879,2910 978,2906 1077,2902 1176,2900 1275,2896 1374,2894 1473,2892 1572,2890 1671,2888 1769,2888 1868,2888 1967,2888 2066,2888 2165,2890 2264,2893 2363,2897 2462,2900 2561,2906 2660,2912"
                         HEIGHT="98"
                         WIDTH="2006"
                         VPOS="2845"
                         HPOS="668">
                  <String ID="string_region_1637682456136_3971l33"
                          HEIGHT="98"
                          WIDTH="2006"
                          VPOS="2845"
                          HPOS="668"
                          CONTENT="niet te becoemen wesen afwachtende wat hijnu sal"/>
               </TextLine>
               <TextLine ID="region_1637682456136_3971l34"
                         BASELINE="648,3008 751,3006 854,3002 958,2999 1061,2995 1165,2992 1268,2989 1371,2986 1475,2982 1578,2980 1682,2978 1785,2976 1888,2974 1992,2974 2095,2976 2199,2976 2302,2980 2405,2984 2509,2988 2612,2995 2716,3004"
                         HEIGHT="126"
                         WIDTH="2099"
                         VPOS="2906"
                         HPOS="632">
                  <String ID="string_region_1637682456136_3971l34"
                          HEIGHT="126"
                          WIDTH="2099"
                          VPOS="2906"
                          HPOS="632"
                          CONTENT="resolveeren sal ick het eenige daegen aenien ende den"/>
               </TextLine>
               <TextLine ID="region_1637682456136_3971l35"
                         BASELINE="664,3088 766,3088 869,3088 971,3086 1074,3083 1177,3080 1279,3078 1382,3074 1484,3072 1587,3068 1690,3066 1792,3064 1895,3064 1997,3062 2100,3064 2203,3066 2305,3070 2408,3074 2510,3082 2613,3090 2716,3100"
                         HEIGHT="130"
                         WIDTH="2079"
                         VPOS="3006"
                         HPOS="651">
                  <String ID="string_region_1637682456136_3971l35"
                          HEIGHT="130"
                          WIDTH="2079"
                          VPOS="3006"
                          HPOS="651"
                          CONTENT="de libertyt te nemen ue tot dien eynde eens moyenij"/>
               </TextLine>
               <TextLine ID="region_1637682456136_3971l36"
                         BASELINE="664,3180 767,3182 870,3180 973,3178 1076,3176 1179,3172 1282,3168 1385,3164 1488,3160 1591,3156 1694,3153 1797,3150 1900,3150 2003,3150 2106,3150 2209,3154 2312,3158 2415,3165 2518,3176 2621,3189 2724,3204"
                         HEIGHT="152"
                         WIDTH="2087"
                         VPOS="3075"
                         HPOS="650">
                  <String ID="string_region_1637682456136_3971l36"
                          HEIGHT="152"
                          WIDTH="2087"
                          VPOS="3075"
                          HPOS="650"
                          CONTENT="te vallen die blijve in alle occasien als en  ue ben"/>
               </TextLine>
               <TextLine ID="region_1637682456136_3971l37"
                         BASELINE="590,3264 660,3262 730,3260 800,3258 870,3256 941,3255 1011,3254 1081,3252 1151,3250 1221,3250 1292,3248 1362,3248 1432,3246 1502,3246 1572,3246 1643,3246 1713,3246 1783,3246 1853,3246 1923,3246 1994,3246"
                         HEIGHT="152"
                         WIDTH="1435"
                         VPOS="3160"
                         HPOS="574">
                  <String ID="string_region_1637682456136_3971l37"
                          HEIGHT="152"
                          WIDTH="1435"
                          VPOS="3160"
                          HPOS="574"
                          CONTENT="op p christiaen segers wess op secht"/>
               </TextLine>
               <TextLine ID="region_1637682456136_3971l38"
                         BASELINE="2486,3312 2512,3310 2538,3313 2564,3314 2591,3316 2617,3319 2643,3322 2670,3324"
                         HEIGHT="125"
                         WIDTH="220"
                         VPOS="3217"
                         HPOS="2472">
                  <String ID="string_region_1637682456136_3971l38"
                          HEIGHT="125"
                          WIDTH="220"
                          VPOS="3217"
                          HPOS="2472"
                          CONTENT="a 39„"/>
               </TextLine>
               <TextLine ID="region_1637682456136_3971l39"
                         BASELINE="594,3328 668,3328 743,3328 817,3326 892,3326 966,3326 1041,3326 1115,3326 1190,3324 1264,3325 1339,3326 1413,3326 1488,3326 1562,3326 1637,3326 1711,3328 1786,3328 1860,3328 1935,3328 2009,3330 2084,3330"
                         HEIGHT="131"
                         WIDTH="1520"
                         VPOS="3249"
                         HPOS="579">
                  <String ID="string_region_1637682456136_3971l39"
                          HEIGHT="131"
                          WIDTH="1520"
                          VPOS="3249"
                          HPOS="579"
                          CONTENT="op S Parolus lindekens assignatie van -"/>
               </TextLine>
               <TextLine ID="region_1637682456136_3971l40"
                         BASELINE="2416,3366 2436,3366"
                         HEIGHT="81"
                         WIDTH="47"
                         VPOS="3305"
                         HPOS="2403">
                  <String ID="string_region_1637682456136_3971l40"
                          HEIGHT="81"
                          WIDTH="47"
                          VPOS="3305"
                          HPOS="2403"
                          CONTENT=""/>
               </TextLine>
               <TextLine ID="region_1637682456136_3971l41"
                         BASELINE="2564,3378 2592,3381 2620,3384 2649,3388 2677,3390 2705,3392 2734,3392"
                         HEIGHT="114"
                         WIDTH="201"
                         VPOS="3309"
                         HPOS="2550">
                  <String ID="string_region_1637682456136_3971l41"
                          HEIGHT="114"
                          WIDTH="201"
                          VPOS="3309"
                          HPOS="2550"
                          CONTENT="69 Worp"/>
               </TextLine>
               <TextLine ID="region_1637682456136_3971l42"
                         BASELINE="588,3416 682,3414 777,3414 872,3412 966,3410 1061,3410 1156,3409 1250,3408 1345,3408 1440,3408 1535,3410 1629,3410 1724,3412 1819,3414 1913,3416 2008,3418 2103,3422 2197,3427 2292,3432 2387,3437 2482,3444"
                         HEIGHT="112"
                         WIDTH="1923"
                         VPOS="3363"
                         HPOS="573">
                  <String ID="string_region_1637682456136_3971l42"
                          HEIGHT="112"
                          WIDTH="1923"
                          VPOS="3363"
                          HPOS="573"
                          CONTENT="op den rentneester der wat brussel mijne quittantie"/>
               </TextLine>
               <TextLine ID="region_1637682456136_3971l43"
                         BASELINE="624,3490 686,3492 749,3492 811,3493 874,3494 937,3494 999,3494 1062,3492 1124,3492 1187,3492 1250,3492 1312,3492 1375,3492 1437,3492 1500,3494 1563,3494 1625,3496 1688,3496 1750,3498 1813,3500 1876,3504"
                         HEIGHT="156"
                         WIDTH="1280"
                         VPOS="3406"
                         HPOS="610">
                  <String ID="string_region_1637682456136_3971l43"
                          HEIGHT="156"
                          WIDTH="1280"
                          VPOS="3406"
                          HPOS="610"
                          CONTENT="sender rente court gelde  ƒ 112"/>
               </TextLine>
               <TextLine ID="region_1637682456136_3971l44"
                         BASELINE="2514,3534 2541,3531 2568,3530 2595,3528 2622,3530"
                         HEIGHT="113"
                         WIDTH="140"
                         VPOS="3438"
                         HPOS="2497">
                  <String ID="string_region_1637682456136_3971l44"
                          HEIGHT="113"
                          WIDTH="140"
                          VPOS="3438"
                          HPOS="2497"
                          CONTENT="16"/>
               </TextLine>
               <TextLine ID="region_1637682456136_3971l45"
                         BASELINE="490,3590 527,3586 564,3582 601,3579 638,3576 676,3575 713,3572 750,3571 787,3570 824,3568 862,3568 899,3568 936,3568 973,3567 1010,3566 1048,3566 1085,3568 1122,3568 1159,3568 1196,3568 1234,3566"
                         HEIGHT="148"
                         WIDTH="776"
                         VPOS="3469"
                         HPOS="473">
                  <String ID="string_region_1637682456136_3971l45"
                          HEIGHT="148"
                          WIDTH="776"
                          VPOS="3469"
                          HPOS="473"
                          CONTENT="Brusselles Joseph ververs"/>
               </TextLine>
               <TextLine ID="region_1637682456136_3971l46"
                         BASELINE="1664,3590 1689,3588 1715,3586 1741,3586 1766,3584 1792,3584 1818,3584 1844,3584 1869,3584 1895,3584 1921,3585 1947,3586 1972,3589 1998,3591 2024,3594 2050,3596"
                         HEIGHT="84"
                         WIDTH="414"
                         VPOS="3526"
                         HPOS="1651">
                  <String ID="string_region_1637682456136_3971l46"
                          HEIGHT="84"
                          WIDTH="414"
                          VPOS="3526"
                          HPOS="1651"
                          CONTENT="9 sber 1712"/>
               </TextLine>
               <TextLine ID="region_1637682456136_3971l47"
                         BASELINE="2356,3596 2382,3597 2408,3598 2435,3598 2461,3598 2488,3598 2514,3598 2541,3598 2567,3597 2593,3596 2620,3596 2646,3596 2673,3594 2699,3594 2726,3594"
                         HEIGHT="135"
                         WIDTH="398"
                         VPOS="3497"
                         HPOS="2342">
                  <String ID="string_region_1637682456136_3971l47"
                          HEIGHT="135"
                          WIDTH="398"
                          VPOS="3497"
                          HPOS="2342"
                          CONTENT=" 126:30:1"/>
               </TextLine>
               <TextLine ID="region_1637682456136_3971l48"
                         BASELINE="600,3646 706,3644 812,3642 918,3640 1024,3639 1131,3638 1237,3638 1343,3638 1449,3638 1555,3638 1662,3640 1768,3642 1874,3646 1980,3648 2086,3652 2193,3657 2299,3663 2405,3670 2511,3676 2617,3684 2724,3692"
                         HEIGHT="118"
                         WIDTH="2152"
                         VPOS="3591"
                         HPOS="586">
                  <String ID="string_region_1637682456136_3971l48"
                          HEIGHT="118"
                          WIDTH="2152"
                          VPOS="3591"
                          HPOS="586"
                          CONTENT="sedert dat ue laest hier geweesrt is hebbe door continnelle belee"/>
               </TextLine>
               <TextLine ID="region_1637682456136_3971l49"
                         BASELINE="600,3722 704,3716 809,3712 914,3708 1019,3706 1124,3704 1229,3702 1334,3702 1439,3700 1544,3702 1649,3702 1753,3704 1858,3706 1963,3709 2068,3713 2173,3718 2278,3722 2383,3728 2488,3733 2593,3740 2698,3746"
                         HEIGHT="102"
                         WIDTH="2127"
                         VPOS="3665"
                         HPOS="587">
                  <String ID="string_region_1637682456136_3971l49"
                          HEIGHT="102"
                          WIDTH="2127"
                          VPOS="3665"
                          HPOS="587"
                          CONTENT="niet corder aen ue ordre connen voldoen nochte de r cout"/>
               </TextLine>
               <TextLine ID="region_1637682456136_3971l50"
                         BASELINE="594,3804 700,3798 806,3794 912,3790 1018,3788 1124,3784 1230,3782 1336,3782 1442,3780 1548,3780 1654,3782 1760,3783 1866,3786 1972,3788 2078,3792 2184,3797 2290,3802 2396,3808 2502,3815 2608,3823 2714,3832"
                         HEIGHT="148"
                         WIDTH="2149"
                         VPOS="3698"
                         HPOS="579">
                  <String ID="string_region_1637682456136_3971l50"
                          HEIGHT="148"
                          WIDTH="2149"
                          VPOS="3698"
                          HPOS="579"
                          CONTENT="sende die ue nu hier ingesloeten heeft bedraegende het gene "/>
               </TextLine>
            </TextBlock>
            <TextBlock ID="region_1637682460544_3974"
                       HEIGHT="3868"
                       WIDTH="2353"
                       VPOS="10"
                       HPOS="2789">
               <Shape>
                  <Polygon POINTS="2789,10 5142,10 5142,3878 2789,3878"/>
               </Shape>
               <TextLine ID="region_1637682460544_3974l1"
                         BASELINE="2910,112 3018,106 3127,102 3236,100 3344,98 3453,98 3562,98 3670,98 3779,100 3888,102 3997,104 4105,106 4214,110 4323,112 4431,116 4540,118 4649,121 4757,123 4866,125 4975,126 5084,126"
                         HEIGHT="87"
                         WIDTH="2203"
                         VPOS="72"
                         HPOS="2895">
                  <String ID="string_region_1637682460544_3974l1"
                          HEIGHT="87"
                          WIDTH="2203"
                          VPOS="72"
                          HPOS="2895"
                          CONTENT="mij bj de selve tot saldo te goet comt £443:7:3 vlaems wissel"/>
               </TextLine>
               <TextLine ID="region_1637682460544_3974l2"
                         BASELINE="2916,198 3026,196 3136,194 3247,192 3357,192 3468,190 3578,190 3688,188 3799,188 3909,188 4020,190 4130,190 4240,192 4351,194 4461,196 4572,200 4682,204 4792,208 4903,215 5013,221 5124,228"
                         HEIGHT="139"
                         WIDTH="2239"
                         VPOS="128"
                         HPOS="2900">
                  <String ID="string_region_1637682460544_3974l2"
                          HEIGHT="139"
                          WIDTH="2239"
                          VPOS="128"
                          HPOS="2900"
                          CONTENT="gelde daer in begripen het parljeker van 8 bayen ue 5 sbe"/>
               </TextLine>
               <TextLine ID="region_1637682460544_3974l3"
                         BASELINE="2926,286 3031,284 3137,284 3243,282 3349,279 3455,278 3561,276 3667,274 3773,272 3879,270 3985,270 4090,270 4196,270 4302,272 4408,273 4514,276 4620,280 4726,286 4832,292 4938,301 5044,310"
                         HEIGHT="179"
                         WIDTH="2145"
                         VPOS="177"
                         HPOS="2913">
                  <String ID="string_region_1637682460544_3974l3"
                          HEIGHT="179"
                          WIDTH="2145"
                          VPOS="177"
                          HPOS="2913"
                          CONTENT="gesonden volgens de facture heer onder ick en twijfele"/>
               </TextLine>
               <TextLine ID="region_1637682460544_3974l4"
                         BASELINE="2916,388 3026,383 3136,380 3246,376 3357,372 3467,368 3577,364 3688,362 3798,358 3908,358 4019,356 4129,356 4239,358 4349,360 4460,364 4570,368 4680,373 4791,380 4901,390 5011,399 5122,412"
                         HEIGHT="196"
                         WIDTH="2235"
                         VPOS="264"
                         HPOS="2901">
                  <String ID="string_region_1637682460544_3974l4"
                          HEIGHT="196"
                          WIDTH="2235"
                          VPOS="264"
                          HPOS="2901"
                          CONTENT="niet oft ue sal alles d'accort bevindes ick sal de £48:7:4"/>
               </TextLine>
               <TextLine ID="region_1637682460544_3974l5"
                         BASELINE="2922,478 3031,476 3141,472 3250,470 3360,466 3470,462 3579,458 3689,454 3798,452 3908,448 4018,446 4127,444 4237,444 4346,444 4456,445 4566,448 4675,452 4785,457 4894,465 5004,475 5114,486"
                         HEIGHT="192"
                         WIDTH="2221"
                         VPOS="352"
                         HPOS="2908">
                  <String ID="string_region_1637682460544_3974l5"
                          HEIGHT="192"
                          WIDTH="2221"
                          VPOS="352"
                          HPOS="2908"
                          CONTENT="op ue trecken aen d'ordre h peeter van jock ende geleft"/>
               </TextLine>
               <TextLine ID="region_1637682460544_3974l6"
                         BASELINE="2934,572 3043,570 3152,568 3262,564 3371,560 3481,556 3590,551 3699,548 3809,544 3918,540 4028,536 4137,534 4246,534 4356,534 4465,536 4575,540 4684,545 4793,552 4903,561 5012,573 5122,588"
                         HEIGHT="167"
                         WIDTH="2216"
                         VPOS="436"
                         HPOS="2919">
                  <String ID="string_region_1637682460544_3974l6"
                          HEIGHT="167"
                          WIDTH="2216"
                          VPOS="436"
                          HPOS="2919"
                          CONTENT="mij den voor de £400 brufkens te maecken ende toet "/>
               </TextLine>
               <TextLine ID="region_1637682460544_3974l7"
                         BASELINE="2930,662 3038,664 3147,662 3255,660 3364,657 3472,653 3581,649 3689,644 3798,639 3906,634 4015,630 4123,626 4232,624 4340,622 4449,622 4557,624 4666,628 4774,634 4883,641 4991,652 5100,664"
                         HEIGHT="162"
                         WIDTH="2199"
                         VPOS="528"
                         HPOS="2914">
                  <String ID="string_region_1637682460544_3974l7"
                          HEIGHT="162"
                          WIDTH="2199"
                          VPOS="528"
                          HPOS="2914"
                          CONTENT="sende soo als ue mij belooft hieft in a jaeren en hebben"/>
               </TextLine>
               <TextLine ID="region_1637682460544_3974l8"
                         BASELINE="2932,756 3038,754 3145,752 3252,748 3359,744 3466,740 3573,736 3680,732 3787,728 3894,724 4001,720 4107,716 4214,714 4321,714 4428,714 4535,714 4642,718 4749,722 4856,728 4963,737 5070,748"
                         HEIGHT="146"
                         WIDTH="2168"
                         VPOS="625"
                         HPOS="2916">
                  <String ID="string_region_1637682460544_3974l8"
                          HEIGHT="146"
                          WIDTH="2168"
                          VPOS="625"
                          HPOS="2916"
                          CONTENT="en de saemen niets gedaen ick verhope dat het bij"/>
               </TextLine>
               <TextLine ID="region_1637682460544_3974l9"
                         BASELINE="2938,854 3045,852 3153,848 3261,844 3369,838 3477,833 3585,828 3693,823 3801,820 3909,815 4017,812 4124,808 4232,806 4340,806 4448,806 4556,808 4664,810 4772,815 4880,821 4988,828 5096,838"
                         HEIGHT="172"
                         WIDTH="2188"
                         VPOS="702"
                         HPOS="2922">
                  <String ID="string_region_1637682460544_3974l9"
                          HEIGHT="172"
                          WIDTH="2188"
                          VPOS="702"
                          HPOS="2922"
                          CONTENT="het toecoemende beeter sal wesen ende dat ick meer "/>
               </TextLine>
               <TextLine ID="region_1637682460544_3974l10"
                         BASELINE="2926,956 3031,952 3136,948 3242,945 3347,942 3453,936 3558,933 3663,928 3769,925 3874,922 3980,918 4085,916 4190,912 4296,910 4401,910 4507,908 4612,908 4717,910 4823,911 4928,914 5034,918"
                         HEIGHT="206"
                         WIDTH="2137"
                         VPOS="801"
                         HPOS="2910">
                  <String ID="string_region_1637682460544_3974l10"
                          HEIGHT="206"
                          WIDTH="2137"
                          VPOS="801"
                          HPOS="2910"
                          CONTENT="veer bij ue sal vinden e verseckennde dat ick "/>
               </TextLine>
               <TextLine ID="region_1637682460544_3974l11"
                         BASELINE="2932,1032 3041,1036 3150,1038 3259,1038 3369,1036 3478,1034 3587,1031 3697,1026 3806,1022 3915,1018 4025,1014 4134,1008 4243,1004 4352,1001 4462,999 4571,998 4680,998 4790,1000 4899,1003 5008,1009 5118,1016"
                         HEIGHT="133"
                         WIDTH="2213"
                         VPOS="927"
                         HPOS="2919">
                  <String ID="string_region_1637682460544_3974l11"
                          HEIGHT="133"
                          WIDTH="2213"
                          VPOS="927"
                          HPOS="2919"
                          CONTENT="us in alle ocessien soo wel ende soo goede coop"/>
               </TextLine>
               <TextLine ID="region_1637682460544_3974l12"
                         BASELINE="2938,1142 3047,1140 3156,1137 3265,1134 3374,1129 3483,1126 3592,1121 3701,1116 3810,1112 3919,1108 4028,1104 4137,1100 4246,1097 4355,1094 4464,1092 4573,1090 4682,1090 4791,1090 4900,1091 5009,1094 5118,1098"
                         HEIGHT="176"
                         WIDTH="2211"
                         VPOS="1009"
                         HPOS="2922">
                  <String ID="string_region_1637682460544_3974l12"
                          HEIGHT="176"
                          WIDTH="2211"
                          VPOS="1009"
                          HPOS="2922"
                          CONTENT="als iemant sal bedienen ende naer cordiaele groe"/>
               </TextLine>
               <TextLine ID="region_1637682460544_3974l13"
                         BASELINE="2938,1246 3044,1246 3150,1244 3256,1242 3362,1238 3469,1232 3575,1228 3681,1222 3787,1215 3893,1210 4000,1204 4106,1199 4212,1194 4318,1190 4424,1188 4531,1188 4637,1188 4743,1190 4849,1194 4955,1201 5062,1210"
                         HEIGHT="217"
                         WIDTH="2156"
                         VPOS="1095"
                         HPOS="2921">
                  <String ID="string_region_1637682460544_3974l13"
                          HEIGHT="217"
                          WIDTH="2156"
                          VPOS="1095"
                          HPOS="2921"
                          CONTENT="eenisse als aens: ue bemende ende suste soo blijve"/>
               </TextLine>
               <TextLine ID="region_1637682460544_3974l14"
                         BASELINE="4264,1306 4289,1306 4315,1304 4341,1304 4367,1304 4392,1302 4418,1302 4444,1303 4470,1304 4496,1304 4521,1304 4547,1305 4573,1306 4599,1307 4624,1308 4650,1309 4676,1311 4702,1314 4728,1314"
                         HEIGHT="133"
                         WIDTH="493"
                         VPOS="1212"
                         HPOS="4250">
                  <String ID="string_region_1637682460544_3974l14"
                          HEIGHT="133"
                          WIDTH="493"
                          VPOS="1212"
                          HPOS="4250"
                          CONTENT="10 gber 1712"/>
               </TextLine>
               <TextLine ID="region_1637682460544_3974l15"
                         BASELINE="2882,1338 2925,1338 2968,1336 3011,1336 3054,1334 3097,1334 3140,1332 3183,1330 3226,1328 3269,1326 3312,1324 3355,1322 3398,1320 3441,1318 3484,1317 3527,1316 3570,1316 3613,1314 3656,1314 3699,1314 3742,1316"
                         HEIGHT="135"
                         WIDTH="891"
                         VPOS="1240"
                         HPOS="2865">
                  <String ID="string_region_1637682460544_3974l15"
                          HEIGHT="135"
                          WIDTH="891"
                          VPOS="1240"
                          HPOS="2865"
                          CONTENT="Londen Livinar de dopen"/>
               </TextLine>
               <TextLine ID="region_1637682460544_3974l16"
                         BASELINE="2948,1410 3055,1410 3163,1410 3270,1410 3378,1412 3486,1412 3593,1412 3701,1414 3808,1414 3916,1414 4024,1416 4131,1416 4239,1417 4346,1418 4454,1418 4562,1418 4669,1418 4777,1418 4884,1418 4992,1418 5100,1418"
                         HEIGHT="149"
                         WIDTH="2179"
                         VPOS="1317"
                         HPOS="2935">
                  <String ID="string_region_1637682460544_3974l16"
                          HEIGHT="149"
                          WIDTH="2179"
                          VPOS="1317"
                          HPOS="2935"
                          CONTENT="nuttegens aende ue op 17 en 18 pass largoe hebbe gerschreve"/>
               </TextLine>
               <TextLine ID="region_1637682460544_3974l17"
                         BASELINE="2916,1492 3025,1492 3134,1492 3243,1492 3352,1491 3462,1490 3571,1490 3680,1490 3789,1490 3898,1489 4008,1488 4117,1490 4226,1490 4335,1490 4444,1492 4554,1494 4663,1496 4772,1498 4881,1500 4990,1504 5100,1508"
                         HEIGHT="122"
                         WIDTH="2213"
                         VPOS="1414"
                         HPOS="2901">
                  <String ID="string_region_1637682460544_3974l17"
                          HEIGHT="122"
                          WIDTH="2213"
                          VPOS="1414"
                          HPOS="2901"
                          CONTENT="die niet en twijffele oft sijn beyde ue het sijnen sij de geweet"/>
               </TextLine>
               <TextLine ID="region_1637682460544_3974l18"
                         BASELINE="2916,1570 3023,1574 3130,1574 3238,1576 3345,1576 3453,1576 3560,1576 3667,1574 3775,1574 3882,1572 3990,1570 4097,1570 4204,1568 4312,1568 4419,1566 4527,1566 4634,1568 4741,1568 4849,1570 4956,1572 5064,1576"
                         HEIGHT="114"
                         WIDTH="2177"
                         VPOS="1513"
                         HPOS="2902">
                  <String ID="string_region_1637682460544_3974l18"
                          HEIGHT="114"
                          WIDTH="2177"
                          VPOS="1513"
                          HPOS="2902"
                          CONTENT="den soo ben verwondert dien aengaende geen antwoert te "/>
               </TextLine>
               <TextLine ID="region_1637682460544_3974l19"
                         BASELINE="2924,1660 3033,1662 3142,1664 3251,1664 3360,1664 3469,1664 3578,1662 3687,1662 3796,1659 3905,1658 4014,1656 4123,1654 4232,1652 4341,1650 4450,1650 4559,1650 4668,1650 4777,1652 4886,1654 4995,1657 5104,1662"
                         HEIGHT="133"
                         WIDTH="2207"
                         VPOS="1588"
                         HPOS="2910">
                  <String ID="string_region_1637682460544_3974l19"
                          HEIGHT="133"
                          WIDTH="2207"
                          VPOS="1588"
                          HPOS="2910"
                          CONTENT="becoemen om te weten ot ue ijn ordre eyndelijck va"/>
               </TextLine>
               <TextLine ID="region_1637682460544_3974l20"
                         BASELINE="2922,1758 3028,1756 3135,1754 3242,1752 3349,1752 3456,1750 3562,1748 3669,1747 3776,1746 3883,1744 3990,1744 4096,1742 4203,1742 4310,1740 4417,1740 4524,1740 4630,1738 4737,1738 4844,1738 4951,1738 5058,1738"
                         HEIGHT="151"
                         WIDTH="2163"
                         VPOS="1660"
                         HPOS="2908">
                  <String ID="string_region_1637682460544_3974l20"
                          HEIGHT="151"
                          WIDTH="2163"
                          VPOS="1660"
                          HPOS="2908"
                          CONTENT="despainsche laeckens volbracht heeft bidde geen tijt te "/>
               </TextLine>
               <TextLine ID="region_1637682460544_3974l21"
                         BASELINE="2928,1854 3037,1854 3146,1852 3255,1852 3364,1848 3473,1847 3582,1844 3691,1841 3800,1838 3909,1834 4019,1831 4128,1828 4237,1825 4346,1822 4455,1820 4564,1818 4673,1816 4782,1814 4891,1814 5000,1814 5110,1814"
                         HEIGHT="117"
                         WIDTH="2210"
                         VPOS="1745"
                         HPOS="2914">
                  <String ID="string_region_1637682460544_3974l21"
                          HEIGHT="117"
                          WIDTH="2210"
                          VPOS="1745"
                          HPOS="2914"
                          CONTENT="versseynen om die op te packen soo als ue geonden "/>
               </TextLine>
               <TextLine ID="region_1637682460544_3974l22"
                         BASELINE="2914,1948 3018,1948 3123,1950 3228,1950 3333,1948 3438,1946 3542,1944 3647,1941 3752,1936 3857,1934 3962,1930 4066,1925 4171,1922 4276,1918 4381,1914 4486,1911 4590,1908 4695,1906 4800,1904 4905,1904 5010,1904"
                         HEIGHT="177"
                         WIDTH="2128"
                         VPOS="1824"
                         HPOS="2897">
                  <String ID="string_region_1637682460544_3974l22"
                          HEIGHT="177"
                          WIDTH="2128"
                          VPOS="1824"
                          HPOS="2897"
                          CONTENT="neet hebbe ende na rosterdam aftescvpen doet het "/>
               </TextLine>
               <TextLine ID="region_1637682460544_3974l23"
                         BASELINE="2930,2034 3039,2036 3148,2036 3257,2036 3366,2034 3476,2033 3585,2030 3694,2028 3803,2026 3912,2022 4022,2019 4131,2016 4240,2014 4349,2011 4458,2009 4568,2008 4677,2007 4786,2008 4895,2008 5004,2010 5114,2014"
                         HEIGHT="179"
                         WIDTH="2210"
                         VPOS="1871"
                         HPOS="2917">
                  <String ID="string_region_1637682460544_3974l23"
                          HEIGHT="179"
                          WIDTH="2210"
                          VPOS="1871"
                          HPOS="2917"
                          CONTENT="connosse mert amu ordre maecken ende gelieft dat "/>
               </TextLine>
               <TextLine ID="region_1637682460544_3974l24"
                         BASELINE="2932,2120 3042,2122 3152,2122 3262,2120 3372,2120 3482,2118 3592,2114 3702,2112 3812,2110 3922,2108 4032,2104 4142,2102 4252,2102 4362,2100 4472,2100 4582,2100 4692,2102 4802,2106 4912,2110 5022,2116 5132,2122"
                         HEIGHT="138"
                         WIDTH="2228"
                         VPOS="2017"
                         HPOS="2918">
                  <String ID="string_region_1637682460544_3974l24"
                          HEIGHT="138"
                          WIDTH="2228"
                          VPOS="2017"
                          HPOS="2918"
                          CONTENT="my te endorseeren ende het selfde neens startureen "/>
               </TextLine>
               <TextLine ID="region_1637682460544_3974l25"
                         BASELINE="2922,2220 3030,2220 3139,2220 3247,2218 3356,2216 3465,2214 3573,2212 3682,2210 3790,2206 3899,2204 4008,2202 4116,2200 4225,2198 4333,2196 4442,2194 4551,2194 4659,2194 4768,2194 4876,2196 4985,2198 5094,2202"
                         HEIGHT="164"
                         WIDTH="2200"
                         VPOS="2103"
                         HPOS="2908">
                  <String ID="string_region_1637682460544_3974l25"
                          HEIGHT="164"
                          WIDTH="2200"
                          VPOS="2103"
                          HPOS="2908"
                          CONTENT="staele soo haest moogelijck afte senden verhape dat ue "/>
               </TextLine>
               <TextLine ID="region_1637682460544_3974l26"
                         BASELINE="2934,2312 3042,2312 3150,2312 3259,2312 3367,2310 3476,2308 3584,2305 3692,2302 3801,2300 3909,2296 4018,2294 4126,2291 4234,2288 4343,2286 4451,2286 4560,2284 4668,2286 4776,2286 4885,2289 4993,2293 5102,2298"
                         HEIGHT="178"
                         WIDTH="2198"
                         VPOS="2208"
                         HPOS="2918">
                  <String ID="string_region_1637682460544_3974l26"
                          HEIGHT="178"
                          WIDTH="2198"
                          VPOS="2208"
                          HPOS="2918"
                          CONTENT="mede mijn gaen intrest in de voorgaende perlamentaere"/>
               </TextLine>
               <TextLine ID="region_1637682460544_3974l27"
                         BASELINE="2932,2414 3038,2409 3144,2404 3250,2400 3356,2396 3462,2394 3568,2390 3674,2388 3780,2386 3886,2384 3993,2382 4099,2382 4205,2382 4311,2382 4417,2383 4523,2384 4629,2387 4735,2390 4841,2394 4947,2398 5054,2404"
                         HEIGHT="121"
                         WIDTH="2149"
                         VPOS="2308"
                         HPOS="2918">
                  <String ID="string_region_1637682460544_3974l27"
                          HEIGHT="121"
                          WIDTH="2149"
                          VPOS="2308"
                          HPOS="2918"
                          CONTENT="ootterije vervaleen ot mechiet laest int cort sultbeso"/>
               </TextLine>
               <TextLine ID="region_1637682460544_3974l28"
                         BASELINE="2914,2504 3017,2500 3120,2496 3224,2491 3327,2488 3431,2482 3534,2478 3637,2476 3741,2472 3844,2470 3948,2468 4051,2466 4154,2466 4258,2466 4361,2466 4465,2468 4568,2470 4671,2474 4775,2479 4878,2484 4982,2490"
                         HEIGHT="126"
                         WIDTH="2098"
                         VPOS="2385"
                         HPOS="2899">
                  <String ID="string_region_1637682460544_3974l28"
                          HEIGHT="126"
                          WIDTH="2098"
                          VPOS="2385"
                          HPOS="2899"
                          CONTENT="n dat mij mede gelieft te adviseerenende soo blijve "/>
               </TextLine>
               <TextLine ID="region_1637682460544_3974l29"
                         BASELINE="4462,2556 4488,2556 4514,2556 4540,2556 4566,2558 4592,2558 4618,2559 4644,2560 4670,2560 4696,2562 4722,2563 4748,2564 4774,2565 4800,2566 4826,2566 4852,2568 4878,2568 4904,2568 4930,2568 4956,2568"
                         HEIGHT="149"
                         WIDTH="525"
                         VPOS="2478"
                         HPOS="4448">
                  <String ID="string_region_1637682460544_3974l29"
                          HEIGHT="149"
                          WIDTH="525"
                          VPOS="2478"
                          HPOS="4448"
                          CONTENT="10 gber 171"/>
               </TextLine>
               <TextLine ID="region_1637682460544_3974l30"
                         BASELINE="2840,2604 2900,2602 2961,2600 3022,2598 3083,2594 3144,2593 3205,2590 3266,2588 3327,2586 3388,2584 3449,2582 3509,2580 3570,2578 3631,2576 3692,2574 3753,2572 3814,2572 3875,2571 3936,2570 3997,2570 4058,2570"
                         HEIGHT="153"
                         WIDTH="1246"
                         VPOS="2483"
                         HPOS="2825">
                  <String ID="string_region_1637682460544_3974l30"
                          HEIGHT="153"
                          WIDTH="1246"
                          VPOS="2483"
                          HPOS="2825"
                          CONTENT="Amsterdam francois rousseau"/>
               </TextLine>
               <TextLine ID="region_1637682460544_3974l31"
                         BASELINE="2908,2698 3015,2690 3122,2682 3229,2676 3336,2671 3444,2667 3551,2664 3658,2662 3765,2662 3872,2662 3980,2662 4087,2664 4194,2665 4301,2668 4408,2670 4516,2672 4623,2676 4730,2679 4837,2684 4944,2686 5052,2690"
                         HEIGHT="167"
                         WIDTH="2170"
                         VPOS="2585"
                         HPOS="2895">
                  <String ID="string_region_1637682460544_3974l31"
                          HEIGHT="167"
                          WIDTH="2170"
                          VPOS="2585"
                          HPOS="2895"
                          CONTENT="beyde ue angenaeme van 19 sber en 7 cour hebbe wel"/>
               </TextLine>
               <TextLine ID="region_1637682460544_3974l32"
                         BASELINE="2926,2776 3032,2772 3138,2769 3244,2766 3350,2762 3456,2759 3562,2756 3668,2754 3774,2750 3880,2748 3986,2746 4092,2744 4198,2742 4304,2742 4410,2742 4516,2742 4622,2744 4728,2748 4834,2751 4940,2755 5046,2762"
                         HEIGHT="129"
                         WIDTH="2149"
                         VPOS="2674"
                         HPOS="2911">
                  <String ID="string_region_1637682460544_3974l32"
                          HEIGHT="129"
                          WIDTH="2149"
                          VPOS="2674"
                          HPOS="2911"
                          CONTENT="ontfange ick ben met alle mijn herte genegen om met "/>
               </TextLine>
               <TextLine ID="region_1637682460544_3974l33"
                         BASELINE="2932,2850 3039,2848 3146,2846 3253,2844 3360,2840 3468,2838 3575,2836 3682,2834 3789,2832 3896,2830 4004,2828 4111,2828 4218,2828 4325,2828 4432,2829 4540,2831 4647,2834 4754,2838 4861,2842 4968,2850 5076,2856"
                         HEIGHT="150"
                         WIDTH="2174"
                         VPOS="2748"
                         HPOS="2917">
                  <String ID="string_region_1637682460544_3974l33"
                          HEIGHT="150"
                          WIDTH="2174"
                          VPOS="2748"
                          HPOS="2917"
                          CONTENT="ue te handelen en wat negotie te quiken maer schrijven "/>
               </TextLine>
               <TextLine ID="region_1637682460544_3974l34"
                         BASELINE="2936,2936 3043,2936 3150,2934 3258,2933 3365,2932 3473,2930 3580,2927 3687,2924 3795,2923 3902,2922 4010,2920 4117,2918 4224,2918 4332,2918 4439,2920 4547,2922 4654,2925 4761,2929 4869,2933 4976,2941 5084,2950"
                         HEIGHT="139"
                         WIDTH="2176"
                         VPOS="2829"
                         HPOS="2922">
                  <String ID="string_region_1637682460544_3974l34"
                          HEIGHT="139"
                          WIDTH="2176"
                          VPOS="2829"
                          HPOS="2922"
                          CONTENT="en vrijver ende ue proisie te laeten verdienen souder"/>
               </TextLine>
               <TextLine ID="region_1637682460544_3974l35"
                         BASELINE="2962,3018 3064,3018 3166,3018 3269,3018 3371,3016 3474,3014 3576,3012 3678,3010 3781,3008 3883,3006 3986,3004 4088,3003 4190,3002 4293,3002 4395,3004 4498,3005 4600,3008 4702,3012 4805,3017 4907,3025 5010,3034"
                         HEIGHT="108"
                         WIDTH="2076"
                         VPOS="2926"
                         HPOS="2948">
                  <String ID="string_region_1637682460544_3974l35"
                          HEIGHT="108"
                          WIDTH="2076"
                          VPOS="2926"
                          HPOS="2948"
                          CONTENT="vruchtens voor mij en can immers niet wesen 2 pre"/>
               </TextLine>
               <TextLine ID="region_1637682460544_3974l36"
                         BASELINE="2940,3098 3047,3098 3154,3098 3261,3098 3368,3096 3476,3095 3583,3094 3690,3092 3797,3090 3904,3088 4012,3086 4119,3086 4226,3086 4333,3087 4440,3090 4548,3092 4655,3098 4762,3104 4869,3112 4976,3123 5084,3134"
                         HEIGHT="161"
                         WIDTH="2174"
                         VPOS="3004"
                         HPOS="2925">
                  <String ID="string_region_1637682460544_3974l36"
                          HEIGHT="161"
                          WIDTH="2174"
                          VPOS="3004"
                          HPOS="2925"
                          CONTENT="sonder cortagie en brief porten is te veel ende beswaert"/>
               </TextLine>
               <TextLine ID="region_1637682460544_3974l37"
                         BASELINE="2942,3184 3047,3186 3153,3186 3259,3186 3364,3186 3470,3186 3576,3184 3681,3182 3787,3182 3893,3180 3999,3178 4104,3178 4210,3178 4316,3178 4421,3179 4527,3180 4633,3184 4738,3188 4844,3193 4950,3200 5056,3208"
                         HEIGHT="132"
                         WIDTH="2140"
                         VPOS="3086"
                         HPOS="2929">
                  <String ID="string_region_1637682460544_3974l37"
                          HEIGHT="132"
                          WIDTH="2140"
                          VPOS="3086"
                          HPOS="2929"
                          CONTENT="te sterck veele bedienen tot ½ p nstaende ende daer"/>
               </TextLine>
               <TextLine ID="region_1637682460544_3974l38"
                         BASELINE="2940,3264 3046,3266 3153,3268 3259,3268 3366,3268 3473,3268 3579,3268 3686,3268 3792,3268 3899,3266 4006,3266 4112,3266 4219,3266 4325,3266 4432,3266 4539,3268 4645,3270 4752,3273 4858,3278 4965,3282 5072,3288"
                         HEIGHT="128"
                         WIDTH="2162"
                         VPOS="3192"
                         HPOS="2925">
                  <String ID="string_region_1637682460544_3974l38"
                          HEIGHT="128"
                          WIDTH="2162"
                          VPOS="3192"
                          HPOS="2925"
                          CONTENT="onder beurepen de boven semelde oncosten want als "/>
               </TextLine>
               <TextLine ID="region_1637682460544_3974l39"
                         BASELINE="2834,3352 2945,3352 3057,3352 3169,3352 3280,3350 3392,3350 3504,3350 3615,3350 3727,3350 3839,3350 3951,3350 4062,3350 4174,3350 4286,3352 4397,3352 4509,3354 4621,3356 4732,3358 4844,3361 4956,3364 5068,3368"
                         HEIGHT="105"
                         WIDTH="2263"
                         VPOS="3278"
                         HPOS="2819">
                  <String ID="string_region_1637682460544_3974l39"
                          HEIGHT="105"
                          WIDTH="2263"
                          VPOS="3278"
                          HPOS="2819"
                          CONTENT="de voor gaende partijen op london door ue mij geonde"/>
               </TextLine>
               <TextLine ID="region_1637682460544_3974l40"
                         BASELINE="2950,3442 3053,3442 3156,3442 3259,3441 3362,3440 3465,3440 3568,3438 3671,3438 3774,3438 3877,3436 3981,3436 4084,3436 4187,3436 4290,3436 4393,3438 4496,3438 4599,3440 4702,3442 4805,3444 4908,3448 5012,3450"
                         HEIGHT="131"
                         WIDTH="2090"
                         VPOS="3349"
                         HPOS="2937">
                  <String ID="string_region_1637682460544_3974l40"
                          HEIGHT="131"
                          WIDTH="2090"
                          VPOS="3349"
                          HPOS="2937"
                          CONTENT="wel inseen soo costen die mij soo veel als ick alhier de"/>
               </TextLine>
               <TextLine ID="region_1637682460544_3974l41"
                         BASELINE="2938,3532 3041,3530 3145,3528 3249,3528 3353,3526 3457,3524 3560,3523 3664,3522 3768,3520 3872,3520 3976,3518 4079,3518 4183,3518 4287,3518 4391,3518 4495,3518 4598,3520 4702,3522 4806,3524 4910,3526 5014,3530"
                         HEIGHT="107"
                         WIDTH="2104"
                         VPOS="3456"
                         HPOS="2925">
                  <String ID="string_region_1637682460544_3974l41"
                          HEIGHT="107"
                          WIDTH="2104"
                          VPOS="3456"
                          HPOS="2925"
                          CONTENT="selfde soude hebbe connen afgiven door gaents hebbe ick"/>
               </TextLine>
               <TextLine ID="region_1637682460544_3974l42"
                         BASELINE="2916,3616 3021,3616 3127,3614 3233,3612 3339,3612 3445,3610 3550,3608 3656,3608 3762,3606 3868,3606 3974,3606 4079,3606 4185,3606 4291,3606 4397,3606 4503,3608 4608,3608 4714,3610 4820,3612 4926,3615 5032,3618"
                         HEIGHT="97"
                         WIDTH="2146"
                         VPOS="3535"
                         HPOS="2901">
                  <String ID="string_region_1637682460544_3974l42"
                          HEIGHT="97"
                          WIDTH="2146"
                          VPOS="3535"
                          HPOS="2901"
                          CONTENT="brieven op londen noodigh sijnde derrewaerts mij ne"/>
               </TextLine>
               <TextLine ID="region_1637682460544_3974l43"
                         BASELINE="2924,3694 3031,3696 3138,3696 3245,3694 3352,3694 3460,3694 3567,3692 3674,3692 3781,3690 3888,3690 3996,3688 4103,3688 4210,3688 4317,3688 4424,3688 4532,3690 4639,3690 4746,3692 4853,3694 4960,3698 5068,3702"
                         HEIGHT="119"
                         WIDTH="2171"
                         VPOS="3634"
                         HPOS="2911">
                  <String ID="string_region_1637682460544_3974l43"
                          HEIGHT="119"
                          WIDTH="2171"
                          VPOS="3634"
                          HPOS="2911"
                          CONTENT="meester a ffairens gelegen doch sien dat aen soo lanck also"/>
               </TextLine>
               <TextLine ID="region_1637682460544_3974l44"
                         BASELINE="2914,3772 3018,3770 3122,3768 3227,3766 3331,3765 3436,3764 3540,3762 3644,3760 3749,3758 3853,3758 3958,3756 4062,3756 4166,3756 4271,3756 4375,3756 4480,3756 4584,3758 4688,3758 4793,3760 4897,3764 5002,3766"
                         HEIGHT="88"
                         WIDTH="2115"
                         VPOS="3723"
                         HPOS="2901">
                  <String ID="string_region_1637682460544_3974l44"
                          HEIGHT="88"
                          WIDTH="2115"
                          VPOS="3723"
                          HPOS="2901"
                          CONTENT="mij moogelijck sal wes en om de hoggewis sel die niet "/>
               </TextLine>
               <TextLine ID="region_1637682460544_3974l45"
                         BASELINE="4646,3832 4672,3832 4698,3832 4724,3832 4750,3832 4776,3832 4802,3832 4828,3832 4855,3832 4881,3832 4907,3832 4933,3832 4959,3832 4985,3830 5011,3830 5038,3830"
                         HEIGHT="80"
                         WIDTH="419"
                         VPOS="3761"
                         HPOS="4632">
                  <String ID="string_region_1637682460544_3974l45"
                          HEIGHT="80"
                          WIDTH="419"
                          VPOS="3761"
                          HPOS="4632"
                          CONTENT="orrsdl "/>
               </TextLine>
               <TextLine ID="region_1637682460544_3974l46"
                         BASELINE="2938,3836 3011,3838 3085,3838 3159,3838 3233,3836 3307,3836 3381,3836 3455,3834 3529,3834 3603,3832 3677,3832 3750,3832 3824,3830 3898,3830 3972,3830 4046,3830 4120,3830 4194,3832 4268,3834 4342,3835 4416,3838"
                         HEIGHT="64"
                         WIDTH="1506"
                         VPOS="3779"
                         HPOS="2924">
                  <String ID="string_region_1637682460544_3974l46"
                          HEIGHT="64"
                          WIDTH="1506"
                          VPOS="3779"
                          HPOS="2924"
                          CONTENT="ac a saal naer mij n seu r"/>
               </TextLine>
            </TextBlock>
         </PrintSpace>
      </Page>
   </Layout>
</alto>
