5661 3880
684 75 2213 229 Brussel Dh. Grimberghen Ady 16 huyis 1711

852 201 2062 185 ick coeme ue wederom moegelijck vallen uyt den

831 301 1948 201 naem van Dh. van den Bergheer van halt

866 406 2020 188 met een pack gemerckt 4 dat ue voor sijne

1536 545 283 92 satou die

880 497 1920 223 renent voor leden  hebbe geaddresseert

876 639 1956 183 inhoudende 5 bayen 15 carleyen en 1 coston

861 748 1890 223 ick en twijfele niet oft het sal voor nu tot

833 854 2001 258 Brussel gelost ende ue geconsigneert wesen

888 942 1907 233 bidde soo veel goetheyt te hebben van het

890 1061 1944 222 voordert op hall te versenden ende ue sal

865 1210 1770 186 miy en hem verobligeeren die blijve

2011 1306 665 215 17 acuguessty 1713

734 1360 924 180 helle N van den bergen

890 1395 2043 226 ue aengenaeme van 10 deser hebbe wel ontfangen

862 1540 2064 200 ey en sechlen van het gepasseerde niet meer sprecken

865 1612 2017 179 hoepende bijde eerste gelegentheyt  ue doent wat

875 1724 1989 183 langer sal blijve wij hedden van heten gewenst

896 1831 1964 200 dat ue al beyde ons d'eere hadde gedaen van op

897 1925 1929 162 opse eermisse tecoemen ende wij sijn ue ten

901 2019 2026 223 uytersten danbaer voor ue belieftheyt en noodinge

881 2105 2045 211 soude daer seer geerne van profiteeren maer dat is

864 2213 2036 190 ons ommoegelijck want onsen besten steeen van

863 2303 2052 232 ver coopen bengen sber aen comt ende de affairens

870 2404 2030 214 moeters waernemen gelijck ue bekent is op ontfon

868 2513 2035 202 van ue brief was het goet al op gepackt soo dat

878 2598 2041 235 de flamellen van mijn broedere niet en hebte

885 2734 2042 193 connen mede senden hij sal die oppaerthoeeden tot

872 2810 2041 188 datter weder occasie voorvalt om ue iets te can

879 2907 2036 253 nen senden ick en twijfele niet oft ue sal het pack

881 2994 2045 257 voor ontfanke deser wel becoemen hebben en

892 3109 2021 238 over de goederen satisfaet wesen want daer en

901 3216 2047 245 connen ue geen beter sorten ue gesonden worden

887 3330 2032 249 nochte en can geinmeer sorge draegen als

910 3428 2016 247 gedaen hebbe het sijn al te mael seer goede ou

907 3540 2026 180 leeeren alhoewel geest op ue stael niet weden wat

924 3640 2010 208 dat is onmogelijck oock is het gen goet generaed

2946 0 2349 228 eden eseneverft venemeer e vie ie proc

2956 105 2251 179 soo ben even wel verobligeert geweest eenen witten

2974 198 2268 166 frisaert te nemer arhoewel het ue contramen

3004 288 2230 197 deert p op het pack wel te conserveeren niets

2988 405 2294 206 desen droevegen en lanck duregen regen pante

3006 504 2167 206 het doude sammer sijn dat aen dat schoon goit

3008 596 2253 203 eenighe mal hhier hadde over coemen soo haest

3026 724 2121 210 ick notitie van den verfloen hebben sal ick

3018 833 2254 194 ue de ck toesende ende naer mensaeme groete

3029 950 2258 235 nisse nevens mijn heysvrouve aen ue stufrant

3038 1038 2256 210 ue bemende en dochte soo blijve veherten

2964 1168 2208 254 Amsterdam Francois rosseauu 17 acc qus by 17159

3025 1289 2174 240 relere mij aen mijnen van 14 cout sedert onfange

3068 1420 2097 224 ue aengenaeme van selve dato waer bij ue mij

3053 1499 2161 208 adviseert de veranderenge wederom in wissel

3044 1620 2164 211 op een en de selve borstijt van pary tot ½ met het

3053 1694 2150 282 gaet hier even lm ja nocherger want heden

3057 1819 2082 206 onder de 4 geene brieven en waerren sijnde cy

3058 1911 2159 233 nigh oft miets gedaen weete van eenige bagasel

3053 1999 2234 235 leseens tot  de treckers van alheerwillen de

3067 2126 2104 235 wissel forceeren en aen sien hebbe gestaen op

3079 2257 2131 188 een platye op tyt die den nemenndr voorde sorse

3067 2335 2140 195 oet d'wilde doen daer sijnde heeft die m

3046 2412 2161 278 selve gehouden soo dat het onmoegelijck is u

3069 2535 2115 188 re mitteeren door de afondant ue de breeven

3064 2634 2130 213 op londen en sijnder geen geeversten sij buyten

3059 2735 2087 206 cours soo dat ingelijckx ue brieven noch niets

3074 2831 2073 194 hebbe connen imsec want onder de cou

3075 2951 2097 174 en soude ick niet negatieeren de selve moet

3047 3031 2162 231 N 35: grendeeren ue kan mij daertegens betrecken

3056 3130 2149 223 voor sijne rek dat ick oordeele advantagiere

3066 3234 2122 185 doen sult dat ick ue soude moogen remittee

3049 3331 2151 186 ren mijne pennengen sal ick onder ue laeten

3073 3432 2082 220 tot dat mij met advantagie op tyt sult con

3052 3521 2196 191 ien remitteeren het is my chaginantu te de

3037 3658 2143 167 moeten seygen dat Jacobus bauwels
