5447 3889
2030 47 515 119 5 xber 1712

498 75 866 173 Brusselle de wee alexs

603 144 2053 188 tot antwoort op ue aengenaeme van 1 deser trecke heden

616 243 2104 215 confrim op ue ƒ259 wiss: op 5 daegen secht te betaelen

648 344 2101 177 aen d'ordre Dh peeter van jock sal de eck met occasie

636 438 2109 201 naer sien het p mij leet dat het debiet soo slechtis het

634 528 2070 196 sal met den vresen betoren want het godt beleeft ick

669 635 2077 187 van ue dienst voorvallende houde mij gerecommandee

639 738 2103 172 ick sal ue in alle occasien wel en goeden coop tedie

633 814 2118 211 nen hebbe van alle soorten van goederen soo schoone

595 920 2101 184 verssche prove ie ontfangen als men metooen en

629 1078 484 146 cam blijve

1933 1108 347 127 5 xber

472 1125 1212 218 Brusselle deen ede vander borckt

602 1161 2140 245 in gevolge ue aengenaeme van 28 past soo taecke hede

615 1293 2130 223 de ƒ500 wiss die ue mij ordonneert opsicht aen d'ordere

617 1425 2134 210 dhr neter van doch en ben ue ten uytersten danck taer

636 1510 2057 257 ofter met het toecoemende nieuwe jaer ic tot ue

613 1634 2147 202 dienst voorveel weert verseekert dat ick een sortiment

646 1715 2067 213 van versche goederen ontfangen hebbe soo schoon als

612 1811 2109 221 men can desereeren van alderhande moede couleu

627 1920 2130 203 ren en prijsen ue wenschende gesontheyt nevens sij e

634 2063 650 186 famillie blijve

2031 2074 474 195 5 xber 1712

467 2178 1012 168 Brusselle kmosselmans

626 2209 2090 164 ue aengenaeme van 23 sber laest en 26 past hebbe

637 2339 2064 204 wel ontfangen trecke dan heden provisioneelijck de

608 2458 2048 175 ƒ100 wisse aen die u mij ordonneer aen d'ordre Dh

615 2534 2083 201 heeren van dock het is wonder dat ue dit gheel jaer

621 2629 2094 192 niet eens en 10 over gecoemen nochte ick gecoht

637 2757 2022 200 heoft in eenen winckel manckert manero altijts

652 2852 2092 192 eenigh sortiment daer ick ue can dienen weest secker

640 2935 2104 199 dat ick alles sal doen wat moogelijck is om de kennisse

664 3051 2012 174 te vermeerderen ende ue calandisie aen te haelen

663 3137 2090 206 hebbe soo schoone gerief en sortiment van alderhande

656 3257 2104 171 goederen als men met oogen sien dan naer offres van

671 3415 518 155 dienst blijve

1965 3429 525 139 5 xber 1712

510 3499 892 187 russelle grimbergen

583 3523 2176 231 Ick hebbe voorleden saterdagh ue p beurtschip afgison

643 3651 2094 140 den een paxke gemerckt N10 8 in houdende 9 stotte en

609 3779 2100 69 bayen voor reck en p ordre van Dh nncalas van den

2894 31 2232 137 bergen van halle ende geljck hij bij dat goet

2913 68 2212 187 it soo bidde soo veel goetheyt te hebben van kende

2919 190 2209 180 paxke soo haest moogelijck toe te senden ue sal hem

2932 301 1226 156 en mij veroblegeeren bblijve

4314 353 305 168 5 gxber

2860 396 813 140 Brusselle  van Doch

2897 489 2224 177 sien geine bij ue aengenaeme 24 past mijne rerrmsese

2922 568 2201 160 wel waeren geworden ende dat ue soude occasie soecke

2922 687 2199 161 om ony op tijt met avance te remitteeren als tode don

2963 767 2146 196 dan te sprecken in gesloeten remitteee ue op de wed

2971 873 2160 172 seger van der boucht ƒ500 op de wed: anthoins alla

2959 987 2165 201 ƒ259 op ledovur nosselman tesaemen ƒ859 wis

2974 1098 2150 182 waer voor het noodigh gelieve te besorgen als mede

2947 1211 2150 174 met occase eens te niteeren hoe het geet met dat

2971 1318 2084 195 fairens van rombout mollemans seigestorven vs

2965 1419 2151 202 hebbe eenige loopende breefken ten sijnen laende

2916 1528 2195 200 sedert sijn afsterven hebbe niets van het sterthuys verne

2924 1662 970 147 men ue groetent blijve

4170 1689 363 134 5 xber

2839 1754 974 163 Rotterdam randerheyden

2938 1858 2181 139 Ick verwondere mij te sien bij ue aengenaeme van 2

2932 1909 2195 191 court dat mijne packen noch niet connen ovrgeschept

2926 1983 2171 184 worden het as al over de 8 daege dat de cloc binnen

2936 2088 2109 184 is en mits dat het jaer te eynde gaet soo doet mij dat

2935 2162 2130 173 landeere proeueditie de halve bidde aenvernael alle

2905 2275 2173 201 spoet aen tewende op dat ick mijn packen sonder

2923 2354 2199 185 voorder di lage magh becoemen want tusschen hieren

2922 2463 2176 174 14 daegen en valter voort voor iaer weynigh meer te

2903 2563 2217 191 debiteeren ende ick hebbe volck die daer narwaehte

2902 2660 2174 180 wat aen aet de jacefte gelieft de ansterdamsche van

2898 2753 2149 178 vouleden dijnsdagh uyt de nartieel van amsterdam

2881 2859 2160 204 naertesien ende ue sal het bevinden soo als ic

2873 2989 1487 187 hebbe geschreven  achtende blijve

4183 3067 478 166 7 xber 1712

2822 3106 999 157 halle Tricolas vanden bergen

2857 3185 2253 123 tot antwoort op ue aengenaeme van 1 deser soo hebbe ue voor

2859 3295 2232 94 lesen saterdagh pr beurtschip afgesonden de 9pr serges van

2871 3365 2226 154 mijn broeder met 5 gayen aen dh grambergen aer ween

2883 3439 2209 112 noch hebbe geschreven dat mij ne het selfde cito gelieft toe

2877 3545 2170 117 te senden ck twijfele niet oft ue sal het voor ontfanck

2866 3638 2229 113 deser wel hebbe becoemen ongesloeten een brief van

2871 3704 2250 128 mijn broeder die mij seght dat ick met de boede niet en
