5448 3889
606 0 2178 155 magh ie ijnen aso de brenck door hen hiet mer leten

601 101 2141 161 en woorden wat daer van is bidde mij met occasie eens

605 197 2144 178 te laeten weten het iy wederom de reden waerom al

609 280 2180 199 ue met den post schrijven ue heeft 2 soorten van fijne

617 386 2136 217 bayen de beste dienser te becoemen wesen en twijfele

629 487 2124 225 niet oft ue sal daer contentement van hebben het

631 613 2170 200 en is niet noodigh dat ick goederen voor ue pa

643 701 2141 208 houde want ick hebbe present soo schoone prou

658 798 2104 203 en groote parteyen van alles op hoegie van den

683 898 2101 197 vilden dat ue noyt schoonder en can geseen hebten

670 1021 2040 179 als ue ict gelieft gesonden oft geverft te hetten

646 1115 2121 220 bidde mij maer te commanderer hebbe provisie

679 1269 2100 125 van alles en ue sal altijts prompt en wel bedant

681 1349 2107 198 worden blijve naer minseeme groetenise nevent mij n

652 1449 1721 208 huysvrouwe als aen ie ue bemince en  dochten

1953 1544 568 158 5 xber 1712

503 1561 1049 173 Brusselle Peter van Joch

663 1650 2076 175 tot antwoort op ue aengenaeme van gisteren & om

678 1770 2051 143 aengenaemm ue betaelinge sal voorderen voor de

666 1855 2124 149 remises ue gesonden als mede dit dousean docemant

629 1943 2159 163 ƒ50 ue sal tellen voor mijne reek gelieft mij daerr van

670 2030 2115 156 advis te geven de selve ontfangen hebbende wat aenge

657 2132 2074 183 ue remises ap londen  £8124 tot N34:5

670 2200 2131 201 mij niet dienen en soude tot sulcke wiss niet resolue

679 2374 2103 128 ren want daer sal int cort veranderengewesen

677 2432 2120 149 ue dat ick die voor ue reste in trecken oft wel den brie

683 2524 2112 160 aen mijn schoonmoeder levere bidde mij het scloeten

694 2607 1467 175 baer te maecken en blijve van herte

512 2687 944 159 tournay p J: le secultre

1844 2706 495 125 9 sber 1712

681 2789 2106 151 je ne doute pas q'n'ayez receu en son temps ma lettr

667 2875 2123 165 du 12 gber pr la quelle je  ay donner connois sa

668 2986 2089 108 d'avoir escit monamis de londres pr avoir een

670 3079 2121 154 passeport pr le  de rasse vre niveu j'en ay re

674 3164 2118 145 ponce et l'onme marque o tils pas se port ne

657 3242 2123 175 le donnent point en engleterne quil se faut ad

674 3344 2069 172 drisser pr cela au gouverniier anglois a dun

686 3443 2093 146 serque ou lacex ambassade plenipotentacres

681 3569 2109 108 a ie trecht par la moindre recommandation du

657 3602 2135 163 amis de dankerque vs l'obtiendres je suis

654 3741 2134 98 n'avoir este mceux in forme  vs tart

2898 0 2285 209 ndiln dendes quastart geepere lebement de mojer

2890 83 1073 156 touttes occasions qui suis

4358 123 526 150 10 xber 1712

2877 193 630 159 Rons J: masson

2913 231 2270 229 en reponce a les cheres vre du 26 gbre et 7 du courd

2943 394 2204 150 uy attendu le missager Jonaert pr vs envoyer la p

2884 473 2222 180 de drap de donmes N48  a ƒ3:12. bay

2929 575 2261 165 l'ayant mis es maire sur son arrivee eir dans tonps

2892 675 2255 170 pacquet marque IM il y a trop de danges pr envoy

2917 765 2250 140 een falle petites boyatelles p la barque ai regard e

2936 886 2247 131 causces bleu les tientieriers ne tiendent passe souvez

2917 967 2262 154 pandant l'hioer aussy oe peus on avoir la march

2958 1049 2219 126 dise seche principalement dans une faison cm

2937 1133 2230 181 no avons eu astour 2 mois que ne fauty plaivois

2902 1258 2289 159 qon at une heure ou 2 du soul celle e

2919 1344 2140 152 pu rien faire pres que touts mes chalond se

2925 1443 2182 191 pourvoient en este et si vre grace faisoit de ns

2931 1574 2168 125 me vs n'auriez leeu de vs plaindre ecil est

2922 1649 2213 168 impossible qui la marchandise pois estre ben

2949 1759 2157 186 conditionnee jes pire quilles seront prestes au

2952 1853 2172 176 prenuur j et 4 je vs les pourray envoye avecles

2944 1959 2207 174 drps sils vs dusent dont iy incsuse les eschontil

2932 2105 2233 104 lions come vs m'ordonne je ne recpas n

2953 2172 2204 176 de chere vres ou vs ue plaignes et je suis bien ne

2941 2297 2182 139 seende q personne ne vs servira au pris come je

2945 2393 2165 171 vs serve toutce q je vs ay envoyce coy ez mone

2948 2510 2162 182 le profit ne est pas q vs vs imagines et q'un au

2980 2618 2098 158 tre m'en paye dvontage la draps de da minee

2961 2731 2219 176 n'est pas moins pr un getre  N13 q 20 s alan

2970 2806 2192 209 donne a N12 touchant les bayes tientes q je vs

2970 2950 2140 159 envoyee que comprennez pas q cela veutdire

2979 3046 2102 154 30 ƒ 32:10 cela sigmefie les lievres ou la pe

2952 3188 2163 136 anteur de la bayes et le derneerle prix come

2954 3276 2157 175 ps tommes accoustieme de maiquer tou joir en

2969 3342 905 190 attendant jena def

4199 3402 589 130 17 xber 1712

2833 3439 745 147 Mons Jaques Masson

2952 3484 2118 151 pr reponce a la chere vre die 15 du court je ne pre

2945 3636 2092 75 tende pas q me payeriez ce q n'avez point mais

2962 3676 2165 91 comment voulez vs qun p 5 e ½ ne misurerat

2947 3753 2160 74 49 ps moy je ne mesure je mais et je laidse cela
