4887 3932
212 63 1188 132 schravenhaege hi van hebteren

1694 79 552 131 4 february

414 147 2028 132 bien by ue aengenaeme 2 deser d a longes eyndelijck

425 256 2046 141 het t payement der assignatier hadde betaelt d my

396 323 2076 154 hieft mij mede daer van advis gegeven ben geparsies

422 430 2005 108 deert ue est daer veele noeyte en patientie med

411 501 2043 135 comt te penen en vervolgens van herten danck

415 576 2030 134 baer wenschende occasie te mogen hebbe sulck

413 674 2057 139 de recompenteenen ende ue mijnen genegen dienst

421 759 1970 146 te bethoonen doch het is wonder de betaelen

421 859 2035 160 soo vragh voort geert want ick en mejne et dat

426 969 2022 113 het regment in de ordenadre pijie ten ack

429 1065 2005 145 teren is ten minsten soo lanck niet als de ig

418 1150 2057 142 nat ies in hunne termiijnen sijn verien want

430 1253 2035 120 soo ick mijn in belde worden de leverantie may

427 1338 1937 145 maendelijck aen het regement eten payee

425 1422 2032 163 a getrocken ende der  betaelt vervalsens toiu

423 1547 2038 119 de men oordeelen die affi matie overlanck be

414 1619 2065 139 hoorde: betaelt te wesen ick can taelen in mijn

431 1686 2037 137 opinge neette mer wat de reden van het rekar

419 1791 2008 116 dement is ofte niet soo ben gel ick als syn ed

422 1896 2043 132 van advis met soetigheyt en solicitatie voort

458 1978 1996 140 te gaen te meer omdat sij di melt 6y ditto beer

478 2102 1875 107 allongei vrint te wesen ick recommandere

480 2180 1985 123 van herte de kant aen terhonden verhoesen de

493 2266 1932 124 de resterende ter meynin int cort sullen vol

487 2334 1910 163 en het is me bij het jaer gebeden en is oor mij

498 2455 1972 122 eenen grooten intrest doch de mies te swareghiy

494 2513 1928 159 apprchenderen er gecen  demreden

478 2610 1747 105 eens werden aengetroftes blijve van herte

1119 2672 971 153 mottelmans februay

324 2680 855 186 Brusselle Cmassemars

484 2778 1882 162 tot antwort op ue aengenaeme van 2 deser het en is

482 2857 1993 141 mijne gewoorte niet mijne calanten lastigh te velen

474 2938 1961 142 ter centrarre het is mij heet sulcke geschiet is echter

498 3038 1941 145 daer en is voor ue nochte voor mij geene prepeditie

492 3109 1971 176 geleeft mijne asignatie aen dir van jock op ue con

487 3183 1966 180 ditijt te betaelen en can die nu niet intrecken voor

475 3274 1985 177 soo veele die partye alsoo gebocht is maer in toee

479 3358 1930 135 mende sal vsso ue van te oorent schryven het is

491 3442 1948 140 soo eene geooonte met mijne calanten dat i van

484 3525 1982 151 tijt tot tijt op reck trecken die het selve niet qualijck

475 3609 1922 147 en nemen ende naer hien ue comoditjt betaelen

469 3711 1943 110 ben op den selven voet met ue voort gegven maer in

2649 95 2144 119 toecoemende sal ue eerst adviseeren verhoepe ede wijlne

2651 192 2062 109 begonne ennisse te saemen sullen er maederen

2645 234 2076 157 waer toe mijnen dienst presenteeren en blijve

3933 345 833 120 ad7 den 6 feb 1712

2496 350 689 161 Brusselle Joan Jacobs

2677 400 2084 143 tot antwoort op ue aengenaeme van priis deser hebbe de

2623 512 2124 125 liberteijt gendemen heden op 18 te trecken op sicht in brief

2630 588 2029 131 te betaelen aen d ordre d'heer peeter van goet swee en

2619 648 2002 152 lackentigh ponden ocht schellingen hier grooten vlaems

2643 722 2133 146 rissel gelde 3ico £82:8:4 eonform 8s ordre die gelieve

2634 793 2020 119 te begheeren, setstot ul dienst voervalleude bidde mij

2643 873 1999 117 in alle occasion liber te commandeeren die blijve

4613 876 190 134 191

4118 912 484 130 adij deu 68

2480 934 1167 161 Brussel de Credeue vandeborght

2627 1006 2019 161 hebbe drij van 68 aengenaeme te Peantwoorden van 13: 22

2619 1025 2155 199 Jannary en 3 court den eerste ngendelijck aen mons: 18 soon hier

2631 1145 2047 144 sijnde beantwoort ingevolge den tweden het goet opgespacken

2618 1183 2136 176 uijt genoemen den groen laeken. dat corfoom de laesten tot nearder

2620 1282 2165 136 ordre sal laeten staen gelijck ick aen a heer spellens iusgelijck uyt

2621 1326 2139 144 85 naemen hebbe bekent gemaekt de tyt hondeot galdens dtissel

2614 1423 2192 119 iefde die 68 mij geordonneert hebbe heden getrocken aen id ordre

2622 1457 2128 143 d'heer peeter, vannock te betaelen, in brief op sicht ende ben

2604 1508 2172 141 vdanck baer van 65 affectie verkoopende in alle voor talsende

2602 1598 2092 122 becasien 62 altijts velecontentement sal geven hebbende seer

2623 1625 2092 143 schoon sortiment van alderhande, goederen tot 18 dienste als

2616 1705 2069 173 d'heeren van groenendal besienen sall sraghten te efectaeren

2629 1753 2088 184 het gene gepresenteert hebbe ende advies & feraghtende om

2616 1785 2158 222 de gepackte goederen te moogen afsenden alst ue geraetsaem ht

2602 1878 2175 191 vinden soo blijne aen ghell de semilie van herten stenste Nl

2612 1913 2151 237 een setter antwoort oft ick positiyt de paeck laekens daer mons. 8

2652 2007 1858 215 & spon mij kan gestrocken helft magh ontfreden

4519 2057 241 101 1 ssll

3873 2082 551 125 hdij den 6

2501 2144 1064 132 brasselie spatier  langoch

2582 2117 2169 215 25 aengenaeme van gisteren wel ontfangen met remise op scker 30

2596 2246 2167 147 dame van 300 wissel gelde op 6so waer voor ten sijn tijdt betaelt

3551 2257 1229 136 1 ceto mij advance den ingeleyden

2599 2349 852 141 woordende sal crediteeren

2613 2321 2157 202 is aen Juff Brockmans behandight het briefken op brugghe hebbe

2604 2401 2130 193 casnelijck met ean joint tot 8 eto schaede noch ingetrocken

2588 2427 2200 208 aengaende d heer dane die helft geaccepteert en betaelt eerlijck als

4549 2507 242 109 segefhen

2588 2524 1946 190 hij can ende geluck veele doen ende en waet daer niet van t

2585 2578 2127 203 naer dusdanigh brienen op tijde soude ick voor mijne het nief

2586 2621 2088 213 conhaitteeren te weeten als van impotantie waeren het is toit

2587 2680 2111 228 michiel van khoor de £.21:17:9 a betaelen mosselmens heeft

2584 2740 2079 210 miy gerescribeert dogh hebbe hem geantwoort dat partejken of

2574 2795 2194 236 biefken moet betaleft woorden van £40: alsoo dat un gekocht

2583 2899 2167 201 is gelieeft hem het geljde noch eens te verschoonen ende daer mede

2564 2952 1965 247 patientie te hebbe al waet op gen naendt ingesloeten

2589 2957 2183 278 remiteere 17 ais aen den goet deser waer voor gelieft het noodig

2571 3069 2184 199 te besorcken ende mij le crediteeren ende de duies brifkens to

2578 3106 2211 223 doen behandighen het soude inq aenegenaeme ƒ94 13 my op tijdt

2591 3213 2175 181 conde remitteere ende ick soude trichten onse corrisnondentie

2574 3270 2205 210 spat te vergrooten, maer sonder dat u3 voor de brieven gelieft

2583 3342 2184 189 in hete staen en can daer niet ton in clineeren 13 anders nesoa

2593 3401 1729 214 rende sal my plaisir lesen. groets 15 en blijve

2594 3459 1884 244 op d heer Jacobs op sicht wissel gelde ƒ 82:8:4

4101 3516 373 123 83:6:8

4063 3583 295 108 163:15

2595 3583 1017 191 op Juff soude serget vandersoryt
