5661 3883
723 0 2157 194 et deier a  e ƒ 8 casir ope bien

723 99 2114 163 vs n'este pas promt en vos affaires vs voule

750 200 2063 186 charger charger les draps briens et laisser les

770 285 2125 191 qres jusques d'en a voir ma responce et vs faitt

790 414 2107 168 tout au travers je voye bien qiene com pren

764 479 2117 245 net pas ca que je vs escrive car ma derice

784 594 2043 201 lettre est cleur assez pr la quelles je vs ay

784 687 2065 209 marque que n'avez qu a m'envoeer

787 796 2084 256 cits possible les 2 ballots tant brerspe

792 861 2098 315 pis noobstant qui je tienderas celluy don

795 978 2054 271 ns avoions des pute pr mon compte her

796 1101 2082 246 qee dont aussy les briens pr josterdam

795 1255 2075 218 lae eirge neceu mais dans un autre

809 1328 2027 235 vaisseau ne vonilant print tant de

799 1450 2024 238 re que au regardd es couleures de

815 1568 2025 230 ballots les huns sont passable mais les

815 1671 2065 279 pis cest tout autravers et plus trave

810 1803 2029 214 sont vos lettres que m'escrivez ca je

800 1905 1986 244 n'en comprenne  a quoy serve

819 2018 2066 237 til vs envoyer des eschantillions quant

815 2108 2079 204 vs avez des eschantillis n v de poit

833 2233 2058 243 de lettres jan ay essy mal a proposil ien

858 2323 2033 211 faut point charge les bleu gris dans N11

850 2464 2031 194 du bale of  N28 de lannée passie sont

847 2551 1992 211 touts generalement come N95:91 et 32

837 2677 2016 219 dans cellyy N7 que n'en envoyez vs pas

843 2786 2017 206 les touts de la mesque couleure om

867 2879 2024 235 ordonne Robert herte est arrivee grace

873 2963 2023 280 au jugees et jay recu le bullot p proche

869 3106 2013 250 ne je vs escriveray a ie supt il est eston

881 3197 1948 268 nout que les marchondises sont je long

887 3370 2001 212 temps en chemen je vs pree me marqu

895 3443 1988 221 d'on que ce la prsvienne  il ns caus

847 3558 2047 231 grande presudite jay besoing de draps bru

828 3712 2059 99 et bliugris et je craim que e 12 ball s1

2956 3 2195 188 vanderoms eeser conse lae ferjes jy avvivelle

2987 99 2097 197 ment onvert le ballot de finnes bays le der

3000 217 2186 194 giir de la marqu  N41 mais je ny troc

3002 333 2167 171 pas les 2 pr super finnes marquer pr la

3009 422 2150 231 facture  34:58 a 65 le nombreest

3019 531 2165 223 comglet mais ces superfinnes de cette mas

2999 636 2130 252 que ny sont pas pr vre oueme je suis

2989 740 2062 268 ortrijck de wed: peeter goet gebver 28 July 11713

3094 833 2074 185 alhoewel in lange d'iere niet gehaedt hebbe van

3079 935 2098 153 ue te schrijven oft iets oft iets voen ue commande

3062 1016 2108 213 te becoemen soo en twijfele echter niet oft ue ende

3070 1117 2111 228 fanillie sijt noch in volle gesontheyt daer

3073 1232 2106 191 erten voor lange saeren de continiatie e wensge

3064 1307 2107 237 mets het godt belieft heeft ons den vreden te vele

3081 1415 2077 195 nen soo verhoepe datter wat meer neeotie in het

3059 1550 2114 170 lant sal voorvallen ick ben soo gene genommet

3091 1625 2078 234 ue de begonne kennisse te moegen onderhoeen ene

3070 1760 2022 185 te vermiederen dat niet en can naer laeten ue

3066 1844 2055 213 noch andermael te schrijven ende mijn dienst

3067 1918 2077 261 te offereeren weest verseekert dat ick alles doen

3060 2056 2124 228 sal wat mij moogelijck is om ue te animeeren ende

3083 2160 2050 224 wel te bedienen hebt maer soo veel goetheyt van

3091 2244 2019 267 ij een soortimentien teordonneren en laet mij

3103 2338 2020 227 dat fave hebben als i ue dochter overcomt dat

3083 2460 2053 202 verhoepe int cort sal wesen sij de goetheyt heeft

3074 2584 2057 171 van naerder te coemen gij sal van alles haer sorti

3062 2671 2035 183 ment vinden want hebbe present het schoons te

3069 2769 2077 258 goet datmen met dogen sien can het is waer dat de n

3043 2892 2127 224 gelse goederen merckelijck in prys genegmenteert

3068 2975 2103 202 wesen doch niet tegenstaende is het present a vand

3052 3099 2099 209 tugieuser want sij sijn merckelijckx biter in qua

3062 3182 2098 223 litjt ende naer advinent den prijs roplijckeren

3050 3298 2049 222 deuyk deljcker mij dan recommandeerende in

3044 3416 1730 244 ue goede genegentheyt soo blijve

3939 3581 119 100 e
