5630 3879
817 29 2084 161 staelen van groene livrye laekens die haer

796 152 2136 175 hebbe ter handt gestalt ende dien aengaende

818 243 2040 187 verwaghte d'eene van ue antwoort tegens

834 364 2108 216 het nieuwe jaer sal van ƒ 400 dissnoveeren

826 473 2079 188 voor Jtf de wed. Rousseau off Dhr Peeter

784 582 2124 193 van doch naer advenant bij deen oft ander

836 724 1928 209 sal noodigh hebben. tegens dien tydt

838 833 2101 181 ue soo daenighe mijne trator voor coemande

857 943 1877 200 bidde te verheeyen ende ue sal my

832 1068 1500 216 verobligeeren die blijve

753 1156 2130 228 Rotterdam Dionys verburgh Ady 14 xber 1713

839 1301 2104 163 in gevolge ue aengenaeme van 24 pasto hebbe h

848 1398 2084 220 pack p Adam BorstLats r10 wel ontfangen

840 1528 1960 206 ende voor d'oncosten ue conform gecrediteert

860 1625 2081 172 met hollants cour ƒ 41:17½ p. ue laesten adviseert

866 1746 2031 185 ue mij de dato 11 xber het tarrivement van 6

871 1859 2090 173 hunter daer Godt danck allen mijn ont rest voort

854 1986 2089 161 ditjaer mede salvo is. het pack N 11 aen syn boort

896 2065 2001 172 is van inhout 114½ dosijny entallt voorgaende

896 2176 1960 173 op  18 ider costende st ƒ108:10:1 sonder

890 2264 2051 198 rappers en oncosten die bedraeghen s £36:11:5

892 2398 1964 154 dat al te saemen uytmaeckt tot genen grooten

874 2481 1899 169 ste £135:156 gelieft het selfde mij p. eerste

855 2584 1906 216 gelegentheydt af te schijven dde het d soor de

875 2688 2037 194 aenstaen de leeft daeghen alhier magh wesen

866 2793 2040 176 aengaende het malheerrens pack is het my van

874 2925 2024 151 herten heedt ue daer mede soo veele moeyten

859 3015 2097 171 heeft maer ick en can niet anders als ue ass

864 3123 2045 204 disuaengaende versoeken het schijnt dat men

861 3253 2066 174 dat hoet in sich selven wilt sien vergaen want

820 3352 2129 189 dat en can hem niet wel geconditioneert in die

870 3451 2053 190 packhuysen conserveeren ick verhoepe dat

868 3549 2078 164 het ue i evenwel ten laesten door ds hulyt

877 3650 2072 148 sal tey eijnden brenghen opdat wij te saemen

2996 55 2279 204 mit het eijndighen vant jaer onse rekeninge moogen

3009 155 1313 170 sluyren blijve van herten

3032 269 2053 205 gelieft het pack p vraght brief te addresseeren

3037 395 2123 156 aen peeter Lombaert tot Antwerpen ende daer

3019 513 1100 153 niet aen te mankeeren

3018 560 2072 223 London wed. Jespar van den Bupee ady 16 aber 1719

3010 731 2263 128 sedert den jhere roiy d'eere niet gehadt ue teschrjve

3028 804 2194 168 ick hebbe die tyst verwaght rekeninge courant ue en

3031 884 2191 169 heeft mij de selve noeydt gesonden door verloop van tydt

3031 1025 2227 121 is mij sulex nyt de memorie gegaen echter nu cortelinghs

3030 1080 2089 169 mijne boecken paersiende bevinde de reken. van d

3040 1172 2155 171 van den brussche ue bemende saligher openstaende ende

3019 1269 2241 173 naer siende mij nogh coemende t £193:1:11 salvo ervore

3021 1355 2239 186 soo als ue t het ingeleyde en raiet mijnder boecken tegens

3015 1495 2100 127 de boecken van ue man sal connen contronteeren

3023 1567 2241 156 ick versoeke de selve somme aen dr lidinus de dorpere

3029 1665 2225 175 onder syne quittantie voor mijne rekeninge gelieft te betaelen

3026 1751 2080 149 het gene ue sal valideeren. ue heeft wel connen

3029 1885 2227 115 af neeten dat ick ue comptoir om ue ingetreden compt

3018 1957 2169 139 met Abram van mildert hebbe van eersten geaban=

3001 2040 2164 186 donneert voorders sal ue sien d'at alle mjne remises

3028 2146 2027 149 aen dheer ue man saligher hebbe gedaen sijnde de

3022 2234 2111 186 laeste 22 t prie 170g verwaghtende ue de goeheydt

3019 2342 2262 191 sal hebben van mij satisfactie te doen soo blijve

2981 2420 1094 190 London Livinus de Derperes

4328 2449 762 185 Adij 16 xber 1713

4541 2579 236 96 sber

2998 2535 2268 234 it antwoort op ue aengenaeme van 2 werer soo sende ue

2991 2651 2250 199 hier ingesloeten een brief voor Jf: de wedue aspar van

3004 2742 2110 177 den bussche met reken. couraht en ordre s het saldo

2994 2850 2043 187 ste £93:1:11 aen ue voor mijne reken onder ue

3008 2975 2211 142 quittantie gelieft te betaelen dat bidde van te willen

3005 3088 2195 122 in voorderen. ick hebbe selfs noeydt rekine met de wedue

2991 3152 2267 168 gehouden sende alle mijne gedaene remises tot de laette

3012 3271 2253 140 de 2e Aprie sros aen haer man geind orseert geweest

3004 3375 2202 138 en inge voordert alleen heeft sij mij naer de doodt van

3006 3437 2226 148 haer man de retouren gesonden die ongesloeten isgebleve

2992 3544 2143 149 faute sij mij noeydt reken courant heeft gesonden

2993 3633 2260 138 dat is mij uyt de memorie gegaen ende i cortelinghs mijne

3004 3711 2098 110 oude saeken oversiende bevinde de selve ongesaldeent

5219 2587 90 139 1:

5306 1190 89 122 j ijn

5358 2853 51 102 1ot

5306 2938 133 134 24

5344 3055 79 110 b

5350 784 125 133 uden
