5409 3889
1961 59 358 91 5 bber

428 53 1227 146 russelle esichie vander Bocht

541 119 2190 158 en hebbe in soo lange deore niet schadt ue teien oft aen

567 252 2177 115 ue iet te mogen een oopen het rair voor de wente

576 292 2156 170 goederen bigins aen te comen ick hebbe soo schoon

587 394 2153 136 soortimen j een ende gecregen vann versche goede

624 474 2078 163 als ue noch sijn leven con gesien hebbe soo spen

602 565 2088 205 schefijne mindee sonte van laekens nieuwe

591 661 2109 162 mode couleeure fijne geperste van  58:55:48

609 778 2110 151 45 en 42 p diversche srte van colchester

609 822 2093 179 en deventer sraere bayen van  48 a 883 baen

630 925 2046 189 van & 36 fijne soorter van ƒ42:ƒ40 ƒ 38:32

620 1018 2012 199 aƒ 30 flanillen et heeft ue icks noodigh weest

617 1122 2044 168 versockert dat ick alles sal doen wat mij moogelyek

601 1214 2028 157 is om ue wel te bedienen die blijve van herte

1900 1320 344 114 5 sber

453 1324 991 178 Brusselle  dousedan

529 1401 2183 184 hebbe ue brief van in de maert meert ten sijnen btjd

566 1523 2099 136 ontfangen waer bij ue mij belooft int cort iek op rek

549 1592 2084 176 te sullen betaelen ick hebbe dat willen aensien en

537 1684 2158 171 aswactiten om mijn selven te wellen oerheygen dat

549 1762 2163 169 het niet als meien quaeden wille en is ck seggen

595 1850 2127 151 ue pont eyt dat wij in een lant vant recht woonen

565 1951 2177 125 ende dat het oprddeloos is ue met sijn crediteeren gadt

573 2018 2143 176 goet blift setten sonder die ics te wille te weete nott

571 2106 2125 158 te betaelen ick protesteer ue dat ick het mijn plaiser

567 2212 2136 146 sal maecken costen wat het welke ue andee ma

570 2319 2176 139 nieren te leeren ten sj ue mij ten me iets coem

581 2386 2134 133 te betaelen ick bidde ue den andermael ende vas de

581 2478 2092 170 laeste advertentie van ue beloffen te voorcoemen

559 2560 2169 204 ende iits op rek voor mij aen dh van Jock te bet

579 2666 1495 205 len het welck werwachtende blijve

431 2741 2208 256 Brussel Samo de Broyeer Ady 5 ditto

550 2884 2152 205 sedert ue vertreck en van ue deminde geene van

574 3001 2140 213 ue ontfangen hebbende doet mij oordeelen ue den

553 3152 2153 143 laekens waer van de staelkens mede genoemen

592 3212 2152 161 hebt niet en sult om bieden vreden ue het facurien

609 3311 2108 181 van de twee gesondene nier ingesloeten afsende

611 3428 2109 193 bedraegende in wisselgelde ƒ 383:5 waer vooor my

588 3514 2097 219 gelieft te crediteeren en twijfele niet oft ue

552 3659 2000 173 heeft de selve wel ontfangen ende naer ue

2857 71 2263 95 contentement bevonden bestere soorte nochte bester

2874 177 2257 133 coop en sal ue sijn leven geene meer coopen neste

2799 260 2310 173 in sal in alle occasien mijn de vort doen om ue

2896 363 2133 175 opt ewielste moogelijck te bedienen iets tot ue

2911 499 2193 153 dienst voorvallende gelieft mij maer te comman

2831 587 2244 174 =deeren ben van alles wel voorsien soo als ue

2903 696 2204 145 wel gesien heeft en naer cordiale groetenisse

2894 811 2060 208 soo blijve  het paxkegemerckt s38 dz o

2895 925 1895 202 28 gber wel versonden pr beurtschipp

4091 1057 605 154 5 sber ƒ 1712

2803 1074 735 154 Brusselle hi de pauw

2856 1137 2268 175 hebbe ue p beertschip ge consiynier te een pai 4

2855 1258 2275 168 q' ordre en voor reck van Mons Chake albet saue

2895 1337 2209 103 van bere die mij gesijt foeft u n sant dien

2875 1400 2187 154 aen geende te sullen sprecke u elust dian daer mede

2859 1461 2243 252 sijn arde te vlge ende het selve ics te varsende

2876 1536 2165 219 vertrouire de voore pockens die toe gesende

2873 1646 2227 230 voor berge voorene al sullen sijn vertiocken

2852 1737 1686 232 in naer cardiacle roetenisse blijve

4037 1853 1040 196 Antwerpen 6 sber 1712

2798 1914 763 177 Brussel a Segers

2841 2020 2093 160 ick verhoepe ue volcoemen hersteltenisse ende ue

2844 2119 2160 146 welvaeren als mede van ue familie. ick hadde al

2834 2236 2291 132 verwaght van dagh tot dagh dat ue eens soude overge-

2810 2347 2157 126 coemen hebben on winter provisie te coopen

2870 2405 2254 153 ick hebbe nu Godt danck alle mijne versche goederen

2856 2529 2262 145 gearriveert paensche en geperste laekens soo schoone

2813 2651 2162 121 als ue noch can gesien hebben van alderhande

2841 2699 2208 179 nieuwe moede couleuren en prijsen swaere sijne

2842 2782 2217 198 bayen van P 48 a 8 daer twee paxkens voor

2871 2898 2220 214 goede vrinden van appaert houde superfijne bayen

2862 2992 2206 207 van P 36 van ƒ42: ƒ 40 ƒ 38ƒ 36„ 33 a 30 het stnck

2873 3105 2194 184 ghevayen van 30 a ƒ26:  deventer bayen van

2870 3200 2217 200 alle prijsen en oock colchester bayen van diversche

2880 3311 2162 158 lootten heeft ue iets noodigh weest geasseureert

2852 3429 2048 123 dat gi noeyt schoonder sortiment gesienen hebt

2887 3515 2147 163 nochte oock ue leven meer tot soo goeden coop

2843 3622 2187 111 en sult connen gerieft worden als ick ue nu nogh

2859 3705 2172 104 en en sal bedienen ingesloeten sende ue sijne
