5653 3877
1831 45 481 123 3 Juni 1713

564 38 949 187 Leeds William Cockson

800 91 2015 200 Jay reccu 3 de vrrs du 25 et 29 d'avril et 2 mey dernier

780 211 2016 213 tout a quelles contiennent roule sur ce ballot de

761 316 2060 146 draps gris N4 touts ces raisonnement ne viennent

763 427 2087 196 pas apropos un ch doit scavoir ce quil press

775 503 2040 180 debiter il ny va rien de ma faute norlordez estoit

764 626 1979 169 assez clair et intelligible le temps n'est pas

732 702 2001 173 a l'advenant pr me charger mal a propos

746 798 2013 189 des coulures dont j'en ay de vs que je ne pices

748 901 2103 197 pas vendre desuis 6 ans jen cyt eu dens draps

749 1000 2026 179 blans du gris et roussates quils ne sont pas

761 1084 2014 209 vendables et ce que jay fait ou esg escriptos

762 1191 2010 216 n'avez pas lase que de m'en en ces outre

761 1274 2021 183 voyez quil prejudice q vs me faittes je vs escrit

771 1389 1922 214 et dit quil me faut  p bleugray come

736 1462 2118 225 N10 dans le ballot N N28 que je ien a y plus

756 1575 1984 232 quil m'en faut necessairement d'iun prix

766 1668 1998 223 de  :8 a 3:10 a N4 in n'excedant pas et vs

764 1769 2036 217 ne m'en envoyez pas au contraire parsistez

763 1871 1936 230 tousjours que je tiendrois a ma charge de

763 2000 2008 235 couleures touttes contraires a mon ordre ces

772 2085 2070 227 2 ballots N4 et N5 p stephen wood contasteur

765 2194 2054 208 arrivie en hollande et N6 p robert hunter dont

781 2321 1950 210 sisuis presse point que voules vs que j'en

794 2437 2018 207 fasse je trouve le mieux pr vs et pr moy de le

774 2517 2007 203 laisser venir icy avec N5 et je laisseray N4 pr

762 2632 1985 198 vre compte vs dittez ces draps bonns et a bon

762 2727 1966 187 marché et je le trouve au contraire bien

728 2826 2059 218 grossiers et durs come s'il c'estoient de draps q

740 2936 2070 159 jay eu autre fois pr  2:8 a  3 vs dittez que je

767 3039 2071 179 fait tousjours de plaintes mais cen es & pas s

779 3141 2054 215 caison car sen recoive de mes chalands tous

780 3221 2078 238 les jours au regard de vos draps quils sont depuss

774 3332 1996 215 un ann ou 2 si mal conditionee pr de dans

778 3457 2046 161 et plain de  et rassasieres qui c'est

768 3556 1999 178 une honte et point vendable vs faittez tres

780 3686 1993 139 mal car vs estez la caux que je perderoit

2949 0 2206 155 touts qmes shaliendr et p p  , or dire je

2961 81 2206 197 feray ma fois oblige de vs abandonner

2977 185 2211 211 pr quoy ne faittez vs pas accord pr la voitiere

2997 286 2129 152 a hull avec le battelier com je vs ay recom

3000 410 2089 147 mande et come mes amis sont a londres je le

2966 508 2218 170 ainvoy car il n'est pas raisonnable de

2960 625 2151 152 maniere come ces batteliers agissent estant en

2952 738 2193 123 hollande ns avons liber  navigation

2955 823 2198 166 et il font pretention come en temps de guerre

2976 929 2201 188 ce pr quoy dornarant vs ferez accord le melli

2997 1046 2159 209 eur marche possible et vs le fers marque dans

2989 1158 2139 165 le connossement si les anglois ne le veullent

3005 1269 2101 240 pas les hollandois le feront bien et a meilli

3005 1366 2119 209 eur marche car il ny a presentement non

2994 1472 2162 239 plus de danger pr l'un que pi l'autre il me

2987 1583 2194 261 faut ausij  de  3:6 a  3:10 a 4 n exccdand

2975 1708 2134 239 pas de draps brun come m'avez envoy ie l'an

2981 1825 2113 233 nu passe et les draps bleu graye a devant

2991 1935 2121 228 ordonnée la serat ensemble 48½ ps a faire

3010 2061 2119 223 4 petits ballots chaque avec 2 carisees pr en

3016 2157 2129 227 veloppe et ap p apres en faire 2 grands bal

2994 2264 2129 208 lots come a l'ordinaire prennez bien garde

3010 2375 2086 230 a la qualite et a les belles couleures et bons

3021 2460 2136 261 draps bien joliment tondue et accomodée voycy

3016 2568 2089 268 remises seavoir du 5 may usence  £145:14:11

2992 2710 2116 196 ser silva junior a londres et   100 du 2 may

2998 2861 173 99 2

2987 2817 2113 249 usencs sur Jaques  Gultier a Londres

2979 2920 2138 240 ensemble  £245:14:11 come ces lettres sont fort

3013 3032 2139 247 courtes jespere quelles vs parviendront en temp

3018 3137 2080 223 ne manqeez pas de les envoyer a londres ceto

3021 3214 2103 231 que les aures receu et pr tout ce quil pis sur

3006 3295 2166 226 venir j'envoyera les secondes lettres a vre frere

2995 3427 2166 184 a londres p j'en servir en cas de besoing mais

3013 3526 2119 182 p ne les endorseray pas a Jonardre puis que

3029 3653 2080 112 je ne scay pas si cela vs seroit agreable ce que

3028 3748 2088 86 je vs prie me maruier pr prendre mes u
