5302 3889
422 73 2113 99 h van hock voor nie sal betaelt hebbe ue moetende blijve

1699 112 340 120 16 Jierny

385 113 692 164 Brusselle hi rjseels

440 188 2115 161 n lange d'eere niet gehadt ue hier te sien ot een ge

436 260 2147 197 ordre godt geven dat den vnden magh sederen ende dat

443 318 2154 238 mij die in cort mogen becomen met het lanck  wend

458 410 2139 228 indress van de raegotie op die horne hebbe wederom de nove

476 484 2161 194 eene consideralle van alder sorte van goederen gin

461 586 2156 194 niet ende onderwegen soo schoen als ue sijn lenen nat

503 666 2061 231 gesien heeft verwachte die in corte weke met godt

479 759 2091 257 heelpe en ick verhoegie al wat onder sal wesen dat

496 883 2139 174 ue sal agreeren verwachtende met het af gaen van

498 986 2131 200 naer het geluck te hebbe van ue daer y een part

513 1062 2038 197 ie te moege v ropen waer toe alle divoeren se

513 1143 2018 223 door om ue nevers het schoon geief oock goede

543 1274 2056 171 coop te bedienen neme de liber tijt op ue te trece

537 1354 2007 194 in assignatie aen d'ordre J van Sok £50

547 1448 2031 152 naems die versoecke op eenigedaege op ue com

538 1568 2034 176 ditijt gelieft te vrkeere en naer cordieue sooc

544 1621 1517 224 nisse als aen di ue beminde soo blijve

1621 1753 365 123 17 Juin

376 1761 1076 168 Brusselle Francois Ansillion

521 1769 1999 274 pr rsponce a la chee vre datie du 15 doit estre 16 g ja

525 1892 2028 189 rrecu hier p la poste l'apris pies avec les lettre me le

500 2005 2067 187 hollande jay line au messager en suitte a vre ordre

531 2089 2082 193 la ½ p de drap calat dans une rille marque

517 2184 2055 181 estant N3472 & 30 ¼ a ƒ6:6-ƒ  argent de chene

523 2283 2074 162 pr quille somme il vs pl me  ie nedu

526 2364 2044 176 point p ie layec receu de matin de bonne neu le

531 2442 1984 165 mesager estant partir her ie soir ne palez pour

520 2512 2028 175 deu prix je ne suis q commissionaire je doit

538 2620 2055 158 mon ordre pr moy il me seroit indifferent et vs po

548 2711 1986 155 vee estre assien dil je ves pourrois vendre  p

569 2790 2059 204 q je ne vs ferois point payer EB:6 voyoy in luss eschin

541 2858 2085 219 billions des draps beice avec leur dernier et plus pr s

545 2971 1952 201 prix aussij appartenant a s le beuf sils vs u

540 3043 2090 187 yon avez qu'a me comminder que suis en touttes ne

538 3221 210 105 Lions

1606 3186 932 207 AAdy 20 Junii 1772

340 3225 1073 242 Brussel Be Mollemans

546 3333 1985 186 tot antwoort op ue aengenaeme van 17 deser

572 3439 1990 164 ick en magh op mijnen tholbrief die bayen niet

564 3542 1967 178 afsenden. ue moet mij eenen tholbrief van

549 3638 1982 170 Dh: ux Lenden op dat den dholbrief nevent het

2737 82 2286 133 addres accordeert anders sonde daer quettie en visie

2774 171 2283 107 vallen. en gelieft niet te mankeeren van die morgen

2771 263 2192 110 avons plrpost mij afte senden anders en soude

2773 389 1987 133 het pache woonsdagh wederom niet scheep

2790 442 2148 197 tnnen geraeken afwaghtende blijve gevent

2789 528 1731 189 offers mijns dienst in salle occasien

4004 679 441 122 20 biuiste

2761 684 877 162 Brusselle r Anssillion

2807 742 2257 208 pr reponce a l honneur de la avre du 18 du corts je vs ren

2833 851 2145 148 voye cy ope use vvre acceptation de mos me datto a esnis

2830 897 2199 214 paijable a mon ordre de  185 pr la denne N d'esoar

2828 987 2225 218 laet vs envoyee je ne suis que commissionaire comnt

2820 1071 2239 232 voulez vs q jene accorde sur une dernie p de dropiinez

2838 1194 2226 150 de bonne mesure faittie le compte et une nouvelle le vre

2842 1251 2217 213 sur 30 et je tacheray de faire passer ainsy vs est un

2860 1317 2210 242 homme admisable apris avoir reccce ett aitrverer la

2825 1417 2216 200 marchandise vs voules tousjours faire le marcha ef le

2843 1489 2198 263 payer salon un santagie ce quil ne le pratique dans

2846 1585 2217 215 au cun pays el ns reste encor a liquider et aester nre

2861 1652 2164 255 compte et je voudrois de bon couir le termirer a l'ai

2838 1743 2164 262 mable pues q m'avez promis pr vre derniere qus au

2848 1827 2224 238 rons bientost l'honneur de vs voir pr icy jespere q

2850 1947 2157 230 seffera pr fartir d'a faie et pouvoir commances p

2851 2074 1629 158 une nouveau compte estant toois jours

3962 2191 400 123 2 gain

2721 2204 888 140 Brusselle h: eyssels

2786 2222 2235 189 & tot antwort op ue aengenaeme van 18 deseren sal de

2826 2357 2180 117 mentioneerde somme om ue dienst te doen dan niet voor

2815 2437 2231 113 in d'andere maent trecken ick en sonder ue nachteniemert

2805 2513 2232 108 van mijne vrinden geme in commoderere  mij dan

2796 2556 2207 148 van ceen passeeren waer op in alle occsien contstaet

2800 2651 2227 143 maeckin ue gelieft voorders te me den het en is niet noodish

2814 2737 2214 129 eenige clachten te doen alsoo alles ue wel besent is ick proter

2810 2794 2244 158 tere ue als eerelijke man dien temyn niet te connenpe

2804 2892 2191 137 netreren ende nergens kennise van te hebbe usser eet dat

2799 2955 2242 154 mijnen last ue sal osnen voor mij estims te hebbe van

2802 3026 2261 177 mij daer paert van te willen geven eyde i sal het

2802 3104 2255 152 occasien particceliur catimire ie sal vn wegnige weeke

2796 3194 2243 138 een soortement van alderhande goederen met godts gratie by

2778 3282 2171 116 malcaderen hebben dat ue sijn leven diegelk nochte

2772 3335 2210 151 sehonder en sal hebben gesen  van een ncewe en ue

2780 3417 2241 160 perfine fabriques die exprishibben doer maecken cit dan hot

2798 3482 2224 158 ue diinst voor vallende geeft maer uyt te coemen ende ick sal

2782 3547 2255 162 trachtens ue wel en naer ue contentement ende het ue advesst

2783 3608 2270 155 tes edienen dil naer cordiele yroctenede als ami

2802 3681 2196 133 verwachtede het versocht is csirrent van e  in
