5597 3881
1709 37 570 123 24 meert

561 40 756 147 Brusselle Ii haegens

664 113 2122 159 mits hede het geluck niet meer gehadt en hebbe van ue te

668 227 2051 152 sien soo oordeele ue te wesen vertrocken hadde

710 316 2052 176 dan conform ue ordre het paxke van 2 achter

705 398 2025 203 mid dagh scheep gesonde doch alsoo ue tholbrief

708 508 2067 138 niet en was soo heeft het den schon niet wille

726 604 2011 180 mede nemen soo bidde op ontfanck deser ue

729 696 2015 224 thold af te sende ick sal n en devoeren

727 799 1995 228 doen om met den selve beurt

753 924 1973 214 laeden afwachtende met het gene noch

755 1029 1978 206 van ue commende  magh wesen soo

761 1181 837 193 blijve van herte

569 1233 1876 254 Brusselle michiel van schoor 24 meert

694 1409 2064 208 In lange de eere niet gehadt ue iets te vercoope

700 1516 2043 170 oft ue ten mijnen huysen te dien daer nochh

723 1620 2055 202 tans wel wenste de begonne kennisse te moge

741 1731 2047 171 oo en onderhoude  moet seeker weten

741 1837 2009 184 dat ick doen can wat een ander doet ende

756 1945 2038 169 ick soo genegen ben als iemant mede werck

756 2056 2029 181 can om de affairens te queken het is

764 2203 2014 145 waer dat de goederen monteren seer nies te

768 2270 2018 175 men ick hebbe op voor act een goede partye

751 2386 2036 169 by mij en gerieve mijne  nochal

756 2487 2027 197 op tot civilen prijs soo lanck als dueren

781 2601 2011 201 gelieft ue daer mede paert het is tot

767 2707 1998 224 weest verseekert dat ick van seer schoon ge

767 2835 1956 190 rieft voorsien ben hebbe de vrijheyt genoe

773 2914 2029 226 men van heden op ue te trecken op 8 daegen

769 3026 1965 152 sicht aen d'ordre DH anthoine nocesseau

781 3146 1955 183 de somme van £37:8:9 wesen de

778 3252 1979 136 port van het partijcken aen ue geleeveert

767 3379 2024 172 21 may 1712 dat bidde conform te verheeren

784 3452 1937 217 en ue sal verobligeren die blijve in alle

783 3594 474 149 occasien

4301 0 496 160 29 meert

2835 30 797 152 Brusselle J:B: alexis

2891 110 2256 149 hebbe ue seer aengenaeme van 22 deser wel ontfange

2895 202 2219 168 met ue acceptatie op sicht aen mijn ordre van

2912 301 2163 153 ƒ200  dat heden aen dh anthoine rosseau

2918 403 2188 150 hebbe afgerond bidde het selve dan te vertieeren

2930 507 2169 125 het doet mij seer te vernemen dat het met de

2934 596 2201 139 negotie ten het debis soo sleht gaet dat worden

2946 690 2163 154 mij tot ons leet wesen genoch gevaer weent

2925 795 2162 196 men sich niemant overcoemen naht doen

2928 909 2248 174 en is niet te vercoopen  tegens

2915 1034 2266 164 soo men crende goederen

2924 1115 2186 199 en meer in engelant en oock de wissel

2934 1257 2217 176 doet soo eeens iderabel  een voorle de

2948 1330 2149 207 jeaer dat het ongeloofelijck is ick staen

2917 1443 2193 157 telt ende en  geen goet

2931 1583 2174 167 het is waer ick hebbe wat precautie ge

2925 1691 2185 156 nomen en hebbe goede partyie op vooraet

2927 1771 2149 184 gecregen daer mijn  mede onder

2934 1878 2177 165 houde hoe het gaet oft niet deser moet ne

2825 2005 2308 158 en dan versch soortiment en e

2833 2105 2299 184 kel weren ende en twijfele niet oft ue sal

2939 2206 2197 163 al voor passchen over comen gelift ue mij

2951 2326 2162 155 den pennink te  ik saldiel

2935 2447 2199 203 ceveel afscheijde en en ue van schoon sorde

2917 2562 1860 154 ment bedienen en blijve van harte

4281 2685 487 123 25 meert

2902 2667 1100 158 onden Livinus de dorpere

2894 2790 2211 124 gedraege mij aen mijnen laeste van 16 court

2919 2846 2208 163 heeft mij  burette van rijssel niet connende

2939 2931 2182 157 remitteeren geordonnert te trecken het iport

2930 3045 2195 162 van £110 gelijck gedaen hebbe daer tegen remitte

4613 3153 107 62 d

2930 3155 2219 110 ie ue in gesloeten  75 van 3 meert  op de wed

2925 3221 2225 180 maissoone Aen soone en  £42:12:5 op gio

2936 3364 2220 103 Batisto de Mayer uyt levorno 13 februarr wos te

2923 3429 2235 155 saemen £117:12:5 waer voorens mij geleve te credite

2948 3515 2134 133 ren en te debiteren £ 110 voor de weerde voor

2964 3608 2150 155 ue reck op ditto heere burette getrocken can ick

2960 3669 2185 142 ue in diergelijcke affairens bedienen gelieft van mij
