5326 3917
330 61 2119 120 dat ick triecke in an ddellertijdt ue en betaelt van

372 118 2130 156 selfs niet: wat wilt ue dan hebben dat ick doen

369 207 2168 168 ikk en can sonder geldt insgelijckx niet negotieeren

365 288 2059 167 en als ue met mijne conditie niet en gelieft te

397 396 2096 159 vreden te wesen. soo hebbe liever betaelt te sjn

405 497 2144 173 ende niet meer te negotieeren. het en t geens

402 580 2113 209 plaisir te wercken, sijn geldt uyt te staen ende

378 670 2129 191 re verliesen in plaetsche van eenen ugvir

411 776 2132 157 te winnen. het can wel wesen datter weynigh

410 865 2095 166 te ontfangen is dat worde ick mede wel gewaer

426 964 2119 148 endes is mij leet genoegh ende doet mij doen dat

412 1052 2097 175 ick in andere gelegerst heden niet doen en sonde

424 1151 1994 168 ick hebbe present met allen mijn cappisael

433 1270 2013 150 werck genoegh om op tepasten ende heerejcn

401 1343 2085 171 het gene ick schuldigh ben te connen betaelen

425 1440 2038 159 alle de versche goederen coemen seffens ende

440 1551 2110 161 cte moete sorghe draeghen dat ick mijn crediet

458 1649 2079 157 en reputatie mainyneere daerom en gelieft

387 1751 2085 204 geen tyyt stal te vraeghen naer mij soo e

459 1844 2037 189 clejn taveur voor soo een groote somme die

424 1963 2100 149 ue mij schuldigh is niet te weijgeren waer ops

335 2065 2135 176 mij sal verlaeten ue overcoemende sal altijdts

435 2146 2029 182 goet sortiment ende dot goeden coop hebben

471 2250 1054 149 ende my vinden

260 2294 2214 230 Londonscawen et Srockdale Ady 14 aApri 1712

432 2439 2063 160 met dernieres a vos graces sont du 7 et 9 du couse

414 2537 2108 165 lesquelles i'espere vous seront bien parvenu ces pour

367 2640 2108 187 De present ceiourdhuy ie vienne de recevoirt la

416 2746 2093 158 chere vre du 28 du paste & par la quelle vous m'adviser

395 2832 2094 143 d'avoir achepte spout  £500:- d'actions dans la

441 2931 2044 180 compagnie des judes pour mon compte a 15 pr

447 3035 1937 178 ce quiil m'est tres agreable esperant

471 3103 1998 216 vous en aurez encor  £5500:- comme ie

472 3216 1990 190 vous ay prie pour non compte pour me faire

420 3312 2109 189 en registrer pour nne acti on eptier de  £1000:-

445 3417 1957 160 donti en attend vos nouvelles au premier

460 3531 1988 161 et le compte ie ne compreme pas que vous

419 3608 1993 179 devez avoir une procuration ous me faire

475 3709 2062 148 enregistrer et faire connoistre pour priu pa

2804 84 2206 157 et im appertenant: sion mepeu bien faire riches mais

2810 164 2222 165 poup faire souffrir sans mon ordre ou ma comoissesa

2801 269 2236 157 non obstant si cela se pratique ainsy chez vous ie les horay

2814 371 2105 171 ayant vre advis de ssaultoes £500:- que ie vous ley

2802 476 2227 145 ordonnee. en mes me temps de passeray procuration

2821 623 2119 119 et ausoy montrere danst uu et le mesme acre

2794 705 2237 150 pour evirer les frain sur vous pour recevoir los intr sn

2809 820 2134 147 toeus les trois mois a cette sin ie vous prie de

2790 873 2212 184 nous envoyeer une petitte memoire comme cette

2816 987 2115 184 procuration dosbt estre afin pirt ny manque

2766 1076 2222 179 teden. de l'aurois volouwerten hancois ca il my

2819 1172 2073 194 a point de notaires pr. icy quires sientendent a

2813 1276 2218 180 franglois. vous saluant et en attendant te me dit

2776 1404 1978 210 Ladind Lourr Cillebont Ady 15 April 171

2798 1537 2203 200 ick hebbe ue drij aengenaeme van 27 sber 13 xber haest

2805 1666 2216 133 als mede van 20 past. wel ontfangen ende de ineloses doen

2789 1778 2130 105 behandighen: hebbe weynigh motiet gevonden om te

2809 1865 2230 123 antwoorden oft ue niet porten Jan brieven te chargeeren

2804 1951 2220 154 de adviuist ratre ver wijsen hebbe op mij genoemen

2811 2072 2225 91 als ick een gheel jaer hure der selve coneg het sal hebben

2790 2137 2163 109 ontfangen soo sal ue allijck saeder saligher eene

2815 2208 2130 149 rekene formeeren en sende u daer moet vrij al wat

2797 2321 2233 134 reparatie gedaen worden dogh ick sal alles men ageere

2805 2393 2205 131 alijlen sijn hier te lande waere cruijssen ende maer

2780 2530 2177 130 tot charge dan tot advantagie ende alles coemt tot

2799 2612 2185 99 niet door het cadvceeren van de ingotie men seght

2797 2697 2068 136 den vrede voor vost voorsganck sal hebben godt

2789 2772 2245 159 wilt nederwaerts sien en onse Arine ieder landen

2767 2896 2243 121 ontfermen den heere sij gebenedydt het overige van

2787 2977 2201 147 de galeones salvois gaen moet met den wille godts

2789 3097 2175 110 te vreden wesen. hoe droevieh de rekene te boeck

2802 3164 2124 119 staet te coemen oft niet bidde die soo haest

2748 3265 2269 130 het ue moogelijck sal weten te senden want in het

2760 3325 2183 181 sterhuys mij ue vaeders saligher resteert buyten dat

2801 3461 2169 137 wejnigh seeeffenen endedick soude geerne voorseven

2805 3522 2118 156 ensterven van ales een eynde heven met den

2777 3641 2189 129 aenstaenden vrede verhoepe de negetie p alle

2728 3725 2233 103 gewest en meer faveus sal geven ue iets van
