<?xml version="1.0" encoding="UTF-8"?>
<alto xmlns:xsi="http://www.w3.org/2001/XMLSchema-instance"
      xmlns="http://www.loc.gov/standards/alto/ns-v4#"
      xmlns:page="http://schema.primaresearch.org/PAGE/gts/pagecontent/2013-07-15"
      xsi:schemaLocation="http://www.loc.gov/standards/alto/ns-v4# https://www.loc.gov/standards/alto/v4/alto.xsd">
   <Description>
      <MeasurementUnit>pixel</MeasurementUnit>
      <OCRProcessing ID="IdOcr">
         <ocrProcessingStep>
            <processingDateTime>2022-02-11T21:31:49.505+01:00</processingDateTime>
            <processingSoftware>
               <softwareCreator>READ COOP</softwareCreator>
               <softwareName>Transkribus</softwareName>
            </processingSoftware>
         </ocrProcessingStep>
      </OCRProcessing>
   </Description>
   <Layout>
      <Page ID="Page1" PHYSICAL_IMG_NR="1" HEIGHT="3889" WIDTH="5413">
         <TopMargin HEIGHT="0" WIDTH="5413" VPOS="0" HPOS="0"/>
         <LeftMargin HEIGHT="3889" WIDTH="0" VPOS="0" HPOS="0"/>
         <RightMargin HEIGHT="3889" WIDTH="0" VPOS="0" HPOS="5413"/>
         <BottomMargin HEIGHT="0" WIDTH="5413" VPOS="3889" HPOS="0"/>
         <PrintSpace HEIGHT="3889" WIDTH="5413" VPOS="0" HPOS="0">
            <TextBlock ID="region_1637682498168_3989"
                       HEIGHT="3821"
                       WIDTH="2310"
                       VPOS="41"
                       HPOS="421">
               <Shape>
                  <Polygon POINTS="421,41 2731,41 2731,3862 421,3862"/>
               </Shape>
               <TextLine ID="region_1637682498168_3989l1"
                         BASELINE="540,122 649,124 759,126 868,128 978,127 1088,126 1197,124 1307,122 1416,118 1526,116 1636,114 1745,112 1855,111 1964,110 2074,112 2184,114 2293,118 2403,123 2512,130 2622,139 2732,150"
                         HEIGHT="132"
                         WIDTH="2221"
                         VPOS="39"
                         HPOS="526">
                  <String ID="string_region_1637682498168_3989l1"
                          HEIGHT="132"
                          WIDTH="2221"
                          VPOS="39"
                          HPOS="526"
                          CONTENT="et celu ne peut pos cau il s a presentement plus de 1"/>
               </TextLine>
               <TextLine ID="region_1637682498168_3989l2"
                         BASELINE="574,236 680,233 786,230 893,226 999,224 1106,222 1212,220 1318,218 1425,218 1531,216 1638,216 1744,216 1850,216 1957,216 2063,216 2170,216 2276,216 2382,216 2489,218 2595,218 2702,218"
                         HEIGHT="140"
                         WIDTH="2157"
                         VPOS="123"
                         HPOS="558">
                  <String ID="string_region_1637682498168_3989l2"
                          HEIGHT="140"
                          WIDTH="2157"
                          VPOS="123"
                          HPOS="558"
                          CONTENT="de la difference nonobstants p plus ou moins e"/>
               </TextLine>
               <TextLine ID="region_1637682498168_3989l3"
                         BASELINE="554,338 662,334 770,330 878,326 986,322 1094,320 1202,316 1310,314 1418,312 1526,311 1634,310 1742,310 1850,308 1958,308 2066,308 2174,310 2282,310 2390,312 2498,314 2606,315 2714,318"
                         HEIGHT="132"
                         WIDTH="2188"
                         VPOS="218"
                         HPOS="540">
                  <String ID="string_region_1637682498168_3989l3"
                          HEIGHT="132"
                          WIDTH="2188"
                          VPOS="218"
                          HPOS="540"
                          CONTENT="n'est pas une affare vs l'aurez encor a 112 en attes"/>
               </TextLine>
               <TextLine ID="region_1637682498168_3989l4"
                         BASELINE="586,430 693,425 800,421 907,417 1014,412 1122,410 1229,408 1336,405 1443,404 1550,402 1658,400 1765,400 1872,400 1979,400 2086,400 2194,400 2301,400 2408,400 2515,402 2622,402 2730,404"
                         HEIGHT="136"
                         WIDTH="2172"
                         VPOS="315"
                         HPOS="572">
                  <String ID="string_region_1637682498168_3989l4"
                          HEIGHT="136"
                          WIDTH="2172"
                          VPOS="315"
                          HPOS="572"
                          CONTENT="dans l'honneurt de vre reponce et l'honneur de vos com"/>
               </TextLine>
               <TextLine ID="region_1637682498168_3989l5"
                         BASELINE="594,528 699,523 804,518 909,514 1014,511 1120,508 1225,505 1330,502 1435,501 1540,500 1646,498 1751,496 1856,496 1961,494 2066,494 2172,494 2277,492 2382,492 2487,492 2592,490 2698,490"
                         HEIGHT="122"
                         WIDTH="2135"
                         VPOS="429"
                         HPOS="578">
                  <String ID="string_region_1637682498168_3989l5"
                          HEIGHT="122"
                          WIDTH="2135"
                          VPOS="429"
                          HPOS="578"
                          CONTENT="mondement pr tout ce quil se peut ofris de vre sex"/>
               </TextLine>
               <TextLine ID="region_1637682498168_3989l6"
                         BASELINE="594,622 627,622 660,623 693,624 726,624 759,624 792,624 825,623 858,622 891,621 925,620 958,619 991,618 1024,616 1057,614 1090,611 1123,610 1156,608 1189,606 1222,603 1256,600"
                         HEIGHT="135"
                         WIDTH="692"
                         VPOS="521"
                         HPOS="579">
                  <String ID="string_region_1637682498168_3989l6"
                          HEIGHT="135"
                          WIDTH="692"
                          VPOS="521"
                          HPOS="579"
                          CONTENT="vreu je me dit"/>
               </TextLine>
               <TextLine ID="region_1637682498168_3989l7"
                         BASELINE="1852,680 1878,678 1904,677 1931,676 1957,674 1983,674 2010,674 2036,672 2062,672 2089,672 2115,672 2141,672 2168,672 2194,672 2220,670 2247,670 2273,669 2299,668 2326,666"
                         HEIGHT="123"
                         WIDTH="505"
                         VPOS="597"
                         HPOS="1837">
                  <String ID="string_region_1637682498168_3989l7"
                          HEIGHT="123"
                          WIDTH="505"
                          VPOS="597"
                          HPOS="1837"
                          CONTENT="12 pbe 1712"/>
               </TextLine>
               <TextLine ID="region_1637682498168_3989l8"
                         BASELINE="474,734 526,730 579,728 631,724 684,722 736,720 789,718 841,715 894,712 946,710 999,708 1051,706 1104,704 1156,701 1209,698 1261,697 1314,694 1366,692 1419,689 1471,687 1524,684"
                         HEIGHT="196"
                         WIDTH="1083"
                         VPOS="594"
                         HPOS="456">
                  <String ID="string_region_1637682498168_3989l8"
                          HEIGHT="196"
                          WIDTH="1083"
                          VPOS="594"
                          HPOS="456"
                          CONTENT="Londen cauwen et stock dale"/>
               </TextLine>
               <TextLine ID="region_1637682498168_3989l9"
                         BASELINE="536,826 645,818 754,810 863,802 973,797 1082,792 1191,786 1301,782 1410,778 1519,776 1629,772 1738,770 1847,768 1956,768 2066,768 2175,766 2284,766 2394,768 2503,768 2612,768 2722,770"
                         HEIGHT="181"
                         WIDTH="2213"
                         VPOS="702"
                         HPOS="521">
                  <String ID="string_region_1637682498168_3989l9"
                          HEIGHT="181"
                          WIDTH="2213"
                          VPOS="702"
                          HPOS="521"
                          CONTENT="Jay receu en son temps les 3 cheres vre de 10:13 et 24 e"/>
               </TextLine>
               <TextLine ID="region_1637682498168_3989l10"
                         BASELINE="588,908 691,900 795,891 898,884 1002,879 1105,873 1209,869 1312,866 1416,862 1519,860 1623,858 1726,857 1830,856 1933,856 2037,854 2140,854 2244,854 2347,854 2451,854 2554,854 2658,854"
                         HEIGHT="156"
                         WIDTH="2099"
                         VPOS="755"
                         HPOS="573">
                  <String ID="string_region_1637682498168_3989l10"
                          HEIGHT="156"
                          WIDTH="2099"
                          VPOS="755"
                          HPOS="573"
                          CONTENT="pr les premieres sfactures eschantillion et connes eemen"/>
               </TextLine>
               <TextLine ID="region_1637682498168_3989l11"
                         BASELINE="598,982 703,978 809,975 914,970 1020,967 1126,962 1231,958 1337,954 1442,950 1548,946 1654,942 1759,940 1865,938 1970,936 2076,934 2182,934 2287,934 2393,934 2498,936 2604,938 2710,942"
                         HEIGHT="75"
                         WIDTH="2144"
                         VPOS="900"
                         HPOS="581">
                  <String ID="string_region_1637682498168_3989l11"
                          HEIGHT="75"
                          WIDTH="2144"
                          VPOS="900"
                          HPOS="581"
                          CONTENT="d'un baleot &amp; 14 charge pr rosterdam dans le vaissea"/>
               </TextLine>
               <TextLine ID="region_1637682498168_3989l12"
                         BASELINE="626,1062 725,1062 825,1062 924,1060 1024,1056 1124,1054 1223,1049 1323,1045 1422,1040 1522,1036 1622,1031 1721,1026 1821,1022 1920,1018 2020,1014 2120,1012 2219,1010 2319,1010 2418,1010 2518,1013 2618,1016"
                         HEIGHT="170"
                         WIDTH="2023"
                         VPOS="933"
                         HPOS="609">
                  <String ID="string_region_1637682498168_3989l12"
                          HEIGHT="170"
                          WIDTH="2023"
                          VPOS="933"
                          HPOS="609"
                          CONTENT="de Janmes lasch dont juy advis quily est grace a"/>
               </TextLine>
               <TextLine ID="region_1637682498168_3989l13"
                         BASELINE="618,1158 720,1158 822,1156 924,1152 1026,1148 1128,1144 1230,1138 1332,1133 1434,1129 1536,1124 1638,1119 1740,1115 1842,1111 1944,1108 2046,1106 2148,1104 2250,1104 2352,1106 2454,1110 2556,1115 2658,1122"
                         HEIGHT="172"
                         WIDTH="2071"
                         VPOS="1038"
                         HPOS="603">
                  <String ID="string_region_1637682498168_3989l13"
                          HEIGHT="172"
                          WIDTH="2071"
                          VPOS="1038"
                          HPOS="603"
                          CONTENT="seegner bier anrecer on demier je vois le compte"/>
               </TextLine>
               <TextLine ID="region_1637682498168_3989l14"
                         BASELINE="642,1260 745,1256 848,1252 951,1246 1054,1240 1157,1235 1260,1227 1363,1222 1466,1216 1569,1210 1672,1206 1775,1202 1878,1197 1981,1194 2084,1194 2187,1192 2290,1194 2393,1196 2496,1201 2599,1208 2702,1216"
                         HEIGHT="217"
                         WIDTH="2089"
                         VPOS="1105"
                         HPOS="627">
                  <String ID="string_region_1637682498168_3989l14"
                          HEIGHT="217"
                          WIDTH="2089"
                          VPOS="1105"
                          HPOS="627"
                          CONTENT="court q 'examiniray et trouvant juit ie les le qu"/>
               </TextLine>
               <TextLine ID="region_1637682498168_3989l15"
                         BASELINE="670,1350 772,1348 874,1346 976,1343 1078,1338 1181,1332 1283,1328 1385,1322 1487,1316 1589,1310 1692,1304 1794,1300 1896,1294 1998,1290 2100,1288 2203,1286 2305,1287 2407,1288 2509,1292 2611,1298 2714,1306"
                         HEIGHT="181"
                         WIDTH="2075"
                         VPOS="1195"
                         HPOS="652">
                  <String ID="string_region_1637682498168_3989l15"
                          HEIGHT="181"
                          WIDTH="2075"
                          VPOS="1195"
                          HPOS="652"
                          CONTENT="deray contam sur mes livrer vs debitant de nesme"/>
               </TextLine>
               <TextLine ID="region_1637682498168_3989l16"
                         BASELINE="662,1454 763,1454 865,1454 966,1451 1068,1447 1170,1444 1271,1437 1373,1432 1474,1426 1576,1419 1678,1413 1779,1408 1881,1403 1982,1399 2084,1396 2186,1396 2287,1396 2389,1399 2490,1404 2592,1411 2694,1422"
                         HEIGHT="221"
                         WIDTH="2067"
                         VPOS="1297"
                         HPOS="644">
                  <String ID="string_region_1637682498168_3989l16"
                          HEIGHT="221"
                          WIDTH="2067"
                          VPOS="1297"
                          HPOS="644"
                          CONTENT=" 25 p mor divident dan la compaqnie des un"/>
               </TextLine>
               <TextLine ID="region_1637682498168_3989l17"
                         BASELINE="662,1548 762,1548 862,1548 962,1546 1062,1543 1163,1540 1263,1536 1363,1532 1463,1528 1563,1524 1664,1520 1764,1516 1864,1514 1964,1511 2064,1508 2165,1508 2265,1508 2365,1509 2465,1512 2565,1515 2666,1520"
                         HEIGHT="145"
                         WIDTH="2037"
                         VPOS="1426"
                         HPOS="645">
                  <String ID="string_region_1637682498168_3989l17"
                          HEIGHT="145"
                          WIDTH="2037"
                          VPOS="1426"
                          HPOS="645"
                          CONTENT="des esse st mechiel dernier mais ge rqu "/>
               </TextLine>
               <TextLine ID="region_1637682498168_3989l18"
                         BASELINE="662,1644 762,1644 863,1643 964,1641 1065,1638 1166,1634 1266,1631 1367,1626 1468,1622 1569,1617 1670,1613 1770,1610 1871,1607 1972,1604 2073,1604 2174,1604 2274,1606 2375,1610 2476,1616 2577,1622 2678,1634"
                         HEIGHT="214"
                         WIDTH="2047"
                         VPOS="1513"
                         HPOS="646">
                  <String ID="string_region_1637682498168_3989l18"
                          HEIGHT="214"
                          WIDTH="2047"
                          VPOS="1513"
                          HPOS="646"
                          CONTENT="q vs prinne de revenue de cett argent 2½ p de"/>
               </TextLine>
               <TextLine ID="region_1637682498168_3989l19"
                         BASELINE="670,1738 773,1736 876,1733 979,1730 1082,1726 1185,1723 1288,1720 1391,1716 1494,1714 1597,1712 1701,1710 1804,1708 1907,1708 2010,1708 2113,1708 2216,1710 2319,1714 2422,1718 2525,1723 2628,1731 2732,1740"
                         HEIGHT="182"
                         WIDTH="2092"
                         VPOS="1614"
                         HPOS="655">
                  <String ID="string_region_1637682498168_3989l19"
                          HEIGHT="182"
                          WIDTH="2092"
                          VPOS="1614"
                          HPOS="655"
                          CONTENT="commission ca quil est iuraisonable et dans jespe"/>
               </TextLine>
               <TextLine ID="region_1637682498168_3989l20"
                         BASELINE="666,1830 767,1830 868,1832 969,1830 1070,1828 1171,1826 1272,1824 1373,1820 1474,1817 1575,1814 1676,1810 1777,1808 1878,1806 1979,1804 2080,1804 2181,1804 2282,1806 2383,1809 2484,1815 2585,1821 2686,1830"
                         HEIGHT="171"
                         WIDTH="2050"
                         VPOS="1714"
                         HPOS="651">
                  <String ID="string_region_1637682498168_3989l20"
                          HEIGHT="171"
                          WIDTH="2050"
                          VPOS="1714"
                          HPOS="651"
                          CONTENT="q as vs contenterez de moins ayant eu le courtage et "/>
               </TextLine>
               <TextLine ID="region_1637682498168_3989l21"
                         BASELINE="650,1928 750,1930 851,1932 952,1932 1053,1932 1154,1930 1255,1927 1356,1924 1457,1921 1558,1918 1659,1915 1759,1912 1860,1910 1961,1908 2062,1908 2163,1908 2264,1910 2365,1912 2466,1917 2567,1924 2668,1932"
                         HEIGHT="187"
                         WIDTH="2046"
                         VPOS="1814"
                         HPOS="636">
                  <String ID="string_region_1637682498168_3989l21"
                          HEIGHT="187"
                          WIDTH="2046"
                          VPOS="1814"
                          HPOS="636"
                          CONTENT="la proiision de capital £8:5 et qui ne vs mn"/>
               </TextLine>
               <TextLine ID="region_1637682498168_3989l22"
                         BASELINE="674,2026 773,2028 873,2030 973,2029 1073,2028 1173,2026 1273,2024 1373,2020 1473,2018 1573,2014 1673,2011 1772,2008 1872,2006 1972,2003 2072,2002 2172,2000 2272,2001 2372,2002 2472,2005 2572,2009 2672,2016"
                         HEIGHT="179"
                         WIDTH="2027"
                         VPOS="1908"
                         HPOS="660">
                  <String ID="string_region_1637682498168_3989l22"
                          HEIGHT="179"
                          WIDTH="2027"
                          VPOS="1908"
                          HPOS="660"
                          CONTENT="quitons pas encor loisque je souhaitte les vendre de "/>
               </TextLine>
               <TextLine ID="region_1637682498168_3989l23"
                         BASELINE="666,2148 764,2142 862,2135 960,2130 1058,2124 1157,2119 1255,2116 1353,2112 1451,2108 1549,2106 1648,2102 1746,2100 1844,2098 1942,2098 2040,2096 2139,2096 2237,2094 2335,2094 2433,2094 2531,2094 2630,2096"
                         HEIGHT="194"
                         WIDTH="1994"
                         VPOS="2003"
                         HPOS="652">
                  <String ID="string_region_1637682498168_3989l23"
                          HEIGHT="194"
                          WIDTH="1994"
                          VPOS="2003"
                          HPOS="652"
                          CONTENT="temps en tep me charqeez aussy d'avane d'argent a "/>
               </TextLine>
               <TextLine ID="region_1637682498168_3989l24"
                         BASELINE="646,2246 748,2240 851,2234 953,2229 1056,2223 1159,2220 1261,2215 1364,2210 1466,2208 1569,2204 1672,2202 1774,2200 1877,2197 1979,2196 2082,2194 2185,2194 2287,2194 2390,2194 2492,2194 2595,2196 2698,2196"
                         HEIGHT="139"
                         WIDTH="2084"
                         VPOS="2102"
                         HPOS="630">
                  <String ID="string_region_1637682498168_3989l24"
                          HEIGHT="139"
                          WIDTH="2084"
                          VPOS="2102"
                          HPOS="630"
                          CONTENT="quil monte de puis peu biun £13 de cettemaniere "/>
               </TextLine>
               <TextLine ID="region_1637682498168_3989l25"
                         BASELINE="654,2338 757,2334 860,2328 963,2322 1066,2318 1170,2311 1273,2307 1376,2303 1479,2299 1582,2296 1686,2292 1789,2290 1892,2290 1995,2288 2098,2288 2202,2289 2305,2290 2408,2294 2511,2296 2614,2301 2718,2308"
                         HEIGHT="156"
                         WIDTH="2095"
                         VPOS="2199"
                         HPOS="638">
                  <String ID="string_region_1637682498168_3989l25"
                          HEIGHT="156"
                          WIDTH="2095"
                          VPOS="2199"
                          HPOS="638"
                          CONTENT="il y a tas mojen q je piess trouver mon compte vous pe"/>
               </TextLine>
               <TextLine ID="region_1637682498168_3989l26"
                         BASELINE="650,2430 752,2429 854,2426 956,2424 1058,2420 1160,2415 1262,2410 1364,2406 1466,2402 1568,2397 1671,2393 1773,2390 1875,2386 1977,2384 2079,2384 2181,2384 2283,2384 2385,2388 2487,2392 2589,2400 2692,2406"
                         HEIGHT="143"
                         WIDTH="2072"
                         VPOS="2307"
                         HPOS="635">
                  <String ID="string_region_1637682498168_3989l26"
                          HEIGHT="143"
                          WIDTH="2072"
                          VPOS="2307"
                          HPOS="635"
                          CONTENT="les autres ne le font ni l'on jamais fait non plus je"/>
               </TextLine>
               <TextLine ID="region_1637682498168_3989l27"
                         BASELINE="656,2510 759,2510 862,2508 965,2506 1069,2504 1172,2500 1275,2496 1379,2494 1482,2490 1585,2488 1689,2486 1792,2484 1895,2484 1998,2484 2102,2486 2205,2489 2308,2494 2412,2499 2515,2508 2618,2518 2722,2532"
                         HEIGHT="170"
                         WIDTH="2094"
                         VPOS="2390"
                         HPOS="642">
                  <String ID="string_region_1637682498168_3989l27"
                          HEIGHT="170"
                          WIDTH="2094"
                          VPOS="2390"
                          HPOS="642"
                          CONTENT="vs ay de l'obeligation pr les euus q'rendres au "/>
               </TextLine>
               <TextLine ID="region_1637682498168_3989l28"
                         BASELINE="606,2614 711,2609 817,2605 922,2601 1028,2597 1134,2594 1239,2590 1345,2588 1450,2586 1556,2584 1662,2582 1767,2582 1873,2582 1978,2584 2084,2586 2190,2588 2295,2592 2401,2597 2506,2602 2612,2610 2718,2618"
                         HEIGHT="170"
                         WIDTH="2140"
                         VPOS="2488"
                         HPOS="592">
                  <String ID="string_region_1637682498168_3989l28"
                          HEIGHT="170"
                          WIDTH="2140"
                          VPOS="2488"
                          HPOS="592"
                          CONTENT="denis de rasse mais il n'est pas encor parti ce jourdhuy"/>
               </TextLine>
               <TextLine ID="region_1637682498168_3989l29"
                         BASELINE="632,2688 732,2688 833,2686 934,2684 1035,2682 1136,2680 1236,2678 1337,2676 1438,2674 1539,2672 1640,2672 1740,2672 1841,2672 1942,2672 2043,2674 2144,2676 2244,2678 2345,2682 2446,2687 2547,2693 2648,2700"
                         HEIGHT="156"
                         WIDTH="2043"
                         VPOS="2592"
                         HPOS="618">
                  <String ID="string_region_1637682498168_3989l29"
                          HEIGHT="156"
                          WIDTH="2043"
                          VPOS="2592"
                          HPOS="618"
                          CONTENT="jen vienne de necevoir une lettre pr n omn marque"/>
               </TextLine>
               <TextLine ID="region_1637682498168_3989l30"
                         BASELINE="616,2772 720,2774 825,2774 929,2774 1034,2772 1139,2772 1243,2770 1348,2770 1452,2768 1557,2768 1662,2766 1766,2766 1871,2766 1975,2768 2080,2770 2185,2772 2289,2775 2394,2778 2498,2784 2603,2790 2708,2798"
                         HEIGHT="151"
                         WIDTH="2123"
                         VPOS="2697"
                         HPOS="601">
                  <String ID="string_region_1637682498168_3989l30"
                          HEIGHT="151"
                          WIDTH="2123"
                          VPOS="2697"
                          HPOS="601"
                          CONTENT="quil at este prest pr sembarquer a duniscerque may"/>
               </TextLine>
               <TextLine ID="region_1637682498168_3989l31"
                         BASELINE="612,2870 714,2868 817,2866 920,2863 1023,2862 1126,2860 1228,2858 1331,2858 1434,2856 1537,2856 1640,2856 1742,2858 1845,2858 1948,2860 2051,2862 2154,2864 2256,2866 2359,2870 2462,2874 2565,2878 2668,2882"
                         HEIGHT="110"
                         WIDTH="2086"
                         VPOS="2810"
                         HPOS="597">
                  <String ID="string_region_1637682498168_3989l31"
                          HEIGHT="110"
                          WIDTH="2086"
                          VPOS="2810"
                          HPOS="597"
                          CONTENT="quil ne peus partirni entrer en angiterre sans peu"/>
               </TextLine>
               <TextLine ID="region_1637682498168_3989l32"
                         BASELINE="616,2964 721,2961 827,2958 933,2956 1039,2954 1145,2952 1250,2950 1356,2950 1462,2948 1568,2950 1674,2950 1779,2952 1885,2954 1991,2958 2097,2961 2203,2966 2308,2971 2414,2978 2520,2987 2626,2996 2732,3006"
                         HEIGHT="153"
                         WIDTH="2145"
                         VPOS="2882"
                         HPOS="602">
                  <String ID="string_region_1637682498168_3989l32"
                          HEIGHT="153"
                          WIDTH="2145"
                          VPOS="2882"
                          HPOS="602"
                          CONTENT="mission on un passeport an fos je vs prie en cepont"/>
               </TextLine>
               <TextLine ID="region_1637682498168_3989l33"
                         BASELINE="620,3052 724,3050 829,3046 934,3044 1039,3042 1144,3040 1249,3038 1354,3036 1459,3036 1564,3036 1669,3036 1773,3038 1878,3040 1983,3042 2088,3047 2193,3052 2298,3059 2403,3066 2508,3077 2613,3087 2718,3100"
                         HEIGHT="144"
                         WIDTH="2125"
                         VPOS="2966"
                         HPOS="607">
                  <String ID="string_region_1637682498168_3989l33"
                          HEIGHT="144"
                          WIDTH="2125"
                          VPOS="2966"
                          HPOS="607"
                          CONTENT="de cette de m'en envoyier un pr luy il est natis o"/>
               </TextLine>
               <TextLine ID="region_1637682498168_3989l34"
                         BASELINE="632,3150 735,3146 839,3142 943,3138 1047,3134 1151,3130 1254,3128 1358,3126 1462,3124 1566,3124 1670,3124 1773,3124 1877,3126 1981,3128 2085,3132 2189,3137 2292,3144 2396,3152 2500,3162 2604,3172 2708,3186"
                         HEIGHT="184"
                         WIDTH="2105"
                         VPOS="3033"
                         HPOS="617">
                  <String ID="string_region_1637682498168_3989l34"
                          HEIGHT="184"
                          WIDTH="2105"
                          VPOS="3033"
                          HPOS="617"
                          CONTENT="habitant de tournay cest la race q je vs demande"/>
               </TextLine>
               <TextLine ID="region_1637682498168_3989l35"
                         BASELINE="652,3248 696,3242 741,3239 785,3234 830,3229 874,3226 919,3224 963,3222 1008,3220 1052,3220 1097,3218 1141,3218 1186,3216 1230,3216 1275,3216 1319,3216 1364,3216 1408,3216 1453,3216 1497,3215 1542,3214"
                         HEIGHT="169"
                         WIDTH="922"
                         VPOS="3134"
                         HPOS="635">
                  <String ID="string_region_1637682498168_3989l35"
                          HEIGHT="169"
                          WIDTH="922"
                          VPOS="3134"
                          HPOS="635"
                          CONTENT="et attendant ge me dit "/>
               </TextLine>
               <TextLine ID="region_1637682498168_3989l36"
                         BASELINE="2050,3292 2076,3292 2103,3292 2130,3292 2156,3292 2183,3292 2210,3290 2237,3291 2263,3292 2290,3292 2317,3292 2343,3293 2370,3294 2397,3295 2424,3298"
                         HEIGHT="178"
                         WIDTH="404"
                         VPOS="3172"
                         HPOS="2036">
                  <String ID="string_region_1637682498168_3989l36"
                          HEIGHT="178"
                          WIDTH="404"
                          VPOS="3172"
                          HPOS="2036"
                          CONTENT="15 sber"/>
               </TextLine>
               <TextLine ID="region_1637682498168_3989l37"
                         BASELINE="542,3356 589,3348 636,3341 683,3336 730,3330 778,3328 825,3324 872,3322 919,3320 966,3320 1014,3318 1061,3318 1108,3317 1155,3316 1202,3316 1250,3314 1297,3314 1344,3312 1391,3309 1438,3307 1486,3302"
                         HEIGHT="150"
                         WIDTH="977"
                         VPOS="3220"
                         HPOS="524">
                  <String ID="string_region_1637682498168_3989l37"
                          HEIGHT="150"
                          WIDTH="977"
                          VPOS="3220"
                          HPOS="524"
                          CONTENT="fonnas pJ: li secultre"/>
               </TextLine>
               <TextLine ID="region_1637682498168_3989l38"
                         BASELINE="602,3430 708,3426 814,3422 920,3417 1026,3413 1132,3409 1238,3404 1344,3400 1450,3396 1556,3392 1662,3390 1768,3388 1874,3386 1980,3384 2086,3384 2192,3384 2298,3386 2404,3388 2510,3392 2616,3398 2722,3404"
                         HEIGHT="125"
                         WIDTH="2152"
                         VPOS="3303"
                         HPOS="586">
                  <String ID="string_region_1637682498168_3989l38"
                          HEIGHT="125"
                          WIDTH="2152"
                          VPOS="3303"
                          HPOS="586"
                          CONTENT="he doit faire reponce encora achere vre du 21 mars"/>
               </TextLine>
               <TextLine ID="region_1637682498168_3989l39"
                         BASELINE="584,3494 690,3494 797,3492 903,3490 1010,3488 1117,3484 1223,3482 1330,3478 1436,3476 1543,3473 1650,3470 1756,3468 1863,3468 1969,3466 2076,3466 2183,3468 2289,3469 2396,3472 2502,3476 2609,3482 2716,3490"
                         HEIGHT="128"
                         WIDTH="2160"
                         VPOS="3400"
                         HPOS="571">
                  <String ID="string_region_1637682498168_3989l39"
                          HEIGHT="128"
                          WIDTH="2160"
                          VPOS="3400"
                          HPOS="571"
                          CONTENT=" dernier qui ne m'at este trop agreable car vre grace"/>
               </TextLine>
               <TextLine ID="region_1637682498168_3989l40"
                         BASELINE="632,3564 736,3564 840,3564 945,3562 1049,3560 1154,3558 1258,3556 1362,3554 1467,3552 1571,3550 1676,3549 1780,3548 1884,3548 1989,3548 2093,3550 2198,3552 2302,3558 2406,3563 2511,3570 2615,3578 2720,3588"
                         HEIGHT="109"
                         WIDTH="2117"
                         VPOS="3499"
                         HPOS="617">
                  <String ID="string_region_1637682498168_3989l40"
                          HEIGHT="109"
                          WIDTH="2117"
                          VPOS="3499"
                          HPOS="617"
                          CONTENT="a fort a re faire telle reproche q je ne merete ma"/>
               </TextLine>
               <TextLine ID="region_1637682498168_3989l41"
                         BASELINE="628,3652 732,3652 836,3650 940,3650 1044,3648 1148,3646 1252,3646 1356,3644 1460,3644 1564,3642 1668,3642 1772,3642 1876,3642 1980,3644 2084,3644 2188,3647 2292,3650 2396,3654 2500,3658 2604,3664 2708,3672"
                         HEIGHT="143"
                         WIDTH="2108"
                         VPOS="3568"
                         HPOS="615">
                  <String ID="string_region_1637682498168_3989l41"
                          HEIGHT="143"
                          WIDTH="2108"
                          VPOS="3568"
                          HPOS="615"
                          CONTENT="ez pas ns ne parlerons plus du passe au regard de"/>
               </TextLine>
               <TextLine ID="region_1637682498168_3989l42"
                         BASELINE="632,3730 736,3729 840,3728 944,3728 1049,3726 1153,3726 1257,3726 1362,3726 1466,3726 1570,3726 1675,3726 1779,3726 1883,3728 1987,3730 2092,3730 2196,3732 2300,3736 2405,3738 2509,3740 2613,3744 2718,3748"
                         HEIGHT="135"
                         WIDTH="2115"
                         VPOS="3646"
                         HPOS="617">
                  <String ID="string_region_1637682498168_3989l42"
                          HEIGHT="135"
                          WIDTH="2115"
                          VPOS="3646"
                          HPOS="617"
                          CONTENT="celle q je vienne de recevoir cejourdhuy date dheir je"/>
               </TextLine>
               <TextLine ID="region_1637682498168_3989l43"
                         BASELINE="630,3800 734,3803 839,3806 943,3808 1048,3810 1153,3810 1257,3812 1362,3812 1466,3812 1571,3812 1676,3812 1780,3814 1885,3814 1989,3814 2094,3816 2199,3818 2303,3820 2408,3824 2512,3827 2617,3832 2722,3838"
                         HEIGHT="83"
                         WIDTH="2120"
                         VPOS="3758"
                         HPOS="615">
                  <String ID="string_region_1637682498168_3989l43"
                          HEIGHT="83"
                          WIDTH="2120"
                          VPOS="3758"
                          HPOS="615"
                          CONTENT="croijis de ja vre peveu ounivec en anleterre le m"/>
               </TextLine>
            </TextBlock>
            <TextBlock ID="region_1637682502247_3992"
                       HEIGHT="3868"
                       WIDTH="2319"
                       VPOS="0"
                       HPOS="2802">
               <Shape>
                  <Polygon POINTS="2802,-25 5121,0 5121,3868 2802,3843"/>
               </Shape>
               <TextLine ID="region_1637682502247_3992l1"
                         BASELINE="2884,96 2993,98 3102,100 3212,102 3321,104 3431,106 3540,106 3649,108 3759,110 3868,112 3978,114 4087,116 4196,120 4306,122 4415,126 4525,129 4634,133 4743,138 4853,144 4962,150 5072,156"
                         HEIGHT="132"
                         WIDTH="2217"
                         VPOS="59"
                         HPOS="2869">
                  <String ID="string_region_1637682502247_3992l1"
                          HEIGHT="132"
                          WIDTH="2217"
                          VPOS="59"
                          HPOS="2869"
                          CONTENT="gine quil a rece en son temps ma lettre de mesme qies"/>
               </TextLine>
               <TextLine ID="region_1637682502247_3992l2"
                         BASELINE="2870,180 2982,186 3094,191 3206,195 3318,198 3430,200 3542,202 3654,204 3766,206 3878,206 3991,208 4103,208 4215,210 4327,212 4439,216 4551,218 4663,222 4775,226 4887,233 4999,238 5112,246"
                         HEIGHT="145"
                         WIDTH="2273"
                         VPOS="126"
                         HPOS="2855">
                  <String ID="string_region_1637682502247_3992l2"
                          HEIGHT="145"
                          WIDTH="2273"
                          VPOS="126"
                          HPOS="2855"
                          CONTENT="lettres de necommandatim q je luy oy envoyee le 11 gber a"/>
               </TextLine>
               <TextLine ID="region_1637682502247_3992l3"
                         BASELINE="2882,262 2992,268 3103,274 3214,278 3324,282 3435,285 3546,288 3656,290 3767,292 3878,295 3989,296 4099,298 4210,302 4321,304 4431,306 4542,310 4653,314 4763,318 4874,323 4985,329 5096,336"
                         HEIGHT="141"
                         WIDTH="2246"
                         VPOS="215"
                         HPOS="2866">
                  <String ID="string_region_1637682502247_3992l3"
                          HEIGHT="141"
                          WIDTH="2246"
                          VPOS="215"
                          HPOS="2866"
                          CONTENT="mis ais de londres jen ay reponce a ce suyet quils l'at"/>
               </TextLine>
               <TextLine ID="region_1637682502247_3992l4"
                         BASELINE="2892,362 2999,367 3106,372 3213,376 3320,378 3427,382 3534,384 3641,386 3748,388 3855,390 3962,392 4069,395 4176,398 4283,399 4390,402 4497,405 4604,408 4711,412 4818,416 4925,421 5032,426"
                         HEIGHT="157"
                         WIDTH="2169"
                         VPOS="302"
                         HPOS="2878">
                  <String ID="string_region_1637682502247_3992l4"
                          HEIGHT="157"
                          WIDTH="2169"
                          VPOS="302"
                          HPOS="2878"
                          CONTENT="tindant et quils tacheront luy rendre tuts les services"/>
               </TextLine>
               <TextLine ID="region_1637682502247_3992l5"
                         BASELINE="2874,460 2980,461 3087,464 3194,464 3300,466 3407,468 3514,468 3620,470 3727,471 3834,472 3941,474 4047,476 4154,478 4261,480 4367,482 4474,484 4581,486 4687,490 4794,494 4901,498 5008,502"
                         HEIGHT="98"
                         WIDTH="2163"
                         VPOS="415"
                         HPOS="2858">
                  <String ID="string_region_1637682502247_3992l5"
                          HEIGHT="98"
                          WIDTH="2163"
                          VPOS="415"
                          HPOS="2858"
                          CONTENT="possilles je luy ay marque quil ne pouvoit partir "/>
               </TextLine>
               <TextLine ID="region_1637682502247_3992l6"
                         BASELINE="2894,554 3002,556 3111,558 3220,560 3329,562 3438,564 3547,566 3656,568 3765,570 3874,570 3983,573 4091,574 4200,577 4309,580 4418,582 4527,584 4636,586 4745,590 4854,594 4963,598 5072,602"
                         HEIGHT="138"
                         WIDTH="2209"
                         VPOS="479"
                         HPOS="2878">
                  <String ID="string_region_1637682502247_3992l6"
                          HEIGHT="138"
                          WIDTH="2209"
                          VPOS="479"
                          HPOS="2878"
                          CONTENT="sans permission i'entrer en angleterre il na qu'a "/>
               </TextLine>
               <TextLine ID="region_1637682502247_3992l7"
                         BASELINE="2896,634 3005,640 3115,644 3225,648 3334,652 3444,654 3554,655 3663,656 3773,656 3883,658 3993,658 4102,658 4212,660 4322,662 4431,664 4541,666 4651,671 4760,676 4870,682 4980,689 5090,698"
                         HEIGHT="163"
                         WIDTH="2223"
                         VPOS="589"
                         HPOS="2882">
                  <String ID="string_region_1637682502247_3992l7"
                          HEIGHT="163"
                          WIDTH="2223"
                          VPOS="589"
                          HPOS="2882"
                          CONTENT="regarder ma lettre p m'estonne quil a delay cese"/>
               </TextLine>
               <TextLine ID="region_1637682502247_3992l8"
                         BASELINE="2892,728 2999,734 3106,740 3213,744 3321,748 3428,750 3535,752 3643,753 3750,754 3857,754 3965,756 4072,756 4179,758 4286,758 4394,760 4501,763 4608,767 4716,772 4823,778 4930,785 5038,794"
                         HEIGHT="172"
                         WIDTH="2176"
                         VPOS="675"
                         HPOS="2877">
                  <String ID="string_region_1637682502247_3992l8"
                          HEIGHT="172"
                          WIDTH="2176"
                          VPOS="675"
                          HPOS="2877"
                          CONTENT="logtemps a m escrine ou bienr q jeserire je sair "/>
               </TextLine>
               <TextLine ID="region_1637682502247_3992l9"
                         BASELINE="2888,826 2994,832 3100,835 3206,838 3312,840 3419,842 3525,844 3631,846 3737,848 3843,850 3950,850 4056,852 4162,854 4268,856 4374,859 4481,862 4587,865 4693,868 4799,874 4905,880 5012,886"
                         HEIGHT="134"
                         WIDTH="2154"
                         VPOS="758"
                         HPOS="2873">
                  <String ID="string_region_1637682502247_3992l9"
                          HEIGHT="134"
                          WIDTH="2154"
                          VPOS="758"
                          HPOS="2873"
                          CONTENT="dhuy a messseus scauwen et stoitd ale pr a voir le "/>
               </TextLine>
               <TextLine ID="region_1637682502247_3992l10"
                         BASELINE="2896,916 3003,923 3111,929 3218,934 3326,937 3434,941 3541,942 3649,945 3756,946 3864,948 3972,948 4079,950 4187,951 4294,952 4402,954 4510,956 4617,958 4725,960 4832,964 4940,968 5048,974"
                         HEIGHT="109"
                         WIDTH="2184"
                         VPOS="876"
                         HPOS="2879">
                  <String ID="string_region_1637682502247_3992l10"
                          HEIGHT="109"
                          WIDTH="2184"
                          VPOS="876"
                          HPOS="2879"
                          CONTENT="pas port q'ommardez mais il 9 aura bien un mois"/>
               </TextLine>
               <TextLine ID="region_1637682502247_3992l11"
                         BASELINE="2892,1004 3000,1013 3108,1021 3217,1025 3325,1030 3434,1032 3542,1034 3650,1034 3759,1034 3867,1034 3976,1034 4084,1034 4192,1034 4301,1034 4409,1034 4518,1034 4626,1036 4734,1040 4843,1043 4951,1049 5060,1056"
                         HEIGHT="127"
                         WIDTH="2197"
                         VPOS="968"
                         HPOS="2877">
                  <String ID="string_region_1637682502247_3992l11"
                          HEIGHT="127"
                          WIDTH="2197"
                          VPOS="968"
                          HPOS="2877"
                          CONTENT="avant q vs l'aurez je lay l'ay recommandee asse"/>
               </TextLine>
               <TextLine ID="region_1637682502247_3992l12"
                         BASELINE="2902,1094 3010,1101 3119,1108 3228,1114 3337,1117 3446,1120 3555,1122 3664,1122 3773,1122 3882,1122 3991,1120 4099,1120 4208,1120 4317,1120 4426,1122 4535,1122 4644,1126 4753,1130 4862,1135 4971,1142 5080,1150"
                         HEIGHT="136"
                         WIDTH="2206"
                         VPOS="1049"
                         HPOS="2888">
                  <String ID="string_region_1637682502247_3992l12"
                          HEIGHT="136"
                          WIDTH="2206"
                          VPOS="1049"
                          HPOS="2888"
                          CONTENT="et je ne manqueras pas non plus a vs l'envoyer le"/>
               </TextLine>
               <TextLine ID="region_1637682502247_3992l13"
                         BASELINE="2888,1174 2997,1181 3107,1186 3217,1191 3327,1196 3437,1198 3546,1202 3656,1204 3766,1204 3876,1206 3986,1208 4095,1208 4205,1210 4315,1212 4425,1214 4535,1216 4644,1220 4754,1224 4864,1229 4974,1234 5084,1242"
                         HEIGHT="137"
                         WIDTH="2224"
                         VPOS="1124"
                         HPOS="2874">
                  <String ID="string_region_1637682502247_3992l13"
                          HEIGHT="137"
                          WIDTH="2224"
                          VPOS="1124"
                          HPOS="2874"
                          CONTENT="misme jours q e le receveray sur quay povez faire"/>
               </TextLine>
               <TextLine ID="region_1637682502247_3992l14"
                         BASELINE="2880,1282 2956,1287 3033,1291 3110,1296 3187,1298 3264,1301 3340,1302 3417,1304 3494,1306 3571,1306 3648,1306 3724,1306 3801,1308 3878,1308 3955,1308 4032,1308 4108,1309 4185,1310 4262,1312 4339,1314 4416,1316"
                         HEIGHT="161"
                         WIDTH="1564"
                         VPOS="1193"
                         HPOS="2866">
                  <String ID="string_region_1637682502247_3992l14"
                          HEIGHT="161"
                          WIDTH="1564"
                          VPOS="1193"
                          HPOS="2866"
                          CONTENT="bond et q je suis en toutssn casr"/>
               </TextLine>
               <TextLine ID="region_1637682502247_3992l15"
                         BASELINE="2804,1386 2863,1384 2922,1382 2981,1382 3040,1382 3099,1383 3158,1384 3217,1386 3276,1386 3335,1388 3394,1390 3453,1392 3512,1392 3571,1394 3630,1396 3689,1396 3748,1398 3807,1398 3866,1398 3925,1396 3984,1396"
                         HEIGHT="166"
                         WIDTH="1208"
                         VPOS="1283"
                         HPOS="2790">
                  <String ID="string_region_1637682502247_3992l15"
                          HEIGHT="166"
                          WIDTH="1208"
                          VPOS="1283"
                          HPOS="2790"
                          CONTENT="Rotterdam JJha vanderhedden"/>
               </TextLine>
               <TextLine ID="region_1637682502247_3992l16"
                         BASELINE="4394,1424 4420,1422 4447,1422 4474,1422 4500,1422 4527,1421 4554,1420 4580,1420 4607,1420 4634,1420 4661,1422 4687,1422 4714,1423 4741,1424 4767,1424 4794,1425 4821,1427 4847,1428 4874,1430 4901,1431 4928,1434"
                         HEIGHT="161"
                         WIDTH="564"
                         VPOS="1314"
                         HPOS="4379">
                  <String ID="string_region_1637682502247_3992l16"
                          HEIGHT="161"
                          WIDTH="564"
                          VPOS="1314"
                          HPOS="4379"
                          CONTENT="t4 Jber 1712"/>
               </TextLine>
               <TextLine ID="region_1637682502247_3992l17"
                         BASELINE="2828,1456 2941,1458 3055,1460 3168,1462 3282,1462 3396,1464 3509,1466 3623,1468 3736,1470 3850,1472 3964,1474 4077,1476 4191,1480 4304,1482 4418,1486 4532,1490 4645,1494 4759,1500 4872,1505 4986,1512 5100,1518"
                         HEIGHT="161"
                         WIDTH="2303"
                         VPOS="1376"
                         HPOS="2814">
                  <String ID="string_region_1637682502247_3992l17"
                          HEIGHT="161"
                          WIDTH="2303"
                          VPOS="1376"
                          HPOS="2814"
                          CONTENT="tst antwoort op ue aengenaeme van aen 11 cont 8od"/>
               </TextLine>
               <TextLine ID="region_1637682502247_3992l18"
                         BASELINE="2876,1532 2987,1536 3098,1540 3209,1542 3320,1544 3431,1546 3542,1548 3653,1550 3764,1552 3875,1554 3986,1556 4097,1559 4208,1562 4319,1566 4430,1570 4541,1575 4652,1581 4763,1589 4874,1596 4985,1606 5096,1618"
                         HEIGHT="140"
                         WIDTH="2250"
                         VPOS="1489"
                         HPOS="2862">
                  <String ID="string_region_1637682502247_3992l18"
                          HEIGHT="140"
                          WIDTH="2250"
                          VPOS="1489"
                          HPOS="2862"
                          CONTENT="ue de 2 packen g Jan cionnoeer mij hadde toe geson"/>
               </TextLine>
               <TextLine ID="region_1637682502247_3992l19"
                         BASELINE="2880,1614 2989,1624 3099,1630 3209,1636 3318,1640 3428,1642 3538,1642 3647,1642 3757,1642 3867,1642 3977,1640 4086,1640 4196,1640 4306,1642 4415,1644 4525,1648 4635,1653 4744,1660 4854,1669 4964,1682 5074,1696"
                         HEIGHT="145"
                         WIDTH="2224"
                         VPOS="1557"
                         HPOS="2865">
                  <String ID="string_region_1637682502247_3992l19"
                          HEIGHT="145"
                          WIDTH="2224"
                          VPOS="1557"
                          HPOS="2865"
                          CONTENT="den mus het uyt 2 see schopen comt ende daer 2 graspor"/>
               </TextLine>
               <TextLine ID="region_1637682502247_3992l20"
                         BASELINE="2884,1686 2992,1698 3100,1707 3209,1714 3317,1719 3426,1722 3534,1724 3642,1724 3751,1724 3859,1724 3968,1722 4076,1722 4184,1721 4293,1720 4401,1722 4510,1724 4618,1728 4726,1732 4835,1740 4943,1749 5052,1760"
                         HEIGHT="135"
                         WIDTH="2196"
                         VPOS="1632"
                         HPOS="2869">
                  <String ID="string_region_1637682502247_3992l20"
                          HEIGHT="135"
                          WIDTH="2196"
                          VPOS="1632"
                          HPOS="2869"
                          CONTENT="ten van wesen soo hieft ue im mers ordre p 2 di"/>
               </TextLine>
               <TextLine ID="region_1637682502247_3992l21"
                         BASELINE="2880,1776 2988,1784 3096,1791 3204,1796 3312,1800 3420,1803 3528,1804 3636,1804 3744,1804 3852,1804 3960,1804 4068,1804 4176,1804 4284,1804 4392,1806 4500,1809 4608,1813 4716,1818 4824,1826 4932,1836 5040,1846"
                         HEIGHT="170"
                         WIDTH="2191"
                         VPOS="1738"
                         HPOS="2865">
                  <String ID="string_region_1637682502247_3992l21"
                          HEIGHT="170"
                          WIDTH="2191"
                          VPOS="1738"
                          HPOS="2865"
                          CONTENT="unsche beeert leijden tversenden om den re "/>
               </TextLine>
               <TextLine ID="region_1637682502247_3992l22"
                         BASELINE="2892,1872 3001,1881 3111,1888 3220,1894 3330,1899 3440,1902 3549,1904 3659,1906 3768,1908 3878,1908 3988,1908 4097,1910 4207,1910 4316,1912 4426,1914 4536,1918 4645,1922 4755,1927 4864,1935 4974,1945 5084,1956"
                         HEIGHT="182"
                         WIDTH="2223"
                         VPOS="1813"
                         HPOS="2876">
                  <String ID="string_region_1637682502247_3992l22"
                          HEIGHT="182"
                          WIDTH="2223"
                          VPOS="1813"
                          HPOS="2876"
                          CONTENT="deelen en principael met dit winter jaisoen ende de "/>
               </TextLine>
               <TextLine ID="region_1637682502247_3992l23"
                         BASELINE="2876,1980 2986,1982 3096,1984 3207,1984 3317,1986 3428,1986 3538,1988 3648,1988 3759,1990 3869,1992 3980,1992 4090,1994 4200,1996 4311,1999 4421,2002 4532,2006 4642,2010 4752,2015 4863,2021 4973,2027 5084,2034"
                         HEIGHT="122"
                         WIDTH="2238"
                         VPOS="1942"
                         HPOS="2860">
                  <String ID="string_region_1637682502247_3992l23"
                          HEIGHT="122"
                          WIDTH="2238"
                          VPOS="1942"
                          HPOS="2860"
                          CONTENT="langel nochten tot heden van di tto beurtmanqer "/>
               </TextLine>
               <TextLine ID="region_1637682502247_3992l24"
                         BASELINE="2884,2066 2990,2072 3097,2076 3203,2079 3310,2081 3417,2082 3523,2082 3630,2082 3736,2082 3843,2082 3950,2082 4056,2082 4163,2082 4269,2082 4376,2083 4483,2084 4589,2087 4696,2090 4802,2096 4909,2101 5016,2110"
                         HEIGHT="132"
                         WIDTH="2160"
                         VPOS="2013"
                         HPOS="2870">
                  <String ID="string_region_1637682502247_3992l24"
                          HEIGHT="132"
                          WIDTH="2160"
                          VPOS="2013"
                          HPOS="2870"
                          CONTENT="vernomen verhoegen, int cort sal ors schieten met "/>
               </TextLine>
               <TextLine ID="region_1637682502247_3992l25"
                         BASELINE="2892,2158 3001,2162 3110,2164 3220,2166 3329,2166 3439,2166 3548,2166 3657,2164 3767,2164 3876,2162 3986,2162 4095,2162 4204,2162 4314,2162 4423,2164 4533,2167 4642,2172 4751,2177 4861,2185 4970,2193 5080,2204"
                         HEIGHT="140"
                         WIDTH="2216"
                         VPOS="2079"
                         HPOS="2878">
                  <String ID="string_region_1637682502247_3992l25"
                          HEIGHT="140"
                          WIDTH="2216"
                          VPOS="2079"
                          HPOS="2878"
                          CONTENT="godt patie voor de oncost e hebbe ue conform"/>
               </TextLine>
               <TextLine ID="region_1637682502247_3992l26"
                         BASELINE="2868,2242 2979,2248 3091,2254 3203,2257 3315,2260 3427,2262 3538,2262 3650,2262 3762,2262 3874,2260 3986,2260 4097,2260 4209,2260 4321,2260 4433,2261 4545,2264 4656,2266 4768,2271 4880,2278 4992,2285 5104,2296"
                         HEIGHT="147"
                         WIDTH="2266"
                         VPOS="2172"
                         HPOS="2853">
                  <String ID="string_region_1637682502247_3992l26"
                          HEIGHT="147"
                          WIDTH="2266"
                          VPOS="2172"
                          HPOS="2853"
                          CONTENT="geende tert ƒ111:11 pr francur wilkinson godt dn"/>
               </TextLine>
               <TextLine ID="region_1637682502247_3992l27"
                         BASELINE="2900,2342 3008,2344 3117,2344 3226,2346 3335,2346 3444,2346 3552,2346 3661,2346 3770,2348 3879,2348 3988,2348 4096,2350 4205,2352 4314,2354 4423,2358 4532,2363 4640,2368 4749,2375 4858,2383 4967,2392 5076,2402"
                         HEIGHT="169"
                         WIDTH="2205"
                         VPOS="2263"
                         HPOS="2886">
                  <String ID="string_region_1637682502247_3992l27"
                          HEIGHT="169"
                          WIDTH="2205"
                          VPOS="2263"
                          HPOS="2886"
                          CONTENT="van heell gearriveert hebbe 2 baelen als  N38en"/>
               </TextLine>
               <TextLine ID="region_1637682502247_3992l28"
                         BASELINE="2892,2428 3000,2432 3108,2434 3217,2437 3325,2438 3434,2440 3542,2440 3650,2442 3759,2442 3867,2442 3976,2442 4084,2444 4192,2446 4301,2448 4409,2451 4518,2455 4626,2460 4734,2466 4843,2473 4951,2484 5060,2494"
                         HEIGHT="155"
                         WIDTH="2201"
                         VPOS="2371"
                         HPOS="2876">
                  <String ID="string_region_1637682502247_3992l28"
                          HEIGHT="155"
                          WIDTH="2201"
                          VPOS="2371"
                          HPOS="2876"
                          CONTENT="to hieronder den in tout en weerde gelieft die p een get"/>
               </TextLine>
               <TextLine ID="region_1637682502247_3992l29"
                         BASELINE="2890,2520 2997,2520 3105,2520 3213,2520 3321,2521 3429,2522 3537,2524 3645,2524 3753,2527 3861,2530 3969,2532 4076,2536 4184,2541 4292,2546 4400,2552 4508,2558 4616,2565 4724,2573 4832,2583 4940,2592 5048,2604"
                         HEIGHT="214"
                         WIDTH="2189"
                         VPOS="2450"
                         HPOS="2874">
                  <String ID="string_region_1637682502247_3992l29"
                          HEIGHT="214"
                          WIDTH="2189"
                          VPOS="2450"
                          HPOS="2874"
                          CONTENT="en bekont beurtman met passeport voordien boyde miy"/>
               </TextLine>
               <TextLine ID="region_1637682502247_3992l30"
                         BASELINE="2904,2604 2969,2608 3035,2610 3101,2612 3167,2613 3233,2614 3298,2614 3364,2614 3430,2614 3496,2614 3562,2614 3627,2614 3693,2614 3759,2612 3825,2612 3891,2612 3956,2612 4022,2612 4088,2612 4154,2614 4220,2614"
                         HEIGHT="154"
                         WIDTH="1344"
                         VPOS="2513"
                         HPOS="2890">
                  <String ID="string_region_1637682502247_3992l30"
                          HEIGHT="154"
                          WIDTH="1344"
                          VPOS="2513"
                          HPOS="2890"
                          CONTENT="te laeten toecoemn ende soo blijve"/>
               </TextLine>
               <TextLine ID="region_1637682502247_3992l31"
                         BASELINE="2828,2708 2938,2708 3048,2706 3158,2706 3268,2704 3379,2704 3489,2704 3599,2704 3709,2704 3819,2704 3930,2706 4040,2706 4150,2710 4260,2712 4370,2716 4481,2721 4591,2727 4701,2733 4811,2741 4921,2749 5032,2760"
                         HEIGHT="206"
                         WIDTH="2234"
                         VPOS="2586"
                         HPOS="2812">
                  <String ID="string_region_1637682502247_3992l31"
                          HEIGHT="206"
                          WIDTH="2234"
                          VPOS="2586"
                          HPOS="2812"
                          CONTENT=" N38 met 50 dosgntien op 18 order s ƒ30:1:7"/>
               </TextLine>
               <TextLine ID="region_1637682502247_3992l32"
                         BASELINE="2864,2788 2971,2787 3079,2786 3187,2786 3295,2788 3403,2790 3510,2792 3618,2794 3726,2798 3834,2802 3942,2806 4049,2810 4157,2815 4265,2818 4373,2822 4481,2826 4588,2830 4696,2834 4804,2836 4912,2838 5020,2838"
                         HEIGHT="165"
                         WIDTH="2186"
                         VPOS="2710"
                         HPOS="2849">
                  <String ID="string_region_1637682502247_3992l32"
                          HEIGHT="165"
                          WIDTH="2186"
                          VPOS="2710"
                          HPOS="2849"
                          CONTENT="N40 met 44 dogijntier op  18 ider 100:8:9"/>
               </TextLine>
               <TextLine ID="region_1637682502247_3992l33"
                         BASELINE="4594,2904 4619,2906 4644,2907 4670,2910 4695,2911 4721,2915 4746,2918 4772,2921 4797,2924 4823,2927 4848,2932 4873,2934 4899,2939 4924,2942 4950,2946 4975,2950 5001,2953 5026,2956 5052,2958"
                         HEIGHT="170"
                         WIDTH="503"
                         VPOS="2808"
                         HPOS="4579">
                  <String ID="string_region_1637682502247_3992l33"
                          HEIGHT="170"
                          WIDTH="503"
                          VPOS="2808"
                          HPOS="4579"
                          CONTENT="24 2 ƒ10:3"/>
               </TextLine>
               <TextLine ID="region_1637682502247_3992l34"
                         BASELINE="3380,2900 3459,2906 3538,2910 3618,2914 3697,2918 3777,2922 3856,2926 3935,2929 4015,2933 4094,2936 4174,2941 4253,2946 4332,2949 4412,2955 4491,2960 4571,2967 4650,2973 4729,2979 4809,2988 4888,2998 4968,3008"
                         HEIGHT="220"
                         WIDTH="1620"
                         VPOS="2830"
                         HPOS="3365">
                  <String ID="string_region_1637682502247_3992l34"
                          HEIGHT="220"
                          WIDTH="1620"
                          VPOS="2830"
                          HPOS="3365"
                          CONTENT="8 carsy en vroppers die niet en betaelen "/>
               </TextLine>
               <TextLine ID="region_1637682502247_3992l35"
                         BASELINE="2814,2934 2857,2934 2900,2935 2943,2936 2986,2938 3029,2940 3072,2942 3115,2945 3158,2948 3201,2951 3245,2955 3288,2958 3331,2962 3374,2966 3417,2968 3460,2971 3503,2975 3546,2977 3589,2980 3632,2982 3676,2984"
                         HEIGHT="212"
                         WIDTH="895"
                         VPOS="2818"
                         HPOS="2796">
                  <String ID="string_region_1637682502247_3992l35"
                          HEIGHT="212"
                          WIDTH="895"
                          VPOS="2818"
                          HPOS="2796"
                          CONTENT="Leeds William Cootson"/>
               </TextLine>
               <TextLine ID="region_1637682502247_3992l36"
                         BASELINE="4226,3012 4253,3012 4280,3014 4307,3014 4334,3016 4361,3018 4388,3020 4415,3022 4442,3024 4469,3026 4497,3029 4524,3032 4551,3034 4578,3036 4605,3038 4632,3041 4659,3042 4686,3044 4713,3047 4740,3048 4768,3050"
                         HEIGHT="116"
                         WIDTH="575"
                         VPOS="2956"
                         HPOS="4211">
                  <String ID="string_region_1637682502247_3992l36"
                          HEIGHT="116"
                          WIDTH="575"
                          VPOS="2956"
                          HPOS="4211"
                          CONTENT="14 aber 1712"/>
               </TextLine>
               <TextLine ID="region_1637682502247_3992l37"
                         BASELINE="2832,3026 2944,3035 3056,3044 3168,3050 3280,3055 3393,3060 3505,3064 3617,3069 3729,3072 3841,3076 3954,3079 4066,3084 4178,3087 4290,3091 4402,3097 4515,3102 4627,3110 4739,3117 4851,3126 4963,3137 5076,3148"
                         HEIGHT="212"
                         WIDTH="2274"
                         VPOS="2961"
                         HPOS="2816">
                  <String ID="string_region_1637682502247_3992l37"
                          HEIGHT="212"
                          WIDTH="2274"
                          VPOS="2961"
                          HPOS="2816"
                          CONTENT="pr repoce a les 2 cheres vres de 8 et 18 du passe je veere"/>
               </TextLine>
               <TextLine ID="region_1637682502247_3992l38"
                         BASELINE="2848,3106 2957,3114 3067,3119 3177,3124 3287,3130 3397,3134 3506,3138 3616,3142 3726,3146 3836,3150 3946,3154 4055,3158 4165,3164 4275,3168 4385,3174 4495,3180 4604,3187 4714,3195 4824,3204 4934,3214 5044,3224"
                         HEIGHT="177"
                         WIDTH="2229"
                         VPOS="3079"
                         HPOS="2832">
                  <String ID="string_region_1637682502247_3992l38"
                          HEIGHT="177"
                          WIDTH="2229"
                          VPOS="3079"
                          HPOS="2832"
                          CONTENT="ne de recevoir advis q les 3 ballots  38:33 et 40 sont "/>
               </TextLine>
               <TextLine ID="region_1637682502247_3992l39"
                         BASELINE="2848,3202 2957,3207 3067,3212 3177,3216 3287,3220 3397,3223 3506,3226 3616,3230 3726,3232 3836,3235 3946,3238 4055,3242 4165,3244 4275,3248 4385,3252 4495,3257 4604,3262 4714,3267 4824,3274 4934,3282 5044,3288"
                         HEIGHT="188"
                         WIDTH="2227"
                         VPOS="3141"
                         HPOS="2833">
                  <String ID="string_region_1637682502247_3992l39"
                          HEIGHT="188"
                          WIDTH="2227"
                          VPOS="3141"
                          HPOS="2833"
                          CONTENT="bien arrivie en hollande grace au sergricer je os a "/>
               </TextLine>
               <TextLine ID="region_1637682502247_3992l40"
                         BASELINE="2826,3282 2938,3287 3050,3290 3162,3296 3275,3300 3387,3304 3499,3306 3612,3310 3724,3314 3836,3317 3949,3320 4061,3323 4173,3326 4285,3329 4398,3332 4510,3334 4622,3338 4735,3341 4847,3344 4959,3347 5072,3350"
                         HEIGHT="162"
                         WIDTH="2276"
                         VPOS="3215"
                         HPOS="2812">
                  <String ID="string_region_1637682502247_3992l40"
                          HEIGHT="162"
                          WIDTH="2276"
                          VPOS="3215"
                          HPOS="2812"
                          CONTENT="en peu ie mais je ne es e yne m avez pas envo"/>
               </TextLine>
               <TextLine ID="region_1637682502247_3992l41"
                         BASELINE="2856,3330 2896,3328"
                         HEIGHT="66"
                         WIDTH="72"
                         VPOS="3284"
                         HPOS="2838">
                  <String ID="string_region_1637682502247_3992l41"
                          HEIGHT="66"
                          WIDTH="72"
                          VPOS="3284"
                          HPOS="2838"
                          CONTENT="d"/>
               </TextLine>
               <TextLine ID="region_1637682502247_3992l42"
                         BASELINE="2832,3374 2943,3378 3055,3382 3167,3384 3279,3386 3391,3388 3503,3390 3615,3390 3727,3392 3839,3392 3951,3394 4062,3396 4174,3398 4286,3401 4398,3404 4510,3408 4622,3414 4734,3420 4846,3427 4958,3437 5070,3448"
                         HEIGHT="145"
                         WIDTH="2268"
                         VPOS="3339"
                         HPOS="2817">
                  <String ID="string_region_1637682502247_3992l42"
                          HEIGHT="145"
                          WIDTH="2268"
                          VPOS="3339"
                          HPOS="2817"
                          CONTENT="ce compte u come je vs ayt ordone p m a demie"/>
               </TextLine>
               <TextLine ID="region_1637682502247_3992l43"
                         BASELINE="2840,3448 2953,3456 3066,3462 3179,3468 3292,3471 3405,3474 3518,3474 3631,3474 3744,3474 3857,3474 3970,3474 4083,3474 4196,3474 4309,3476 4422,3479 4535,3484 4648,3489 4761,3498 4874,3508 4987,3522 5100,3538"
                         HEIGHT="162"
                         WIDTH="2289"
                         VPOS="3384"
                         HPOS="2825">
                  <String ID="string_region_1637682502247_3992l43"
                          HEIGHT="162"
                          WIDTH="2289"
                          VPOS="3384"
                          HPOS="2825"
                          CONTENT="du 19sber a quoy je vs prie ne pas manquer en repri"/>
               </TextLine>
               <TextLine ID="region_1637682502247_3992l44"
                         BASELINE="2832,3546 2944,3556 3056,3564 3169,3570 3281,3572 3394,3574 3506,3574 3618,3574 3731,3572 3843,3570 3956,3569 4068,3568 4180,3566 4293,3566 4405,3568 4518,3570 4630,3574 4742,3581 4855,3589 4967,3600 5080,3616"
                         HEIGHT="182"
                         WIDTH="2279"
                         VPOS="3479"
                         HPOS="2816">
                  <String ID="string_region_1637682502247_3992l44"
                          HEIGHT="182"
                          WIDTH="2279"
                          VPOS="3479"
                          HPOS="2816"
                          CONTENT="de cette car pr e i il ne a plus reen"/>
               </TextLine>
               <TextLine ID="region_1637682502247_3992l45"
                         BASELINE="2840,3636 2951,3644 3062,3649 3173,3654 3284,3656 3395,3657 3506,3658 3617,3656 3728,3656 3839,3654 3950,3654 4061,3652 4172,3652 4283,3652 4394,3652 4505,3655 4616,3658 4727,3662 4838,3669 4949,3677 5060,3688"
                         HEIGHT="149"
                         WIDTH="2248"
                         VPOS="3572"
                         HPOS="2825">
                  <String ID="string_region_1637682502247_3992l45"
                          HEIGHT="149"
                          WIDTH="2248"
                          VPOS="3572"
                          HPOS="2825"
                          CONTENT="a faire ns voyerons a quoy tout alarra pr le prin"/>
               </TextLine>
               <TextLine ID="region_1637682502247_3992l46"
                         BASELINE="2828,3722 2940,3728 3052,3734 3164,3737 3276,3740 3388,3742 3500,3742 3612,3742 3724,3742 3836,3742 3948,3740 4060,3740 4172,3740 4284,3738 4396,3738 4508,3740 4620,3741 4732,3744 4844,3748 4956,3752 5068,3758"
                         HEIGHT="92"
                         WIDTH="2270"
                         VPOS="3679"
                         HPOS="2813">
                  <String ID="string_region_1637682502247_3992l46"
                          HEIGHT="92"
                          WIDTH="2270"
                          VPOS="3679"
                          HPOS="2813"
                          CONTENT="temps a venir sans la riix ilest ens possiblee con"/>
               </TextLine>
               <TextLine ID="region_1637682502247_3992l47"
                         BASELINE="2826,3812 2937,3817 3048,3822 3159,3824 3270,3826 3382,3828 3493,3828 3604,3826 3715,3826 3826,3824 3938,3823 4049,3822 4160,3820 4271,3818 4382,3818 4494,3818 4605,3818 4716,3818 4827,3820 4938,3824 5050,3828"
                         HEIGHT="102"
                         WIDTH="2253"
                         VPOS="3733"
                         HPOS="2812">
                  <String ID="string_region_1637682502247_3992l47"
                          HEIGHT="102"
                          WIDTH="2253"
                          VPOS="3733"
                          HPOS="2812"
                          CONTENT="tener le ne  je veu voir ce qui i  doin de "/>
               </TextLine>
            </TextBlock>
         </PrintSpace>
      </Page>
   </Layout>
</alto>
