5653 3878
1868 45 373 122 15 Juin

603 46 935 166 haet Mathieer Grants

725 126 2125 170 en suitte a l'honneur de l'a vrs du9 du porsemon

717 284 2123 148 frere Danil m'a compte le 200 p vre compte

730 333 2079 143 ensuitte a ma quittence a leuy donne a vs en re

711 440 2097 166 mercce esterant d'avoir en brat l'honneur

699 546 2134 134 de vs voir avec la parax il y aura quelq chos

735 637 2066 168 a faire sans  ns envoyerons l'esset d'a

724 722 2099 197 bord que bs payssant auront leur moissson et

747 842 2083 180 commence sont a se retabler je vs fait offre

743 953 2030 163 de mes services vs asseurant q je scrois jout

749 1055 2057 194 mon possible pr vs bien server et raisonna

760 1155 2070 189 blement il est vray que le marchandise s acs

754 1282 2047 181 ment de gour engoiir en prix cependant ja

773 1378 1987 218 fait eche bone provision p advenice et je

768 1498 2074 217 v enferay parti ci pant quant il vs plaera

764 1603 1691 169 me venir voir et sus cela je me dit

2040 1735 396 160 10 Juny

635 1729 1072 206 Brusselle P. van Roch

748 1853 2038 217 Ice en twijfele niet oft mijnen laesten van

611 1978 2209 198 past is uesijnen tide wel geworden met he

757 2081 2054 168 een van 1£ 25:17:4 daer bij vermelt het was mij

772 2189 2074 210 leet ue het selfde noeste wedersernden tot dee evee

786 2300 2024 189 en corde ick het selve voor mijne vwek niet aen

761 2413 2096 175 veeden want het schol te veel corte daegenaed

768 2515 2043 182 dat um hebbe ick tot  35:2 partije afgegeven

777 2621 2048 202 ingesloeten sende ue het briefkens op f peccart

773 2751 2074 166 van ƒ 600 wess 6 deser vervallen de met ue naet

793 2844 2063 144 in blanco du etour ue geleeve mij  vooren

768 2934 1999 189 te crediteeren occasie voore oemende bidie soo

775 3033 2035 219 veel joetheyt te hebben van die waer tene

777 3145 2054 195 mens en mij op hit met advoce te remitteere

767 3256 2029 190 oft remises op halant het gij in banco off

781 3372 2009 175 cost te senden als daer eenige advanta

768 3463 2069 179 by soude wesen men seght datter a  r

787 3570 2054 145 de directerers van s necolas toeren lijfrent

797 3651 2051 170 worden op genoemen waer van de hadt soende

820 3762 1916 83 taccareck wesen tot 10  se bidde m

2983 0 2151 157 dern aepeade al es te advisle  wat daer vente

2949 108 1605 170 ue sal mij verobligeeren die blijve

4316 191 448 182 to Juny

2919 216 1081 194 Gent D:B: de Saedelaer

2942 280 2251 258 Ick hebbe alle verwacht van dagh tot deeye ende

2981 394 2218 255 verlanght te vernemen datter iets met dit voor

2954 506 2191 241 pa in mijne goederen soude sijn voorse valle

2950 615 2166 270 ende gedebiteert het is een wonder saeckke dat de

2943 747 2232 211 welle negotie die eene van de schoons te en al

2965 863 2191 170 der bestes plaghte te wesen nu soo onder den

2971 989 2198 200 goet geraeckt men verleest geen te sijn

2968 1049 2286 174 waht den intrest consiemeet allen profijten

2940 1153 2216 255 arvayt het spreckwoort seght dat de necotiewel

2953 1259 2213 194 eens coanck is maer niet en sterft ende dect is

2953 1389 2227 221 gants mijne hoege dat met goets tratie gesac

2943 1459 2222 213 hinme met den goeden gants sulln iestelen

2963 1592 2241 226 ick soude soo geene mijn berjdersen werckliedie

2965 1672 2235 247 onderhouden en laeten mede levens onde daer

2979 1797 2191 199 om onse oude nie en corressonde te dn

2954 1895 2267 251 eleven Ick hebbe de schoonste goedere blaew

2956 2033 2210 186 en swerte bij de hant die men met oogen sjn

2940 2140 2212 187 can ende daer om soude trachte en wensche

2919 2242 2236 179 dat men de onde quale e den vreden e

2967 2342 2195 231 wegh nemen ende di oude k sluyten oade

2978 2467 2199 198 ue van alles eene schoo ne pertje vesche goeder

2963 2606 2218 174 ander so ick voneme doen door

2984 2701 2191 189 gente noch al iets maer wij te saeme net bidde

2976 2782 2202 178 can het wesen laetons onse epondont

2958 2894 2204 214 saime met den vreden nu eens enmene

2972 3017 2199 144 van wat het soude mogen wesen dat tot ue dien

2972 3097 2151 206 magh voorvallen bidde te commanderen

2949 3209 2171 183 hebbe seer schoon jortiment van alles af

2966 3325 2210 177 wachtende een een letteaken eentwoor

2955 3444 1309 228 soo blijve van herten
