5650 3895
2128 36 567 157 22 sber 1715

707 61 1020 181 Rotterdam Di verbargh

822 113 2098 203 tot antwoort op ue aengenaeme van 25 cout a

776 229 2097 184 het pack N8 uit wilkenson p anout de roy

804 338 2122 165 te gemoet godt danck dat h vander scrap v

841 450 2036 161 llondon salvo is het packn aen sjn boort

838 540 2081 227 PN1 is van vout 196 engelsche laeken

879 644 2078 169 de wolle gevertt en op de spaesehe mance

875 741 2025 239 gemaeckt op  45 ider cbster nets sonder

868 860 2081 214 de vrappier en oncosten  228:10 gelief

905 965 2022 198 de oncosten te menageren ende daer i

895 1072 2061 197 te doen als voor eeygen hoepe baywell n

882 1185 2056 203 mede salvo wesen te heeft een pack se

919 1289 1993 200 usto ingelijck van inut ende weerde

923 1412 1933 164 als dat van wilkenson voor mi aen

884 1528 2075 214 boert daer seer gejgepresert en tot ie ge

903 1629 2067 199 no wens te wel te weeten oft de assignatie

920 1749 1906 214 betaelt is onder ue berustende van ƒ501

897 1895 1367 212 hillents court oft niet blijve

782 2046 1990 167 Amsterdam Francois Rousseau12 sbe 13

921 2134 2039 236 gedraege m aen mijnen laesten van Gcrt

930 2248 2013 221 sedat ontfange ue aengenaeme van dien

930 2357 2022 223 salven dato met een remises op dh heddon

954 2474 1962 180 tot gint in antwerpen te betaelen van

959 2620 1998 145 £500 vlaems of 2 p 490 die m 'accepta

934 2668 1912 177 hebbe gesonden maer noch niet die etour

951 2794 2004 174 becoemen ick en can niet bedencken wat

952 2870 2010 167 neden ue moieveren om te weten waer die

944 2986 2031 200 sal addres gesteltworden ue moet ue trecken

961 3084 1968 167 kennen want het is genoch ue geseyt dat

977 3184 1977 175 ick weynighe spiculatie maecken op is

941 3265 2015 174 delenge daer men noyt het recht son va

949 3371 1971 212 penldieren oft die jufferant wesen oft niet dit

951 3465 1957 178 onder ons ende tot us naerright heden 2s tet

944 3620 1939 165 gedaen tot 5 met avance voor den brief en

908 3690 1989 131 eweynigh oft niet tot t p en niets ue soo imge

3009 1 2260 172 e ie jp tient omes dooreense dat werel a teene

2987 67 2296 216 derhouden en oock niet wetende oft die coursal

3035 205 2171 188 stant houden hebbe geraeden gevonden een

3025 320 2111 204 postdagh te laeten voor bij gaen ende tot

3021 434 2147 176 maendagh te delageeren al voeren datte

3047 537 2213 250 geven niettemen is van  advantagie voa

3050 679 2137 255 vallende cont wederom voor 100s steec

3076 782 2193 258 maeken sal geerne vernemen ue sc

3074 899 2195 268 lete als pr mijnen voorguerde u versocht

3074 1026 1896 241 wegens de wisselop londen blijve

4676 1174 446 123 1686„ 1713

3025 1181 1073 242 Corthijck de wed: b. goet gevae

3101 1258 2109 245 ue aengenaeme van 3eout hebbe het spoenstyde

3087 1394 2126 184 wel ontfangen doch door continuale octer

3092 1474 2108 196 niet eerde connen beantwoorden ick sal tu

3087 1564 2168 230 seggen dat het mij om moogelijck is te st weeken

3096 1640 2161 270 den staet de laeckens alsoo we dat ghel aen

3075 1753 2213 261 onse vrinden moeten laeten ende die nogh

3075 1869 2151 252 van binnen sien en connen ooc magh

3092 1980 2146 256 ue wel geparsuadeet wesen dat ick sulckn

3097 2114 2061 222 wisse die gelijae ue moch te aen geen van

3087 2201 2132 256 mijne vendenen soude senden de ue dochte

3088 2323 2147 205 heeft deeer de preuve van met het roodt laecken

3097 2440 2132 231 ites wel dat het vantien consequentie en is

3094 2544 2135 222 en sept in een laecken van weynih i

3085 2661 2128 180 tantey ick vertrouwe dat het ue soude schae

3112 2755 2112 206 de  sal connende biteergn want

3090 2843 2101 210 het moett gedebiteet worden het bijheer offsy

3107 2971 2139 232 ue en ick en pretendee niet dat ue voor een

3058 3075 2107 219 halven stuyer bij mijne goederen goude gean

3072 3205 2146 180 trisseert wesen afhoewels dat ick wel wete

5204 3326 82 95 sj

3070 3321 2142 168 dat ick de laeste goederen aen se ue dochter

3061 3413 2242 182 hebbe overgelaeten tot een schandelcken goederr

3096 3486 2169 215 coop ende dat al om haere gratie te mooge

3071 3584 2199 197 winnen en biy het tacoemende wat nieden

3074 3742 2063 91 trate que te saemen ter moogen he

5274 1442 48 60 4

5327 666 98 122 ust

5323 767 206 152 . uns

5400 893 87 106 Js

5272 1068 145 191 16

5323 1232 126 107 deg n

5303 1309 147 146 tt

5284 1466 129 133 d

5435 1482 48 133 d
