4913 3932
217 69 1279 108 heetenisse vincent rorten

1637 72 813 117 Ady 12 febru 1712

340 132 2093 148 hebbe ue op 8 Januart laest geschreven ende versodht

361 249 2071 117 van te willen coemen voldoen ende advisseeren

354 329 2060 162 ende tot myne verwonderinge noch geldt noch te

376 424 2084 135 antwoort becoemen dat niet wel enis. ue weet dat

349 512 2124 177 ue van pachte van den jaere 1310 het meeste noch ien

382 605 2046 165 achterenie daer by is ni te kerstemisse gepasseert

406 705 2061 152 wederom een gheel jaer vervallen dat gaet te verre

370 807 2062 139 ende rs buyten alle maniere van handelen: bidde

349 885 2115 189 ue handelt eerlijck op dat ick geen reden van claeghen

379 998 2078 185 magh hebben en coemt ten minsten advisseeren

372 1062 1924 214 ende wij sullen machanderen dan voorder

374 1155 1923 235 =spreken mij hier op verlaetende blijven

1504 1254 591 141 12 februarj 1712

166 1321 811 187 Brusse brusselle Jifeas

421 1377 2029 186 ue aengenaeme van 2 junuarij hebbe het sijnen tijde wel

412 1494 2018 134 ontfange ende ue bonform gecrediteert voor  ƒ15ocvrs

426 1580 2043 147 die ue voor mijne reck aen dh van doch betaelt heeft

408 1691 2052 113 da is nu wederom bj de onderhalfmaent geleden ende

391 1765 2067 146 alhoe wel ick ue en alles soulageren ende ue niet soo

382 1851 2050 142 elijne pagementen laeten betaelen soo behoorde ue

389 1937 2062 162 dixtte beter op te passen dat ue dan recomm andere ick

392 2004 2041 210 en twijffele met ofte ue sal met dee vasten alaens over

391 2109 1994 146 coemen ick hebbe seer schoon soorte meyk tot ue die nste

388 2206 1618 160 ende naer cordiaele groetenisse soo blige

1629 2243 701 198 Ady: 121 Ditto

180 2290 886 166 Pamur r. Cattaigne

328 2352 2037 196 pour responce a la chere vre dhier voieg incluse

360 2494 2079 122 un extraies du compte p lequell me vienne £89:7:7

387 2557 1972 136 de change. il y at aussy encor quelque desie du

378 2655 2018 127 vieu compte de madmos. Tres es poir de dont ie

395 2731 1994 159 n'en parle pas. ce q'il recuarde le drap blanc

372 2816 1964 153 re les mis £2: p p mllidur marches que cy

362 2916 2004 186 poecedontez oultre i'ay hayee les drosbis de

392 3006 2012 160 leatre a £1:10:- vous me voules drabatt ne culor

450 3111 1966 101 £3- faittez comme le trouviez en conscience

399 3203 2031 121 convenir car ie souhaitte dausey de dorsir d'asfaire

401 3279 1949 148 mais il est bien dur de perdre deu 3 apprtallret

384 3371 2045 140 en intrest comme pouvez faerlement voir conside

341 3465 2009 161 =rant le temps que i vous ay livre la

379 3561 1995 155 marchandise ie suis mary de vos que vre

367 3648 2032 157 espouze est en commode depuis long temps

395 3757 1924 111 i'espere qu le bon dieu la remettera en

2573 86 2124 138 bonn- alese cce que ie sorhaitte de tout mon exur

2577 177 1362 136 me disant en twittes occasions

3931 279 683 147 15 februarij 1712

2547 269 774 170 Brusselle b. van Joch

2592 350 2243 179 ue aengenaeme van 11 court hebbe ue ontfange ende

2569 475 2242 113 den milose aen J: Broeckmans bchandrnt sant is wel

2582 563 2242 93 mijne gremises ue wel waeren gewetden ul voor deselve

2559 614 2258 160 betaelenijde sal becomen wat aengaet mosselmans gelie

2581 716 2247 115 daer mede dan patientie te hebbe van gegloete remettere

2569 787 2238 141 ace op S Francois ansillion 12 court vervalle ƒ578-

2575 912 2236 129 en morgen vallende op rombaut mans £190 oyde

2585 975 2222 144 wissel: waer voor het noodagh gelieft te besorgen endde

2609 1067 2219 124 mij te crediteeren ingecomen sijnde can ue mij corsmet

2607 1160 2158 133 eenigh avans remitteren sal maengenaem  met

2595 1210 2201 180 dat sien ue positif voor geene vrieve op tijt en gpliu in

2593 1312 1277 192 te staen blijve naer groetenisse

2590 1360 2235 193 soude gaeme niete voor niet raiue ue soude enstaenen

2598 1473 1112 148 caveun voorbrieven op tijt

4113 1499 708 158 ady 17 febur: 1712

2530 1563 1002 188 Ghendt J.B. desadelaer B

2551 1665 2199 126 in langh geene van u2 aengenaeme becoemen, ick wensche ende ver

2555 1715 2136 155 fronshe dit voorlaet meerder faveur ende debiet sal genen als het

2542 1782 2136 192 gepasseerde saioen te meer om dat de goederen vanden baedel

2534 1878 2273 165 van duch nne tijt dewereldt wesen vervolgens nene de argheyt mijne

2548 1949 2222 154 restanten aen 68 ens te recommandeeren op dat die met desen hatten

2541 2014 2237 154 moogen gebenfficeert trworden ende ick aen us een versche en wienste

2552 2083 2227 151 partge magh senden ben van siveert en blouswe van alle prijsen

2518 2129 2140 202 seer weel betossen itis bvervallende bidde miy te adviseeren. ick

2535 2186 2184 201 einste dat mij wat meerden e saemen londen doen ende yk

2533 2250 2232 185 re commandeere ve het selfde  en naer cordiale groetenisse soo

4189 2352 571 171 adij 17 febt 1712

2528 2407 326 135 blijve

2542 2419 1150 204 Costrgcnt de sbedgee petgebaer

2526 2480 2242 207 tot antwoordt op de missiul van gisteren door Jaf ue dochter

2542 2552 2120 237 geschreven segghe dat ick verwondert ben 62 excuse gelieft te

2531 2608 2278 210 macken foor de bagelelle die 65 my seuldigh is. dat ende het gene voorder

2528 2693 2260 196 lott 62 dieuste megh voor tallen is met allen mijn hert tot 8 dienst

2539 2754 2171 197 en laete alles aen 62 geliefte verhoepende wij voorderstsaemen

2530 2813 2256 235 sullen kennisse aeken &5 versecherende dat ick kan ingnen

2532 2892 2255 212 hant alles wat poogelijck is sal contribueeren ende naer cardiale

2524 3045 1129 173 graeleuisse soo blijve van heeten

4094 3043 673 172 Adij 17 fbr 1712

2534 3100 1111 197 russel de shedite vander banght

2627 3164 2134 234 gedraeghe mij aen mijnen laesten van 6 deser sedert hebbe ick

2553 3250 2180 201 vernaemen als dat de beurtschepen a l'ordinair sedert boeden

2566 3326 2022 203 saterdagh sijn vertoocken ende heden noch mael laeden met

2574 3376 2164 214 particuliere pasparten die sij allier voors geldt becoemen gelieft

2543 3432 2186 200 25 dat ick 85 paexke segens saterdagh schepen doen soo bidde mij

2543 3511 2261 224 het selfde te laeten bleeten ende &E giegeelijck dien aengaende eens

2560 3594 2156 188 te informeeren een letter advies verwaghtende soo blijve in alle

2574 3708 1180 143 oecasien als aen gheel 15 familie
