5644 3880
730 45 2185 148 sortiment de touttes sortes des marchandises a vre e

725 122 2150 209 vice et quoy quelle sont augmentée je tacheray

741 235 2156 168 de vs seroir a tres juet et faisomable prix vre la

776 367 2071 203 que le bon dieu ns envoyee le beau temps r

804 454 2091 232 quil moyen les grains commencent a estre jau

796 576 2119 215 ve cela fera du bien au commerce et jesper

802 681 2089 233 que ns en voyerons l'affet a pris la moisson

784 800 2057 212 pr une bonne debite ce quil fera un plu

802 892 2056 194 reoivre le commerce je v salue et atte

747 1027 1779 184 dan lhonneur de vs voire je suis

1964 1148 717 153 23 averst 1713

729 1150 1014 201 tounnay sinon donne

809 1225 2016 243 pr responce a l'honneur de la vre du

790 1332 2078 185 du couurant iay obte nece payement ave

832 1460 2037 232 la seconde lettre asteur de la remese que

842 1560 2028 187 marez fait de cents livre de gros de change

829 1672 2066 241 a charge de S Jean francois le fuzelcer et

847 1789 1994 238 je vs l'ay passe en compte il net pas

843 1897 2036 195 necessaere vs renvoyeer la  pre

872 2014 2016 209 meere lettre ce la ne se pratique jamais

869 2127 1988 194 je n'ay pas encor advis que le ƒ500 court

860 2230 1989 215 dhollande dont mons du e ma faure

884 2369 2027 209 mise pr son compte p une assigration

863 2462 2049 242 sur lagent adrian dont de la haye soun

859 2572 2042 259 payée et je ne cooy pas que ce la je ferat en

881 2676 2025 238 cor cito a cause que ie l'ajt eu en protest

892 2789 1969 235 et qui outre tout ce la mons du e m'at

896 2907 1966 194 ordonne d'avoir patience et d'en faire

881 3005 1994 224 procurer le payement pr le temps voule

888 3175 1939 167 tout ce que je vs en puis dire jes pere

858 3181 2078 305 que vs seres des intresse de la derniere parte

872 3344 2058 233 de marchandise q vs avez tire d'icy touchan

872 3485 2031 182 les droits car cela est jut je m'estoinne

874 3600 2053 209 qui ne min faittes aucune mention voil

3003 71 2210 105 le beau temps et du bon hecer pr le frecets de la

2999 118 2232 173 compagne jespere que le says commencera

3013 200 2240 157 a se remettre et que ce la fera du bien aucom

3021 323 2138 169 merce tellement quil y aura bonne debite

3023 414 2222 215 apris la recolte et que ns pourrons avoir le

3036 519 2197 187 tonheur de vs revoir encor ene fois acent thi

3036 645 2217 230 ver doyez asseure que je feray tout mon possible

3070 757 2186 236 pr vs bien servir et a jest prix en toutt socca

3053 898 2203 166 sions priant ne point manquee me com

3027 1029 2210 182 mander pr tout ce quil je pis offen pr vre

3042 1153 1412 194 favice estant du bon coeur

4305 1241 678 189 23 aoest 1713

2968 1312 922 194 Mons Jaques Masson

3044 1385 2170 192 en reponce de la vre dhier jexpide avec plaiser

4915 1514 296 85 de leyde

3038 1510 2135 225 la marchandise que m'avez fait adresse p

3048 1686 2142 137 vs rendre service vs demande des eschan

3044 1761 2154 165 tillions de draps fins d'angleterre de cou

3048 1882 2125 212 leure brien gris de fer jen en ay pas mais

3048 1999 2175 197 bien de couleure claire a proch a le cou

3028 2131 2134 151 leure de neirle dont envoyey quelqun

3039 2267 2184 125 un eschantillions avec leur derniere prix

3022 2346 2074 223 sur des eschantition pne vende geeere

3052 2465 2176 188 il est tout autre de voir le drap a la piesce

3024 2572 2183 201 je 2s piciodire den avoir si bel'assortiment

3042 2667 2181 135 de touttes sortes de couleures a la mode come

3020 2751 2195 184 l'onporte presentement que vs pounez jou

3032 2846 2149 170 haitter de voir aussy de moindre prea et

3033 2952 2095 209 draps double presse du nord et doiussens

3030 3056 2114 223 toutte sorte de flanelle de 3x larges bayes

3042 3173 2159 229 deventer superfingne blanches enfin toutte

3034 3300 2146 205 sorte de manufactures d'angleterre ilest

3027 3419 2177 191 estonnant q'ne venes une fois pr icy come

3031 3523 2138 168 les autres marchand di vre viele dont jen

3029 3642 1994 172 ast eu lhonneur chez moy beauccsup
