5575 3902
683 60 2194 169 vermeldt ick bidde ue andermael op de nieisse

708 194 2144 134 en vaste moede couleuren seer te letten ende dat ick

703 254 2217 206 rogh goede qualiteydt voor huunne prijsen magh hebben

714 352 2042 244 want ue en can niet gelooven hoe miscrasel het

734 468 2180 216 tegenwoordigh gaet en hoe moegelijck het is om

727 630 2165 181 syn cappitael daer uyt te maeken. ick protesteere

709 698 2225 225 dat het niet en waere om mij van mijne bij hebbende

767 826 2123 180 laekens te dntmacken ende den naem van in

802 943 2129 162 wolle manufacturen handelende te onderhouden

799 1040 2119 178 op hoepe oft die negotie die soo lanck in onsen

782 1148 2103 184 haem geweest is eens moghte beteeren dat ick

761 1225 2152 238 niet eens en soude depenne inde handt wille

774 1337 2145 184 nemen om die te ordonneeren want daer enis

783 1411 2146 262 geenen intrest meer van te maeken. het verloop

776 1567 2163 208 van jaere tot jaere en eenider voortmeuwe

825 1624 2124 261 manifacu ven in de lienborghsche en hollandisen

828 1750 2121 229 couleure laekens worden het aldermeest gedebiteert

828 1873 2066 186 minderdaet de luyden hebben het wel voor

828 1954 2108 209 want op die manufacttre is nogh iets voor de

829 2077 2090 211 debiteurs int cleyne te haelen dat op de Engelsete

817 2176 1965 201 niet en can becoemen worden: ue donde het

782 2280 2153 205 mede soo jugeeren dat ue hier ter plaetsche waer

815 2399 2103 236 de Engelsehe sijn te grof van gespin os van

815 2500 2101 251 maechsel rouw van wolle en present te hoogh

867 2614 2063 199 in prijs naer advenant hunne qualiteydt seder

852 2721 1956 236 mijnen laesten voornoemden van 10 deser

851 2860 2076 159 1: de wissel soo schieljck gemorteert reden

858 2931 2058 190 dat niet en can naerlaeten ue te melden dat

847 3040 2088 179 ick liever hebbe dat ue wat traineert met den

820 3148 2087 205 in coop ende dat op ue commoditeydt gelieft

851 3249 2069 181 te doen want als ick ue tot soo daenighe cour

836 3353 2071 177 van wissel soude moeten remitteeren an

866 3467 2081 172 soude ick te vergeets afbeyden ende m et eenen

842 3571 1970 194 stuiyver daer by comen avanceeren sal ue

881 3684 2045 149 vraghten te remitteeren int eent want ick ens

2988 71 2286 159 sien niet het moogelijck is de wissel soo standt can

2978 163 1046 153 houden blijve

2980 273 1139 173 Brussel wed. vander Borght

4325 303 873 171 Ad 20 meert 1704

2981 417 2183 208 Ick verhoepe dat debafj laekens die aen ue soon hier

2979 527 2294 198 sijnde vercoght en p sijn ordre tot wellens gelevert hebbe

2986 649 2263 222 ue wel entot ue volle contenmement sulen syn geworden

2995 763 2200 208 hier onder de laeture bedraeghende in wisselgelde

2982 901 2212 136 ƒ395:6¾ als ue tot sulcken prijs die qualiteyde van

2981 985 2156 178 laekens cont coopen dan en isser geenreden van

3004 1118 2199 173 over dierdie te claeghen: ick verhoepe datter inteert

2991 1214 1974 179 wat meer tot ue dienst sal noodigh wesen ick

3005 1312 2048 188 recommandeere mij in ue goede genegentheydt

3000 1404 2011 190 biddende beeter opinie van mij te hebben want ick

2981 1507 2245 180 protesteere ue dat ick alles doen ten ues reguarde

2994 1606 2267 211 wat coopmanen de weerelt soude connenoft werogen

2979 1690 2250 228 doen ue nevens ue familie van herten wenschende

2988 1806 2278 228 het aenstaende saligh hooghteydt van Paesschen blijve

3003 1933 2238 224 ick wenste wel dat mons. ue soon de goetheydt hadde

2996 2029 2172 228 van mij in antwoort eens te willen inforeneeren

2986 2131 2190 249 en schrijven oft enen aen seckeren lichiel van schoo

2984 2237 2205 233 soude moogen crediet geven het sal seereer blijven

2988 2342 1885 243 en hij sal my ten hooghsten verplichten

2972 2460 2207 222 Leeds William Coonson Ady 21 meert 1714

3001 2595 2148 222 Jay bien reccu en son temps les deun cherez voures

2986 2714 2294 192 du 25 gbre 1712 et febvrier dernier. vous este setonne

3008 2816 2249 213 d'estre si long temps sans aucun ordre pour achepte

2996 2915 2204 216 des marchandises et ie le surs de mesme que voiss

2990 3021 2237 207 mais il nous fault avoir parience jours deux carre

2998 3121 2278 177 ny a plus rien a faire ien manutacture le foune spam

3006 3208 2119 196 trops chere pr le haust change. P'on n'est dlauroit

3025 3337 2195 163 faire son argent d'aultant plus quil ny a point de

3026 3435 2188 146 debste: ie ne me scaurois pas imaginer comment

3012 3527 2195 193 beaucoupp peuvent ffaire ce commerce  pour mo

2992 3670 2238 130 ie ay vois plus du profit et tout ce que je protende

3003 3749 2108 79 de faire n'est que vous epreter mes chals

5311 2903 72 77 d 19

5278 2974 98 132 t

5262 3072 91 96 L
