5661 3880
775 8 2084 147 en monchent quls nochnien eu ja

777 56 2078 173 compeiosie geven wat het voorders sal wesen

761 187 2076 200 moet den tijt leeren meaer ick sende ue een

772 305 1996 174 staltien van een seer goet en schoon bruyn

803 419 2018 175 couleur goet in uysen van 6 a 6:8: a¾

791 523 2062 181 en N8 gelieft dat in at te nemen ende te

792 628 2071 173 bewaeren om te assorteeren de eerste packen

818 729 2044 182 die ue sal coemen te ordonneeren ende blijv

763 860 2078 168 van 12 mey uytvenetien uso op vamuel short

760 947 1355 219 D 342:9 a 51 st £73:9:4

788 1060 2045 223 van 2 junii uyt venetien uso op Pietro senneves

797 1202 1374 193 D 587:20 a 31-st 126:2:11

2017 1266 505 183 5 Gubliet

658 1319 742 194 Leeds W: Cockson

818 1372 2010 187 la vre du 14 du passe im est rendue en son

835 1525 1923 192 temps je ny trouve rien quil pres soit pr vs

840 1599 1973 223 faire reponce d'autant plus qui jestoit

840 1714 2021 188 persuade que mrr wellens n'auvoit pas ma

830 1823 1975 230 qui a vs eseren il n'est pas raisonnable

852 1930 1997 168 racsonnable de donner enspection a eu

847 2042 1945 195 tre de mis affaires si vs seaveez qui

851 2123 1995 173 willens pouvoit debiter ces sortes de couleure

846 2237 1998 234 et quil voudroit accepter tels ballots n son

866 2347 1999 191 compte vs n'aveez q a luy envoyer facture et

879 2465 1925 147 eschantillions vs mes me et pr apres m'en

877 2568 1988 197 advertir j'auvois truve fait mettre ce bal

880 2666 1977 175 let dans un lieu ou il l'auoit trouve sans

873 2759 1975 172 e pouvoir oppescevoir quil venoir de mo

859 2859 1992 212 mais je cos qui vs le faittes exris ateu

885 2954 1964 231 que je le tiendrois malijne moy p le fera

879 3060 1975 212 pr mais pr l'avenir je sera plus jage

870 3177 1978 235 p a bandonneray la marchandissen hal

890 3281 1971 192 landes si vs manquez a suie mon ordre

867 3390 1984 176 il est certain que je ne vois jpmais liee pr

867 3472 1986 171 debiter ces couleures personne de mes cha

889 3572 1962 187 lands ne les veuvoir le ballot est pactie

894 3669 1784 158 come je lay recee et la seraien cor de

2956 0 2205 210 Constemps pasiene prilen bellote iv vodere

2973 108 2225 176 done a qui vs fere et en attend les eschantili

2977 248 2182 157 ons et facture cito possible mais ne charqee

2989 332 2194 175 non plis qun ballot dans chacque waisse

3016 453 2149 177 voias un solie eschantillion pr le brien vs

3030 559 2164 188 dittez que ie sortes de draps son si bon mar

2919 632 66 105 e

3021 652 2172 159 e ner d'en voir l'effet car les derniere

3029 765 2170 185 je lestrouve chers assez je ne seay c quicela

3047 892 2156 134 veu dire que je nasprend pas nouvelles de

3020 1035 2166 132 Robert heinter voela 2 mois que m averen

3045 1092 2144 182 voyee le connosement et encor n'estil

3031 1217 2162 169 arrive ne charge plus dons son vaisseau

3044 1329 2151 190 car je ay pretens pastant d'intrest pr vre

3043 1420 2149 218 governe  en u q vs auriey prestees aetre

3042 1512 2160 220 ballots et quil ne seroit pas en cor partie

3031 1657 2114 211 dhull je vs prie me earquer le prix

3029 1759 2159 200 de touttes sorte de bayes et darisce avecleur

3038 1847 2163 285 marque come bayes de samuell lorder au

3035 1970 2136 234 tres de  30 a  36 et bayes d40 et  48 come

3021 2121 2165 219 m avez envoye l'annee peisse pr en peu

3002 2198 2195 220 prendre mes mesures a l'advenant les 2 bali

3005 2333 2190 158 lots de cariscer q om avez envoye dont e

3033 2438 2086 186 en son enties et pactie personne ne ve

3022 2556 2152 152 mettre le prix et cme je les ayvece siex

3046 2650 2117 182 coste de ballot qp jayt overt elles  jm

3060 2751 2076 160 ble tres pauvns marchandises et quelles

3074 2856 2046 148 vaillent pes lee prix de 38:6 il me

3055 2979 2079 164 semble ge jenayt eu meillieures a 6 33 as

3070 3039 2107 163 agaent ocevert il veu je ne monqueray pas

3060 3114 2108 140 vs en dire et mas qur mon sentiment may

3059 3241 2110 126 sir tout chaiqe fois que m as crivez ne man

3045 3345 2115 146 puiz pas a maix ma donnere memoire

3061 3389 2130 133 die prix coeurt de marchandise voela come

3086 3471 2108 133 les autis sont je sochaitte beinde le confron

3091 3551 2085 122 ter quoy pe je vs pais dere ass eed

3068 3622 2051 135 piuis 4 a 5 ans n'avoir tire un pafar en

3064 3713 2035 85 marchandise de vose ariseer a  s avs

3572 3779 521 59 10 me de

3110 3786 108 56 2

3291 3785 215 56 2bes
