5579 3887
1756 43 990 203 Ady 14 meert 1713

615 44 869 235 Aourmay Andu hu

811 162 2024 186 Jay reccu en son temps lettre de mad mos. vre

792 278 2040 194 esponse datee 3 de lebvrier iiay considere touttes

776 378 1997 162 ces raisors croyez que ie fait ce que ie ne pris

765 483 2022 203 pasfaire car ie me trouve bienn embaratte. de

755 579 2023 177 fait pauvre pr tout et il ay a rien a recevoir

713 669 2124 166 de le que l'on trouve bon cependant il le suite

757 777 2072 160 maistenir avec honneur et bela me cousibien

745 871 2095 178 de la pienne Lira mieux un jour p la grace

776 967 2024 180 de dien si nous pou vous obtenir la parx

777 1105 2048 163 ie ne vous dit ulr cheze que ne trouverez

769 1205 1934 158 en touttes occasions gayez a un honnesse

778 1279 2005 204 homme a faire, vous me promettes de

749 1411 2001 149 me soulayer et faire remise pour le mois

744 1501 2011 173 d'et vril. 'en suis content tie fait dot

822 1604 2006 181 est at la destus esperant que ne mangdere

776 1702 2036 222 pas a vre parale et pour ce qui s'offre

775 1822 1874 211 pour vre service commandez moy

744 1935 2036 194 librement 'ay toutte sorte a asssortiment

768 2039 2059 175 imaginable de manufactures d'Augleterre

769 2157 1900 154 et quoyque le tout est encherre ie ne

771 2257 2006 178 man queray pas a vous servir a iust prin

769 2339 2030 157 comme du passe estant en estat de sufaire

771 2443 2013 155 parce que i'ay preveu ce quiil senne

729 2560 2059 210 d'ariver vousssaluant ie me di

1881 2657 840 209 Adij 14 mars 1712

604 2687 1093 193 tournay simon Donné

778 2797 2030 168 i'ay bien reccu la tres chere vre du 1 du courant

750 2918 2061 129 en son temps avec remise de £100:- de change

750 3011 2077 170 du 9 gbriuut 1712 4sences sur le  Pierre soetart

744 3134 2088 147 de Jand que ie n'ay peu negotier que d pourcent

742 3230 2058 120 de pertes le temps est bien fackeux et il ny a

784 3322 1991 123 rien a faire du tous non plus de ce quartier

764 3411 1983 168 que du vosre en sin csest une misere pour

743 3503 2071 158 mons touts dieu nous vs culle faire pmsericorde

779 3597 2052 142 et nous donner la paine li'on s'en statte  tout

801 3739 1980 97 et s'on la penne comme pour e ne afficire

2945 52 2124 182 faitte cependant sion vois preparaioin pour la

2978 147 2110 160 campagne de out coute les marchandises aur

2920 269 2187 152 mentent en prix et encherssent de jour eujou

2925 368 2084 177 sans que on sepuis apperce voir des raisons

2977 464 2146 189 vous en voyerez l'effestt de met me, neausmoins

2966 571 2016 159 Sl 9 a lien pour pouvois vous rendre

2948 669 2081 186 service de me souhaitte qu'a entresenir la

2972 786 2055 166 connoissence ie ne manqueray pas a vous

2991 882 2124 192 sesoit encor au vieu prix et a bon marche

2956 986 2120 181 pour ce quiil vous plair me commande

2972 1094 1199 181 ettant du bon coeut en

2963 1182 2027 169 ie vous prie de faire rendre l'incluse au

3009 1304 1501 193 Anselime du hu a demie sport

4270 1412 421 147 15 mars

2936 1447 981 167 salle res pijn urett

2996 1489 2156 194 le de dornere de londres m'ordonne de layr

3011 1617 2177 197 mettre  110 et de ferer  g: la valeus avec

3024 1700 2152 204 ma provision et la pete de change a qui  au

3026 1823 2156 160 vois exccuete ce jourdnay mais considerant qui n

3047 1930 2040 185 pourrez quelque fois remettre avec plus

3026 2016 2150 179 d'avantage et moin de perte ie trouve a

3011 2127 2160 156 p vs en advertir car moins de 4½ prex il o

3019 2218 2107 136 avoit point d'argent pr de lettres vog l'am

2970 2356 2220 131 port avec une in close que jay recece attendant

2989 2433 2204 129 honneur de vre reponce cet possible gemd

2976 2529 699 165 t £110 a 835

3868 2553 581 157 £192:10

4347 2630 109 112 4

3139 2586 692 193 courtage et port

3124 2713 779 152 ma procrision

4306 2717 262 141 5918

3115 2799 641 159 en argent tort

4120 2822 413 164 ƒ93:13:3

4349 2920 398 121 16 meert

2896 2891 1064 165 Londen Jibenus de Doriere

2959 3024 2163 104 Ick ben ve wonder te sien bij ue aen genaeme van

3011 3100 2171 112 ½ court dat mijnen van prems ue noch niet en waster

2958 3174 2159 150 handt gecoemen met mijne remises van of ƒ250op

2958 3254 2175 110 thomas halsey ick dencke den selve voor me wel sult

2931 3350 2177 104 hebben ontfangen en hebbe ue ordre van op nyssel te

2919 3423 2237 120 trecken noch niet connen volbrengen wan t onder de

2922 3517 2198 144 t½ piet schaede en wesser geen gelf te venden soo dat

2963 3554 2144 152 de recke gemaeckt hebbe van t' imp ort van  £110

2923 3647 2183 118 tot N 35 soo als die hier can afgeven ende hebbe

2970 3715 2144 114 die iets ue in close onder mijn uvert aen
