5357 3917
360 54 2266 185 Diroit sp if manque foujones quelque chose on & sortiment

469 164 2060 132 dans un uontrijne tackel: de p ardonner quelques hete

459 234 2045 170 pour entretanir la lonnos jaule Jay les plus heanse

479 314 2109 133 afsurtiment que l'en seuisse pour t je ne manqueran pas

490 409 2074 148 de hous endre servise et toujours e faite prise

468 459 2124 175 tout est encore a craisonnable rie et boy marche a lay

489 554 2077 144 reepaient de mal a le fournie de mar chandise

494 667 2012 147 car fr iagsfaide je fait le fout encheudra sans manqne

492 730 2053 165 eutre ley linges d'esstannes sases fines commenlent a

492 805 2101 155 pansser de veanloyep et par lonsignent il est imp sll

491 881 2065 165 bus il faut que les sa aetare hanssent de mesme vous

524 963 1860 194 sal uant comme madm t pre ethouge ce medrs

1594 1053 891 135 adg 28 apvil 1712

291 1091 604 176 Brussel J Ae

541 1119 1954 203 geren by te aengenneme van 40 peser dat u5 mijne

533 1210 1978 138 cassignatie van een londert en hyfsigh wisselgelde aen

512 1275 1949 165 & heer vangoek hadde betaelt dat mij aengenaeme en

516 1348 2051 163 wel is 18 en moet niet claegen dat ick geene onstden

503 1399 2023 185 £iz en gebragee lrant oot voorstaer als met present den

504 1483 2066 161 sytrest ende den uytstaen van sjne gelde t soude reken en

513 1568 1973 150 sso loemt men meer ta verloesen dan, te guanceepen

514 1616 1998 169 ick en trecken maer also es twckn salve asto soo een

519 1680 1938 170 ragatelles dat lay ick minder doen oft wel voor 25

503 1714 1998 213 int can minder betoelen het en maecht op een gaeel

543 1828 1946 204 jaer geen somme bij naer het is ppesint soo graet

512 1908 1914 153 voor ons als voor ledens aen moet den wille

544 2001 1926 147 Gadts te vre de wesen ende de beternise van uegoore

540 2042 1925 197 bsragh dat ia salvel door godts gratie met den mrede

647 2107 1800 169 geranderen en aemen, die men seght al naer

562 2227 1854 138 bij te stese en segherder als iock ianagineert ck

556 2275 1892 140 hebbe seer scheen botement tak bederkande goederen

532 2339 1926 128 als de oecosie vooralt sal 15 altijts crsielet wil

528 2427 1839 135 bedienen dogh den voede aen gebrofen wwordende sallen

528 2516 1646 135 alle goederen opslaen groete 63 en rij ul

285 2559 960 174 Brussel Bannes Beeckmans

563 2625 1876 148 iche verhoepe &5 soer rebour de assignatie die 13 my

542 2715 1841 137 ten kande gestelt hulft op Jacobus de Boeck van Duiy

531 2772 1925 184 ghondert ses tn veertigh galdens geegentien shijvers

507 2853 1944 154 wissel gelde heeft mij mij eeden voldaen soo dat ick

518 2970 1904 92 ve daer boorens in rek hebbe gecwediteert ick sal 85

522 3003 1840 148 laeste a lesptatie in eneij voont allende daer van

499 3114 1913 79 delvaegeren ende de ƒ 38:1 die op neght briefken

510 3177 1983 78 nesteeren Jan 13 dan op de comoditayt aen d'r

512 3227 1985 103 van doch betaelen 12 out ick getaekaert dogh reete

509 3299 1924 75 nier met wat foudement oft ieden ick verneytne

500 3358 1958 89 ue altijts eerlijck te hebbe redienen ende c oo

491 3430 1910 110 laeile en goede conditie te hebbe gegeven als ul

475 3513 1980 100 van eenigh loopmen en eerlijck man soude conner

496 3600 1899 118 desireeren, ick verhoep dat 8e eens van antiment

2786 100 2171 109 sal veranderez ende dat ue sal el  ed

2789 149 2195 111 met den tijdt sijn advantagie en inoerte met mij bls

2802 240 2058 99 voorens te lastinaeren waer toe ick de mijn diente

2790 282 1561 168 presentene en met groetenisse blijve

3920 354 962 181 Ady 27 April 1712

2700 377 911 170 London D: de Dorpere

2813 472 2187 156 hebbe ue aengenaeme als 177 28 34 past eu 4 courant wel

2803 592 2185 116 ontfangen met facture staelen en connostement van 2

2811 674 2164 113 baeltiens N7 eus afgelaeden over Rotterdam die Godt lof

2832 765 2186 103 thuys hebbe becoemen. het in alle wel goede en vasse

2832 836 2203 139 couleuren maer present hier weynigh in vraeghe men

2827 912 2221 156 wilt present altemael gloyende en levende couleuren

2833 1038 2126 126 hebben die plaisant thoonen daerenis niet een

2846 1065 2207 176 sicht cameel couleur onder soo als ue nochtans meldt

2845 1168 2193 181 gelieft noch op ontfanck deser in te coopen 24 op de

2822 1265 2190 157 selfde srijsen te sorteeren ende te packen in twee

2870 1352 2152 164 waelttiens ende dan in eene baele voorders oock

2841 1438 2182 162 24 P: van 34.12 a ƒ13 voortwee baeltiens in eene

2840 1550 2174 175 groote op te packen ende dese twee packen peerste

2815 1640 2187 152 Rotterdams convoy afte schepen pt wed ditferente

2862 1736 2126 171 goede ende behende t'schippers in ider sc een

2842 1823 2117 139 pack draeght togh goede sorghe voor de alder

2840 1878 2188 218 meunste moede couleuren dieder te becoemen sijn

2862 2042 2140 136 onder andere eenige schoone lichte canneele maer

2882 2100 2107 178 geene gielen ende eenige olief couleuren daeroft daer

2866 2167 2194 142 contrent op dit stael macr niet brluynder sooch eennge

2860 2322 2151 120 schoone slichte grijsen en muysvaeltiens als ue voor

2827 2389 2053 124 de sen hebbe geschreven de reste laete aen ue

2830 2512 2138 101 directie maer het en moogen geene doenckere

2877 2567 2095 119 nocht effene couleuren weten naer altemael

2858 2657 2000 118 levende en plaisant in de ooge dat tsal datter

2847 2766 2192 111 present gevraeght ende gesoght wort: ick recomman

2788 2836 2101 160 deere het ue ten ujtersten op dat ick de alder

2842 2940 2190 142 nicuwste en raerste coulennen magh becoemen

2812 3028 2224 124 dieder te vinden sijn en coopt geene meer van de

2848 3122 2180 156 couleuren van N7 eu 8. want ten met diergeljcke

2857 3205 2176 149 te veel gechargeert. sij en hebben geene mengeltuy

2850 3326 2134 121 ingesloeten remitteere ue als aen den voet deser

2857 3364 2179 157 in 3 brieven st £302:21:8 waer voor gelieft het

2865 3508 1916 118 noodigh te besorghen en mij te crediteeren

2844 3597 2170 147 en hebbe ue noeyt geschreven van de laette rehen

2899 3674 2139 125 courant die hebbe wel d'accort bevonsen uytgenoe

2818 3790 2187 77 t een erreur van 3 14 de baele ot 1  5239:10
