5575 3906
655 66 2263 251 pour voir liz au jour il gramieux aultrement iel

687 174 2221 213 l'abbandonnerois de desmain. voicy quelques eschan

685 285 2222 250 billions dont ie souhaitte des mes met inelangeser

745 433 2148 208 couleures et uon pas d'aultres  a paeter @ 12 et

732 541 2164 180 2 carisees en un paeques et de cet deur pacquett ne

724 649 2161 196 faire s' un ballot comme lectmee passeé du prin

728 757 2197 179 de 4:6 a 35 n excedanpoint ausiy ½  apaiter

748 878 2172 216 de mesne du prin de ƒ13:8 aƒ ƒ110 er ƒ4 n' excedant

723 987 2198 250 point p: de draps brouwn de8 differentes coulen

706 1088 2215 235 ttres comme le ballot N7: de lannée passee du prix

793 1191 2030 202 de ƒ33:6 a ƒ 13:8 a ƒ33:10 a ƒ34 is exledant poout

2030 1330 148 77 a2

765 1324 1939 206 vr la done mo ordre pour   en tout

761 1425 2136 183 que les draps soins bien toudue pr tout doun de

749 1548 2124 195 laisne louble a la main et point possiers in

792 1634 2144 202 prop sort pressee vous commencerez p. l 4: pour

766 1746 2134 197 les draps est aussy pour les ballots et ferez une

798 1857 2111 212 aultre nouvelle marque sur le ballot prennez

809 1988 2116 173 le temps le plus propre et acheptez les a mon

797 2086 2129 192 plus grand advantage. il ny a rien quil press

787 2186 1936 209 sil fault des bon drap ses bon marche

800 2302 2070 177 aultrement il ne m'en fault pas vous les

830 2404 2059 218 envoyerez p Rotterdam et ferez faire les

839 2541 2067 192 connossement la vre ordre et me lg endorseres

797 2644 2068 177 allordinair. ie ne veu nou plus qui ballot 1

828 2712 2066 189 chaque vain leau pour vre do ve pne caite la

857 2834 2056 198 iihnne receu vous me priparerez une double

813 2916 2111 191 presée c'est adire D ps pactie en une envelt

830 3020 2087 211 conforem a cet eschantsilison et me l'envoyer

831 3148 2099 200 pour Rotterdam p le premier vaisseau qut e

806 3247 2117 182 aen charge a hull d ƒ23:6 a 3:10, en le dorbt

830 3349 2067 196 livrer aupremier Pie ve manqueray pas

841 3467 2062 164 & vous faire remises. le change scont menc

828 3569 2013 141 a romber ou baisser et c'est le suicet de et

861 3614 2075 191 mon ordre cas daus cela il me seroit psbl

864 3760 1987 91 & faire venir des marchandises. ie suy

2967 63 2284 212 Brussel michiel van Schoor Ady 22 ditto meert 1714

2973 168 2255 229 verhope ue goet rerour en verwaghte ue ordre nevens

2973 322 2201 137 den jhdlbrief om het goet aftesenden. hier onder heeft

2978 436 2170 146 ue volgens ue versoeck de sacture bedraeghende salbo

2988 556 2262 130 errore ƒ1221:118½ wisselgelde het welck wel bevinande

2981 599 2250 196 versoeke voorde weerde miy een a t wee briefkens te

2995 732 2276 170 accepteeren een aftes enden voorders iets tot ue dienst

2977 827 2208 183 offe reerende gelieft te commandeeren die blijve

2966 928 2119 229 Brussel Jacomm Rousseau Ady 22 meert 1714

2994 1111 2118 145 J'ay bieu receu lhonneur de la vre du 18 du courant

2969 1195 2213 165 ie vois que mons: van den bloek a payel ma traitte

2979 1311 2183 175 de ƒ 267:4 de change. ie vous remette a charge le p

2974 1411 2225 219 Bapte flenis du 16 du cour a jours de datte ƒ287:16

2989 1526 2109 177 ie dis £47:19:4 d c hange. il vous plairz d'en

2998 1667 2225 156 procurer le necessaire et me crediter si r hasarde

3001 1763 2273 149 dDig se pourroit in former de la partoune esepalie

2974 1850 2276 184 un Pertain mons: michiel van schoor drappierde

2981 1980 2210 168 vre, ville ie vous enauray de l'oblig anoit pre

2982 2066 2186 181 feriez plaiser me harqeer si s'on se puissier a

2974 2165 1154 156 25y  non ie me dit

2974 2306 2140 140 Brussel Joannes Beeckmans Ady 22 meert 1724

2988 2413 2111 158 heh gedraeghe mij aen mijnen van 9 cour. niet eens

2993 2493 2177 179 twijfelende oft den selven en achter volgens oock het

2989 2639 2166 151 goet ue wel geworden sijnde ben verwondert dat ue

2989 2742 2162 151 sijne conditie niet en coemt te voldoen ende mij ue

2990 2804 2200 205 acceptatios voor de weerde toe te senden. het is eene

2981 2913 2234 160 wondere saeke dat ick telkens diversche maelen moete

2977 3007 2198 165 schrijven ue siet ende ondervindt dat ick generens

2993 3128 2191 140 het ue handele bidde ue en laet mij mede geen

2977 3229 2290 152 reden van claeghen hebben ende gelieft mij in antwoort

2990 3332 2249 150 de selve afte senden dat sal verwaghten: mons le

2982 3419 2213 146 heeft mij laeten weeten de doodt van syne moeder

3527 3510 166 76 281e2

2998 3530 2228 168 het is mij leet verlies godt soo vertrouwe sal haere

2992 3642 2007 110 srele genaede hebben gedaen ende wilt de

2974 3713 2275 121 uyt j vertrooste . in alle becasien ben van e

5274 1037 78 141 &

5255 1250 83 177 l9

5271 1420 74 80 s

5275 1523 86 120 l

5247 2723 90 86 2d

5247 3077 92 97 sl
