5601 3890
2013 57 765 176 5 tebruery 1714

692 67 924 217 Brusselle Je haegens

835 148 2051 195 ue aengenaeme van 2 desch hebbe wel ont

821 303 2061 176 fangen staen ue de laeckens t aen daer

806 369 2144 214 is ue huysvrouwe ue de staeltien van over

826 454 2072 241 gebrockt heeft gelieft die maer te onsbieden

826 557 2057 203 ue en moet dat om geen reden laeten die

797 676 2037 250 sijn tot ue dienst en alles wat uemagh

813 766 2140 264 noodigh hebben oock magh ue seckers wesen

829 912 2077 227 datte noyt beter coop en connen gegeven

808 1020 2090 205 worden ick en wille ue geenan in com

786 1125 2005 190 modeeren ende daerom hebbe ich ete

790 1241 2106 214 voerens geschreven oft het ue niet en sou

814 1343 2003 205 de incommodeeren dat ick £50 soude

797 1467 2046 183 trecken het is waer het is voor mij mede

805 1587 2142 181 ellendagh want men can niets van sijne mijt

799 1677 2130 192 staende schulden becoemen niet te men et

795 1795 2145 184 wille met den ellendegen tijt het geneoacl

806 1898 2126 189 lot draegen ende mijne vrinden sallen denst

820 2010 2051 220 moogelijck bethoopen verhoeggende o

788 2091 2146 245 het eens sal herstellenende dat mine vrinden

837 2211 2077 215 dan oock considerat i sullen hebben ende

828 2373 2130 181 mij den penninck ionnen en voor een ander

811 2434 2157 258 pretereeren ick sende ue dan een breefken

853 2537 2091 219 dat ue op een maent gelieve te accepteeren

867 2670 2073 214 en mij dan weder te senden met d'eerevan

862 2758 2083 216 ue commande voort geene tot ue dien t magh

842 2868 1170 216 wesen blijve van heten

760 2957 2177 283 Gheudt J Bapt De Saedelaer Ady 6 sbru714

835 3173 2077 130 tot antwoort op ue aengenaeme van 4 deser

836 3225 2040 183 hebbe ue conform de rekene gedebiteert voor de

840 3391 2096 137 provenue vant laeste gesonde ne laeken sal

854 3467 2081 189 mijne goederen ex annneeren en sien oft ue

841 3592 2121 167 een diergelijcke quaert dat connen senden aen geart

832 3705 2113 100 het quaert blouw N 2es a a4 ¼ daer ue 13:6 voor

3097 47 2015 218 geboed en wort magh ue ue alsoo laeten alser

3098 172 2229 200 niet meer van te becoemen is. heeft ue gemeyne blouwe

3109 294 2185 224 van ƒ311 oft sverte drapdhommer breet superfque

3126 395 2114 229 andere breet leysten noodigh commandeert maer

3111 513 1984 218 ben als uu redelijck voorsien en soeke mijne

3142 627 1970 168 werck lieden maer te onderhouden blijvve

2989 739 1149 188 Antwerts Jacobus snellaerts

4274 758 48 125 d

4393 756 868 142 Ady y feltenars 1714

3135 861 2098 146 selfs voor ue dieneboeden vermeyt sijnde neme

3122 919 2174 218 de voijheyt. ue met desen brief te senden de reck

3115 1026 2049 182 court waer bij ue sal sien mij schuldigh te

3121 1139 2170 154 wesen salvo ervore de somme van £212:2:2

3125 1205 2069 184 vlaems wisselgelde en nie bij de 2 jaeren

3109 1305 2096 240 geleden dat ue niet genenstuijver besteel

3103 1410 2033 235 en heeft oock dat het meeste paert sijn

3104 1493 2100 233 snalle goederen die ick ue vercocht hebbe

3094 1616 2203 228 soo dat ue laete considereren oft ick aen den

3095 1717 2151 239 intrest niet meer en moete toegeven alsoo

3105 1827 2123 262 op de goederen can gewonnin wesen voor

3082 1893 2212 305 leden jaer heeft ue mij geeyt dat niet ander

3097 2012 2160 301 adperteerde ende dat ue dan voor mij soude

3096 2133 2146 272 alleen sorgere ende den penninck sonnen

3096 2266 2195 231 daer op hebbe ick gewacht ende patientie

3110 2368 2130 292 gehadt ick laeten ue nu considerere oft

3110 2500 2181 228 ick meer doen can oft dat ue meer can pre

3104 2581 2126 275 tendeeren als ick gedaen hebbe ick moete

3095 2692 2142 258 gelt hebben om mijne negotie te conen

3088 2805 2182 238 drijven want het voor jaer is aenstaende

3096 2833 2305 332 ende ick moete sond soecken om de versche

5337 3076 69 109 ny

3101 3020 2184 272 goederen die ick noodigh hebbe te betaelen

3111 3128 2037 260 ick en pretendeere het niet al saffens

3091 3249 2174 218 maer ten minsten en £50 nu en danop

3101 3334 2189 251 reck gelijck mijn andere valanten mij betoe

3095 3438 2132 246 len iet versoecke dan met terminnen

3082 3558 2088 224 daer niet te willee aen manckeren ende

3069 3648 2178 196 met mij naer reden te haldeten soo alsick

5292 730 84 162 dn

5323 1658 77 77 11
