5650 3895
740 49 2164 161 oft dat ue large mijne intentie sal sien boer naecken

743 108 2149 154 wegens d'acceptanten als dien aen gaende iets

761 231 2155 139 onsecke oordeelde weest wel gepersuadeert dat

786 324 2081 143 ick soo veel voor ue intrest sal sorgen als

809 444 2068 139 ue voor den mijnen hrude connen doen maer

790 508 2121 166 het is discourageert mij dat wij te saemen dat werck

799 646 2135 132 niet doom aenden en connen hoeuden anders

851 688 2062 185 en can het de moyte van schrijven en vrij vl

839 800 2079 163 net uijt doen was van intentie heden ae

813 878 2109 140 nort een partijcken te remitteer maer ae

839 987 2076 196 wajnige couragie wederhout mij dat geene

838 1084 1632 217 anders daege alst ue geleifde blijve

840 1173 2087 246 costij banco 3 a 1 pt court 4 a4¼ londen 15:8

821 1356 991 159 2 usos pary s 6622 uso

2019 1384 551 170 5 gber 1713

751 1431 987 174 Brusselle  van Pock

870 1486 2017 222 met ue aengemae me 23 past hebbe becoemen

864 1652 2017 147 remise van ƒ413 court gelde op Jan van trap

874 1771 2026 130 pen tot gent van sele dato door hem geaccep

886 1845 1947 147 teert op sicht waer roerens ue conform ge

896 1930 2023 175 crediteert ƒ408:17½ court in wisselgelde £53:8:

893 2039 1991 194 ue seght op antwerpen geene brieven met ad

904 2139 2021 187 vance te becoemen wesen het is mij een en

916 2246 1978 199 het selve op wat plaetse ue mij remitteert

915 2354 1976 187 als ick maer vas te brieven en hebben en di

913 2452 1876 231 van sactisfactie geconsedereert gent door

913 2576 2004 220 gaens te schaede brugex 8 met oock begean

889 2693 2036 196 oock wel brieven op hollant als daer bj ma

889 2826 2038 150 eenige avantagie can vinden pren ue pael

901 2923 1968 170 in banco ingesloeten remitteere ue ue op

888 3033 2031 186 gras en rema ƒ600 court gelde court te te

876 3139 2057 191 staelen en mijn tratts aen ue ordre op Jui

902 3244 1981 149 van ƒ300 wns: op tsas die mij gespmoecken

898 3355 2010 221 heeft ende de selve prompt sal ver heeren

905 3463 1970 189 voorders bidde voort ingeleyde op gras en

885 3564 2020 195 odgna acceptatie te laeten besongen ende

848 3680 1945 150 dan mej het selve weder te senden het is

2970 0 2273 182 vaer mosselmans schreven hebbe den 7 t

2978 107 2225 167 nmet hem te aptworden sal het echteren eene

2989 206 2222 167 dagh u 2 doen en vervolgens soo veel goetheyt

2988 297 2233 189 te hebben van hem van hem noch eenste laeten

2994 413 2205 220 maenen want hebbe hem sonck genochdelye

3005 535 1287 184 gegeven blijven van herten

4379 629 556 174 6 sber 1713

2987 645 1052 241 Leeds William Coctison

3051 751 2170 242 le 28 du passe je vs ay fait remise de A½ tooen

3053 867 2172 186 2 lettres a charge Pedro heunquer uncoralon

3068 958 2163 202 dres du 11 d'accest esres come  £180et £220 en

3076 1077 2153 244 semble £ t00 jespere quelle vs seront bien

3035 1195 2163 263 parveniez faute cy inclute secondes prvs

3077 1290 2113 243 en servoir en cas de necessite je n ay encor

3078 1413 2030 214 rien apris de l'arrivee de george bilbeyc

3081 1514 2125 274 quil m'estonne et cause du prejpedise p la

3066 1629 2162 270 premier vaisseau vs chargeres le ballot de drap

3071 1765 2099 253 gris N8 et cellus que je vs ait ordonne terant

3103 1855 2094 238 sur les couleures a la mode du netit bel

3083 1937 2159 323 lot que at este dans N6 et un attend les factie

3089 2076 2092 213 res et connossements astecur vs me procuerce

5062 2151 129 117 24

3076 2172 2062 229 encor un ballot pactie en 2 petit avec

3061 2314 2156 222 p ett carisee de farduliere conform en cou

3070 2409 2115 217 leures come le ballot de l'annee passee as

3055 2523 2062 193 este  N39 kors mes les couleures blanche

3083 2621 2099 219 N418 et N452 dont je n'en vece pas positi

3060 2717 2161 225 vement vs assortirez les draps du prix de

3054 2812 2149 228 a 4 selon que trouverez la qualite bonne

3041 2926 2112 239 pre leus prix tachez d'avoir de belles cou

3060 3036 2161 221 leures et que les draps soient soule

3039 3117 2149 253 et bien dressee faccomodie ce les fait

3031 3230 2144 258 vendre voila ce quil s'offre pr le present

3055 3432 313 139 estant

4227 3432 810 229 Adj 9 xber 1712

2965 3475 1013 211 Brussel Guillias t las

3028 3606 2152 132 ick verhoepe ue goet retour ende dat ue het paxke

3039 3751 2106 85 gemerckt  d volgens ue ordre gisteren p. beurtschip
