5634 3888
695 34 2181 160 brieven voor don zedan ende de wedue mosselmans

688 165 2216 156 voor de laeste endencke evenwel geene swaerige

610 270 1427 202 leydt te wesen en bljven

662 352 1867 225 Rotterdam Charls Boucher 26 sber 1713

792 449 1989 204 en fuitte a la chere nre du 13 du cout jay bien

795 585 1984 151 receu le pacquet I.DM N2 de l'envoyee des

764 656 1995 188 mess older ferrieres et bligael de leyder pr

777 769 1989 185 battelier Jcan aenhouwer francqsel af oblie

773 872 1980 151 a venir perchez le billiet que me occom

783 917 2077 245 mandiez a luy donner et cest le sujet de la pre

777 1022 2014 241 seite & sant en mesme temps expedie le dit

762 1130 2033 254 pacquit pr mons a l'addresse die S Jaques

771 1340 651 143 masson getent

657 1358 2048 261 Amsterdam francois Rousseau 26 sber 1713

787 1496 2052 213 gedraege mij aen mijnen laesten van 23 deser

793 1595 1935 238 sedert geene van ue aengenaeme met brieven

803 1673 1963 207 van londen van 25 court gisteren ontfangen

792 1778 1969 217 comt die wissel van  36:9 op antwerpen

768 1886 2079 206 tot 38:3 m eenen postdagh gevallen en van

806 1993 2061 274 daer op costij tot 635 :11 daer op is hier niets te

833 2141 2079 179 doen nochte derrewaerts coeuree te melden ende

836 2264 2085 176 alsoo ick t £4 afs soo noodigh hebbe soo coeme

851 2357 2054 181 ue onder mael mijn intrest recommandeere

858 2482 2043 162 dat ue dien aengaende soude gelieven waer te

862 2584 2035 165 nemen als ue soor deet op laeghste sal wesen

850 2704 2059 163 heden weynigh oft geen breeven soo dat men wel

866 2782 2002 215 1¼ a 5 oeraekie neden neehen hebbe con

859 2932 2055 157 nen af geven inge valleo ue remitteert en cont

858 2984 2070 192 de weerde maer op mij trecken tot mijn beste

865 3095 1959 219 advan tagie moogeleck op sicht p passe

844 3196 2049 215 hebbe eenige honder de croonen cort op parys

854 3308 2035 164 die ue mijnde te senden om te laeten in re

845 3443 2048 169 sen doch men seght daer niet boven de 66¾

834 3514 2079 182 soude van maecen soo dat dat ingelk  moe

847 3630 2035 140 te naer laeten het is ommoogelijck present

813 3705 2095 125 gene ge mesieres to advantagie te connen nemen bi

2983 31 1247 194 Leuve adriaen Everaertse

4518 39 562 177 26 gber 1713

4304 83 156 119 3d

3018 124 2232 210 ue aengen eeme van 21 deser hebbe wel onsfan

3057 259 2189 188 gen en volgens dat ick daer yt ue gousti can

3045 347 2167 171 afinoeten soo sende ick ue hier in ges loeten a

3086 466 2095 188 nege staeltiens van ƒ32: tot 12 de schoonste

3096 568 2165 169 couleuren en schoonste laeckens maer hienne

3085 682 2132 223 prijs die men met oogen ien co ue daer

3103 778 2119 215 van iets agrecrende gelijck ick niet en

3038 870 2226 292 twijffele soor sal d'eere van ue commen

3094 1016 2040 213 dorn vewachten als mede voort geerde

3090 1072 2230 259 voorders tot ue dienst mochte voorvallen

3073 1242 2142 254 hebbe oock seer schoone fijne laekens en oock

3070 1370 1925 206 gepersten en alle doort en van sjne bayen

3058 1519 2162 184 bolchester en oock deventer bayenen carseyen

3070 1654 2146 181 dat ick het geljck hadde van ue eens ten mijnen

3068 1743 2087 164 huysen te sien ick ben wel verseekert dat

3067 1892 2155 124 ick ue een partighen soude vercoopen ende

3066 1972 2045 137 dat wij meerte saemen souden handelen

3068 2088 602 141 bejde

3049 2207 2146 133 de boede sijn dien welk den eenen meer gepe

3078 2273 2092 152 gerals den anderere daerom desijnde dich ue

3106 2361 2113 200 de brieven p post en ick sal de liever de port

3082 2481 719 202 selver betaelen

4370 2532 742 207 26 sber 1713

2996 2593 1281 172 halle coleaen d bpen

3057 2715 1218 122 naecken Joan ley d

3079 2698 2174 229 hebbe van dagh tot dagh al vergeefen ue gelaete

3097 2841 2159 141 commessie te volbrengen niet eynde ele hebbe

3088 2942 2132 135 de rece naer gesien dae resteert te betaelen de

3098 3050 2145 126 2 dooijntiens soldaete laeckens voor ue resck ont

3093 3138 2154 145 boeden p leeordre op 21 gber 1711 ten hussevan

3104 3264 2106 176 de wed: Jan halrge levert sij de lanck  64 ¼ a

3068 3344 2147 177 ƒ1:10. ƒ 96:7 ½ wisselgelde die bidde me gelieft

3099 3419 2101 215 te doen telleen ine alles dat tot ue dienst

3117 3511 1913 241 voor valtte disponeren van die blijve

5270 508 164 133 iye

5310 621 127 106 utt

5356 870 78 97 J
