5632 3881
608 47 2217 165 selve wat te voorsien ue moet altijts goet bij verhant hebbe

658 152 2124 139 ende dat sal nu met liggen sijnen intrest wel cet

676 227 2111 123 doen ick hebbe het rchoonte versch soortiment

681 325 2142 137 dat ge et oogen sien cont gelieft ue ick saldergoe

707 385 2116 181 den coop afscheyden ende ue trachten contentement

718 502 2029 161 te geven venwachtende dan affauy de bayen met

722 576 2016 216 het laecken gelieft gesonden te hebben soo blijve

543 684 2165 231 Mechelen francois Bosselaer Ady 31 meert 1713

756 816 1974 186 ick verhoepe ue desen mijnen op ue goet retour

744 935 2012 183 ue wel sal behandight worden alleen desen

730 1064 1948 148 tot het onsenden van de racture van het sijn

730 1147 2039 253 Spaens laeken N 356 . 24¼ a 32 ¼ a 14:16

763 1243 2033 233 ƒ154:16½ wisselgelde. ck en can niet bedenthen

759 1349 2037 220 om watreden ue altijdts bij een ander coopt

762 1453 2008 213 ende mij voor bij gaet e can immers al doen

765 1599 2040 220 wat een ander doet en hebbe altijdts sortment

780 1723 1960 172 n abondantie. ick wenste maer eens sooveel

750 1799 1996 252 faveur bij ue te vinden dat ue mij geliefde

758 1921 1968 173 den penninck te connen en eens voor goet

757 1994 2001 209 kennisse te maeken ende ick protesteere ue

797 2119 1999 200 dat ick ue volle contentement ende genoegen

744 2223 1997 180 sal geven soo daenighlijck dat ue op een ander

717 2351 2016 171 sich niet meer en sal willen addresseeren

547 2443 2147 193 t6 ditis de gratie die ue versoeke en afwachte

1803 2555 870 219 Adj 1 brl 1715

534 2589 906 209 Atm Andre Lison

728 2694 1949 195 pour responce a la chere vre du 29 du passe

741 2823 1833 165 ie n'aplus de draps pas bleu ieue

703 2941 1993 148 d'eAngfleterre, mais si vous souhaittez i'en

719 2992 2017 210 fernay iendre conform a l'eschantillion que

713 3084 2025 220 n'envoyez et pour s'9 pie vous aurez quelque

711 3190 2023 159 chose de n  sion dit la paix pour

711 3313 2044 171 asseure i'espere quiil y aura plus de commerce

688 3420 1973 189 pour l'asbeir, il me sere tres agreable a

699 3500 2053 210 pou vois eutrer en connoistence p ensemble

667 3611 2126 152 let soues asteure que ien ne manguera de ma

716 3682 2090 142 part pour s readire a 1 a st prin et vous faire vous

2231 3781 236 68 gee

2543 3792 60 60 y

2862 48 1009 219 Brussel guilliam  las

4069 71 890 184 Adj 1 Apit l 1713

2949 174 2051 214 ick verneme tot verwonderinge van eh

2919 295 2080 132 van hoch dat ue mijn assignaue die ick in dato

2955 420 2069 117 12 februars aen sijn ordre op ue getrocken

2933 495 2082 201 hebbe noch niet en heeft voldaer. ick en ben

2926 621 2104 175 niet wel te vreden dat hr soo veel tijdt heeft

2932 729 2099 201 laeten verloopen sonder mij daer hen niese

2973 841 2050 179 van te hebben gegeven.  iet eens wat tijdt

2954 938 2093 207 geleden dat ue mij schuldigh is ende bij mij niet

2920 1057 2143 149 den heeft gecoght, ue can andere wel betaelen

2963 1172 2110 150 ende en bestaet in geene reden dat ue met mij

2931 1277 2064 143 soo ageert. ick sal ue p  eerste noch

2939 1376 2099 164 eent eene rekene courant senden ende ick

2919 1505 2124 160 versoeke betaelinge te hebben want het en is

2960 1590 1971 182 niet redelijck dat ick soo mijn geldt met

2912 1702 2108 188 appen en crappen ontfangen en meer aen

2904 1796 2193 197 sintrest verliete als ick hebbe opde goederen

2907 1917 2113 168 geavanceert  en gelieft niet paerge laeten

2932 2035 2113 142 ditto mijne assignatie re voldoenende

2906 2137 1265 189 middelleriyd soo blijve

4350 2274 565 133 3 april 1713

2925 2247 1189 166 Amsterdam Francois Rousseau

2942 2323 2216 186 ben verwondert mij sonde het faveur van ue antwoort te be

2955 2441 2203 119 vinden op mijne laesten van 27 past ick hadde vervel

2984 2513 2166 179 gen verhoept dat ue mij van eenige brieven op tyt soude

2983 2622 2152 180 gefourniert hebben dat niet tegenstaende e andermael

2992 2689 2135 166 versoecke want soo daenige pegotie moet doorgaents

2980 2794 2139 179 wesen oft andergents en is het de moeyte niet weert

2981 2856 2166 164 mijn schoen moeder de wel: proeckmans wort alle

2960 2961 2166 176 port daegen van haere vrinden voorsien ick entuijf

2958 3047 2201 191 tele niet oft ue heeft nevens die de occasie om te conpen

2983 3137 2138 141 nigoteeren severt ue laeste heeft h haeu

2984 3242 2132 136 ratoy toe ge sonden van £120 aen sjn ordre doch

2988 3280 2067 180 ick verwondere mij hij mij schrijft dat ick hem

2994 3362 2163 163 voor  sijme advance moete crediteeren naer de mael

3006 3480 2127 107 die mij deer van gee ment e heeft gemaickt dae

2993 3533 2114 143 is heden wegnig gedaen op costy en bane ht

2964 3598 2147 133 avance a   n oock par op londen brieven

2908 3675 2166 142 2 usos tot 1839:5 doch wijnigh oft geen gelt
