5650 3895
820 35 2133 139 vens te wel ue soo veel goetheyt hadde mij tee

804 97 2155 163 weten en aen s. ue dachter tevraegen oft de lleectens

826 220 2126 199 die sij uyt gelijt heeft en waer van sij de staelgn

836 317 2085 218 mede gehoemen heeft magh afsenden oft neet

859 428 2065 223 anders soude ick die vercoopen en com taeer

854 571 2071 214 niet te disobligeeren hebbe ick die anpaet

881 652 2057 257 gehouden tot dat ick haer resoulictie soude

884 773 2036 206 becoemen oock sijnder noch & 4 diuse posse

891 893 2064 219 tioelijck gecocht heeft verwachtende d'eere

898 1007 2043 186 van een letter gniwert met ue commen

927 1116 2011 208 de voor geene tot ue dingt magh pos

908 1208 1940 245 wesen ue versecherende van herten te

896 1425 350 114 weeh

667 1419 2175 273 Brussel Henry de Pauw Ady 13 xber 1713

865 1572 1801 206 desen alleen om ue te adviseeren dat op

874 1659 2017 237 vwoonsdagh voorleden ue hebbe geconsiqueert

865 1794 1853 213 p Beurtschijs die packen te weeten een

867 1894 1991 251 gemerckt  1 p ordre en voor rekene

874 1985 2073 221 nicolas de hauchiel tot Berghen twee gemercht

899 2098 1872 240 CLM N2 en 3 voor rekene en p ordre

863 2220 2070 256 mons Guilliam Joseph Maillie oock tot Berghen

887 2343 1937 207 verhoepe de selve voor nu wel gearriveert

883 2446 1896 245 wesen en morgen staen gelost te worden

902 2549 1991 244 recommandeere ue vrindelijck de noodighe

871 2658 2069 233 sorghe daer voor te draeghen ende de ordre van

884 2809 1976 195 depmeipaelen die aengaende te volghen

898 2907 1723 204 sult my verobligeeren die blijve

2258 3023 563 157 14 sber 1713

784 3061 1026 182 Brussell vander heck

855 3137 2062 230 Ick hebbe al verwacht dat ue sande hebbe overge

881 3250 2053 149 coemen gelijck ander vrinden gedaen hebben end

881 3328 2060 168 dat ick het faveur dan soude tchadt hebbe van ue

870 3441 2049 178 te connen sprecken considerert eens in wat

882 3516 2068 225 hiyt dat ick aen ue niet een stuck goet vercoch

880 3622 2039 169 en hebbe ende wat tijt het nu geledenier dat

2885 1651 48 153 -

3029 49 2296 149 ut noch niet van voldaen en ben ick lakenne

3041 127 2263 172 ue voor een man die reden gebrayckt en con

3051 221 2208 189 deentie heeft hoe can ue en sijn moet biven

3069 349 2226 201 den dat eenen coop man meeraer den intrert

3069 469 2236 229 moet toe geven als hij op de goederen com

3077 577 2185 262 ter winnen trecke op ue danen

3089 700 2075 242 ue net te betaelen dende swije ick u

3067 800 2230 286 prijge oock ende en remitteet mj u staget

3093 932 2120 239 doet met ue evennaesten gelyck in

3604 1100 99 102 1d

3077 1059 2219 228 wist dat ue gedaen woort  ue seggen

3094 1177 2073 249 dat het mij shagrineert ue soo te moebt

3073 1272 2186 239 schrijven ick hebbe ue wel eneeelijck be

3117 1384 2125 241 dient in alle occasien ende ben paract

3091 1525 2159 203 alsoo te continueeren ende ue al an disie

3105 1625 2112 231 te onderhouden maer siende dat ue aen

3103 1734 2080 269 een ander den herninck sont ende met

3107 1857 2134 270 mijn gelt op een ander gaet ende betaelt

3105 1982 2095 205 is veel te sensibel daerom bidde op als

3082 2101 2138 222 vrintschap om het mijne te moogen hebbe

3101 2207 2110 273 gelieft ue mij te remitteeren het sal mij

3112 2332 2117 276 aengenaem wesendoch soo ue die gecas

3100 2427 2133 273 niet en heeft soo sal ick tegens het helve

3085 2557 2127 207 vande naeste coemende oeche ƒtoo aen

3089 2666 2154 236 d'ordreren dh van jock trecken die ick bed

3060 2772 2153 237 de dat cenform geleve te verhee is weert

3073 2911 2124 191 verseekert dat ick neet en des iveerencel de

3078 3024 2139 191 hennisse te moogen onderhonder ende en

3099 3127 2132 261 gevalle het u belieft dat ic  veel en

3069 3241 2092 263 goeden coop in alles sal bedunee sijnde

3070 3354 2132 240 or en van alle sorten van gaederen tot

3054 3544 977 180 ue dienste blanve

3608 3678 87 109 25

5307 2384 71 47 r

5318 214 113 100 d

5385 461 93 94 tt

5371 531 108 145 d

5333 635 228 144 jt an

5327 754 234 200 ou

5343 972 112 83 s

5317 1037 102 107 iee

5307 1121 110 122 bet

5297 1202 153 130 ese

5354 1314 48 70 it

5333 1360 76 89 t

5429 1617 98 168 1d
