5645 3887
665 41 2054 228 Leyden olier ferrieres et higael 10 aoust 173

827 133 2066 233 pr reponce a lhonneur de la vre je m'estonne

822 236 2064 219 que m'addresser pas adraitier vos marchandis

815 334 2078 228 pr brusselles se vs voulez rendre service a vre

830 420 2058 218 ames de mons le  dgoust ce seroit actant

829 567 2071 200 moins de fraix il est enoor temps vs le pou

817 649 2065 242 vez recommander a vre expediteur a rotter

814 799 2056 193 dam pr mo jay assez d'eimbares avec mes

842 861 2052 201 propres affaires et ie ne souhaitte pas telle

849 977 2044 216 commission d'autant plus que le S daou

843 1087 2037 201 ne me la ja mais recommande ce pr quo

849 1180 1672 225 je vs prie de men excuser estant

1919 1294 600 145 12 augusty 1713

694 1335 812 163 Dermonde P. de Baut

836 1326 2051 256 sende ue heden p beurtschip voor dermondereen cly

840 1474 2001 243 paxke gemerckt EB droogh en wel geconditie

844 1574 2048 195 neert dat godt bewaere voor reck van monsr 9

801 1673 2060 200 l'olivier van elte ue gelieve daer mede sijne ordre

827 1777 2073 242 te volgen en twijffele niet oft hij sal ue dien en

853 1883 2032 276 gaende int passeeren hebben gesproeeke blijve

1959 2009 736 164 12 accqiusty 1713

730 2046 1059 218 tournay Anselme de

840 2116 2006 215 apres vs avoir escrint a teur stant de fois et vs

856 2202 2021 208 avoir donné un si long et considerable credit

858 2324 1986 226 je suis bien surpris que ne me faittes pas

846 2408 1881 244 le plaisir que je vs ay demande et que vs

865 2502 2036 234 in avez promis denues nun d'icy vre as

861 2618 2025 194 nation sur la hays n'est pas encor paye

862 2689 2042 224 et dieu scay quant jen pourraij boucher l'arq

878 2806 1950 248 et cependant il m'en faut ay y done quel

877 2951 2015 224 rice proque complaisence pr moy et ne m'es

871 3045 2030 210 voyez que en cent livres de gros a bon compte ce

890 3179 1961 207 que je vs prie de cour car vs ne pouve vs

887 3239 2003 249 magener que mal que ns avons a pouvoir

869 3351 2026 229 presentement maintener nre commence avec

859 3450 2045 206 honneur il irat astuer meeux d'actant quily

874 3574 2017 175 aura plus de droit a payeer d'icy sur tournay

878 3670 1983 180 cela faiclitera de beaauuoup noe commerce p

3016 0 2193 204 entemble a e e eese aseres mayern

3000 130 2211 188 que me viendrez voir cette a jayez persiende

3008 221 2191 184 que je suis tres seleux pr acymenter et en trete

3012 324 2195 197 nir nre connoissence et q je tacheray de vs ses

3011 436 2163 213 vir a raisonnable prix pr tout ce quil ce

3004 543 2125 213 quil si puis offrir pr vre service je suis

3001 660 1221 182 ournay livin watte camp

4436 677 667 169 12 aoust 1715

3009 774 2198 182 J'ay bien receu lhonneur de la vre du 4 du

3013 890 2201 185 court vs ns ferez le bien venue et je vs asseure

3012 986 2198 215 que trouverez toutte sorte d'assortiment mage

3031 1104 2179 209 nable et de quoy vs assortir chez moy et je ne man

3050 1225 2159 197 quiray pas a vs seriiir a jus t pris et a vs ren

3063 1317 2138 200 dre contant iay des draps noirs et bleux en

3030 1432 2134 196 abondanc et tocuttes sortes de manu factures

3064 1561 2094 166 d'angleterre mais je n'ay pas trouve les es

3044 1646 2171 180 chantillions dans vre lettre dont vs m faitte

3034 1776 2151 150 mention dont je suis marq puis que my at

3030 1879 2146 166 & u une droit a payeer esteur cela fera die

3028 1995 2134 147 biene au commerce et jes pere pr la grace

3038 2099 2130 216 de Dieu que ne ferons astecr quil chos e

3043 2205 2100 209 de terips en temps p ensemble attandant

3026 2335 1572 163 l'honneur de vs voir jp me dit

4279 2378 611 178 12 avurt 1713

2974 2459 844 158 tournaij s: donne

3002 2519 2121 192 Jespere & avec bien recui ma lettre dun

3019 2634 2124 183 de passe pr la quelle je vs ay demande se

3036 2767 2154 121 conde lettre de la remise que m'avez fait u

3017 2855 2175 131 le Sr Jcan francois le fuyelier de £100 jene

3021 2943 2096 182 scay pas ce que ce laedere  vs g ne me

3030 3059 2165 170 l'envoye pas le s le suxeler ne veu pas pay

3049 3189 2121 166 cer et je ne peu pas stoucher l'er gent acant

3039 3251 2154 170 d'en avoir le S Jean Jamar di faire le

3061 3387 2121 139 dorsement luy mesme je vs prie ny pas man

3028 3481 2127 167 quer puis quil my a silus de groit a pay ee

3047 3573 2086 172 jespire que vs auron clus de conmr

3045 3706 2124 131 p'enfessible pr l'avenir au jay qeue vs serez
