5632 3901
1904 53 318 130 4 maij

659 56 986 141 Vecos Willeam Cockson

766 141 2085 195 cayant advis que le change estoit mont ce a londre

787 255 2060 162 Jay pris la partie de vs remettre le 26 du parse

793 340 1998 187 £ 207:3:2 en lettre a charge mesr rene

771 445 2063 170 somans et ssence a londres du 21 april wne

774 561 2002 196 jes pere quelle vs sera bien parvenue pr le

777 659 2019 198 present en voyey seconde lettre avec ane e

800 769 2010 156 remises de  £ 150 sier willum Johnson du

1283 897 113 79 2

798 874 1991 180 25 avoil usene p la ditte ma le vre ie vs

814 976 1902 181 ay donne a connoistre que le ballot de

797 1098 2016 148 draps gris ne me convienne a nue prix

804 1228 2031 176 et p conso quince qui n'avez g'en des poser

801 1298 1964 221 de puis receu les 2 cheres vre du 2 et

821 1397 1929 203 du passe pr la premier jay facture e

804 1536 1982 170 ballots N5 avec des bayes et N6 draps quils

804 1640 1985 168 sont bien hault en prix pr la couleure

817 1747 2029 179 passe je crois p avec cela mon ordre com

819 1863 1996 180 let pis q m aves marque que ne pour

819 1951 2033 214 rez plus avoir de finnes bayes et en effes

830 2052 1975 222 auray assez de ces sortes p vre seconde vs pmied

810 2164 2038 204 visez d'avoir envoye vre lettre de £200

823 2288 1957 140 vre frere de londres pr la negoties a veuu

846 2384 1996 184 ray son advis la desses quilme la peut

817 2499 2010 204 fectuer come je m'en doutois bien vs n'avez

834 2612 2021 171 qu'a ley envoyees asteur ma remise en claus

835 2716 1942 195 auregaid de vos excuises pr le ballots de

813 2820 2012 186 bleu gray N4 elle ne viennent pas a propos

1670 2926 58 58 en

808 2909 1993 223 j s a marque ½ pr toutte bleu grayvs

814 3012 2008 224 devez scavoir ce que c'est bleu gray dans le

844 3111 1971 171 dernier ballot N28 jevs dit enfincerite que

823 3231 2005 187 je n'en peu rien faire j de stel gray est

823 3344 2032 212 sil vergray aforce et je ne les peu pa debite

1804 3443 115 62 2at

809 3458 2068 203 mais il me faut tout  bleuny come le

804 3563 2005 193 ballot dans N28 dune pe titte et jolierne

803 3680 2021 146 lancge come ceux lu onteste vs pouvez cellus

2924 30 2273 98 le addresser a ien acutre can  mr

2937 95 2181 177 me charge presentement des marchandises

2965 176 2153 204 qpuilles ne me conviennent pas le n'est pres

2962 273 2189 224 ma faute mais bien la vre et pr la je ne

2938 375 2196 222 pas estre intressée vs ditte vous jours que iai

2962 475 2180 235 met pas avoir de plaintes mais p vos conduittes

2974 572 2156 209 vs le faittes uevsy que je ne m'en peuteauu

2975 698 2155 197 ser toutts vos draps que vs im avez enoyede

2992 761 2124 244 puis un un oiu deux sont si plain de fau

2993 868 2190 250 tes et couduris qu'on m'en rapore et fasse de

2978 995 2140 236 rabat tou les jours et cela n'est pas raisona

2977 1096 2171 277 ble vy as un peuquelle condieitte jay recceu

2992 1232 2115 199 le premeer ballot N41 et je trouve la 4 ps

3000 1339 2074 251 de cesfinne bayes quelles me costent tant

3017 1464 2141 249 d'argent pr tarduliere vs ne se auriez er

2997 1585 2157 244 quil prejudice et intrest que ce la me fasse

3034 1720 1996 215 de ces 4 pr je n'auray jamais monergent

3015 1806 2143 271 outre je vs ay ordonnée de paiter charque sorte

2996 1924 2125 272 appart dans un ballot et vs me meles le uns

2990 2055 2136 219 parmy les autres et cela sans enveloppe de

3004 2170 2173 179 aariseer en suitte a mon ordre je vs ey dif qui

2987 2274 2166 255 vs me degourtez enticoement in ya tat

2983 2380 2134 229 de temps q personnes de vos quartieres n'at

2995 2486 2101 202 eu di mes ordres pas pr en desue je  a

2995 2575 2162 244 este sidel vs avez eu p belle commission et

2984 2692 2160 256 bon protit sans jamais en denier de hate

3008 2795 2138 236 et me trouve en recompen  1i mal feve

3024 2888 2141 248 ma fais  il n'est pas plaiscent jeti ni jau

4350 3063 351 176 4 meij

2996 3062 937 200 te de place et suis

2891 3160 1058 184 Rotterdam Deonijs verbargh

3006 3156 2164 201 ue aengenaeeme van pen 2 court hebbe wel ontfange

3011 3263 2164 147 ter tot noch toe de packen uyt sendert van den hoeke en en

3013 3341 2142 137 ou de noij niet ontfange odt danck mijn in trest van londe

3000 3409 2153 133 salvo is ick ben ue vroblgeet voor ue promt advis in dat cheper

2998 3478 2102 133 iean abson en hebbe noyt geen intrest de sroffe ensinmijn

3012 3585 2154 117 affairens net het pack laecken uyt robert crestiae seen

3010 3660 2152 114 p Jan lien houaver te t gemoet oock het estenende. vertay la

3026 3728 2164 85 en dan de oncoste reck den ingesloe voor en gelant versooke

3024 3782 1078 66 t ar  n u
