5575 3892
678 39 2033 208 gelieft voor bijte gaen als ue over coemt het

785 175 2104 178 apparte mentis gereet en het goetherte on ue

778 267 2157 221 te saemente ontfangen en al het gene van

793 365 1956 190 ue magh gerecommandeert worden

797 453 2137 270 sijn de nevens mijn huystrouwe in sincerdy

1962 582 945 236 Adij 21 Jber 17 1714

620 631 633 221 Brussel Chat

790 726 2006 180 aehtervolgens ue aengenaeme van 8 deser

817 833 2112 167 hebbe oock advies dat ue voor mijne reken hadde

810 942 2123 199 getelt aen Dhr Peeter van Goek ƒ 150: wisselgen

839 1057 1937 167 ue is conform gecrediteert jdoe sluchther

820 1186 2108 185 gaet oft niet daer moet evenwel nu endan

845 1262 1925 175 ue sertment mankeeren. ick hebbe seer

832 1363 2090 183 schoon en versch gerief van alle goederen

806 1466 2125 214 geeregen ick hoge dat ue met den vasten

811 1567 2091 175 sal over coemen weest verseekert dat ick

831 1672 2086 196 ue tot contentement sal bedieneen die blijve

1982 1778 700 271 Adj 1d

636 1837 1248 256 Brussel J Bapt Aleurs

760 1922 2153 266 met ue aengenaeme van gisteren becoeme n

799 2103 2129 195 accepratie van selven dato op daeghen dataen

802 2182 2116 216 mijn ordre te betaelen van ƒ 200:- op rekent

811 2322 1908 155 wisselgelde  dat mij aengenaem is naen

794 2400 1950 197 wenschende om met ue wat meerder in

821 2508 2078 185 hennisse te coemen ende de negoiete ver

788 2610 1897 199 meerderen. ue siet dat ick7 consideratr

803 2706 2134 234 gebrugke dat oock in reden bestaet den tyd

786 2814 1956 200 en sal niet altooseven allendigh weten

832 2915 2044 204 want het godt belieft hoe het gaet oft iet

848 3026 2065 184 ien eenen winchel manqueert alroos eenigh

822 3136 2104 171 sortement ick verhoepe dat ue met den cam

836 3218 2040 177 sal overcoemen: ick sal ue schoon genies

849 3345 2068 164 thoonen van alle anuwe moede couleure

792 3472 2095 174 laekens en goeden coop bedienen waetort

811 3553 2092 170 mooght staet maeken ende dat ben van

811 3668 2089 153 herten mij re commandeerende in ue goede

972 3762 700 85 ie nez en the y

4322 60 829 162 24 februay 1714

2971 39 995 167 Brusselle S van Jock

3024 129 2252 182 het is mij eet geweest te vernemen de Dood van

3018 258 2284 209 jeu schoon moeder ick verhoepe godt haer secle

3033 364 2288 224 genaede sal hebben gedaen sal trachten naer

3006 480 2303 225 mijn cranck vermoegen haer naeckte ghote

3008 600 2309 197 wesen hetus de oeck die wy alle moete pas

3016 709 2321 205 seeren aengaende nu aengaene als 9 deser met

3031 823 2282 202 de reck court sal daer van p eersten het

3038 935 2264 186 bevinden adviseerde pr u tweeden 17 dese

3029 1064 2305 187 sien mijne remite ue wel waere geworde

3036 1166 2292 183 ende de weerde ue vol daen als oock dat

3032 1272 2249 215 ts as ƒ150 voor mijne reck hadde geselt nu

3029 1382 2182 226 sent ue mij met die van gisteren 2 brief

3042 1483 2156 217 kens van 28 Januar ies en n van

3018 1605 2246 252 ƒ600 te saemen £1200 op l sheureux tot

3051 1728 2219 198 ½  dat im mers ue nogt hebbe versocht

3047 1827 2219 223 als ick wille trecken en apointeeren can

3041 1932 2180 284 altijts ¼ avance maecken ende doorgaents

3049 2032 2192 270 daer toe occasie soecken soo dat de libertijt

3040 2150 2200 271 neme ue de selve weder te senden ende

3058 2259 2174 293 ue my ij met een advance op tyt gelijck

3050 2394 2153 261 ick doorgaents versoeckt hebbe en can

3026 2506 2211 221 remitteeren hebbe leever mijn gelt onde

3040 2630 2187 236 ue te laeten beriesten patientie te nemen

3042 2765 2219 211 en selver te trecken blijve naer groetenisse

3233 2959 242 84 di2

2960 2917 2245 244 Amstere Franc Rousseau Ady 26 februai 1714

3017 3077 1994 184 in antwoort op ue aengenaeme van 23 deser

2992 3183 2072 182 en desireere niet dat ue van mijne voordere

2999 3320 2161 156 penningen disponcere want het onscheris wat

2999 3412 2171 166 wissel menten vervaldaeghe sal rescontrelye

2982 3524 2211 115 dat il de meergemede reden waerom soo qualijck

2997 3608 2142 139 hebbe connen resolveeren naer welyckx is dde

2991 3738 2169 98 tove aengeleydt oft vinde my in velie va

5259 2971 101 110 et

5276 3067 106 131 l

5332 1671 77 123 n
