5657 3879
745 39 2179 200 que ie ne manqueray jamais a vous bien servir qui

763 161 290 181 sjte

2133 134 545 203 16 gber 1715

689 228 857 207 Bermonde S. debaut

775 304 2138 237 sende ue heden p burtschip 2 paxkens het eene ge

790 417 2143 214 merckt A E8 het ander A1¼ beyde droghen wel

802 544 2037 214 geconditioneert de vraght alheer betaelt sijn

791 597 2096 203 voorsec van mons andre lison van ath

818 705 2128 255 geleeft daer mede sijnde ordre te volgen blijv

1975 822 486 161 20 gber 1713

684 852 927 205 Gent J:B de Saedelaet

791 917 2124 253 sedert mijnen laesten van 20 past°. geen van

796 1086 1943 168 ue aengenaeme becoemen. het nat weder

814 1178 2139 207 is oorsaeke geweest dat ue het swert laeken niet

797 1285 2056 171 en hebbe connen senden. dat staet nu in de

824 1395 2010 195 persche en sal tegens het eynde der weeke claer

820 1528 1979 145 wesen soo dat niet en sal naerlaeten het

809 1609 2144 237 selfde tegens sondagh oft maendagh af te senden

816 1715 1895 214 waer op ue magh staet maeken.

809 1849 1822 176 voorders van ue dienst voorgevallen

834 1948 1973 187 bidde laet het mij weeten desen volgens ue

811 2059 2031 195 versoeck tot convert van de rekeninge court

841 2172 2005 156 waer by mij te goet coemt £158:11:8 vlaems

835 2271 2061 166 wisselgelde soo als ick ue op nieuwe reken

843 2389 1853 178 debiteere. alser iets voor mij van mijne

870 2433 2080 281 penningen ingecoemen is bidde mij het

849 2611 2105 181 te adviseeren ende can ue mij dan remitteeren

865 2706 1987 222 het sal mij seer aengenaem wesen want het

2842 2744 99 127 u

862 2826 2080 216 trecken verliest present ½ press het is eene

864 2942 2057 192 ellendighen tijdt men can van sijne

859 3070 1948 195 nauwelijckx iets becoemen oft  gens op

880 3160 2037 216 staet maeken. Godt geve met den peg. het

871 3313 1970 191 laudt sich magh herstellen blijve.

2151 3408 718 120 20 dber 1713

760 3413 1376 164 Amstendam Francois Rousseau

873 3525 2084 144 baen bij ue aengenaeme van 17 court dat de weijse

906 3586 2018 160 op Londen gent vallen was en neets ƒ35:5:

867 3659 2079 171 ende dat ue hoepte tegens deynsdagh het geen

5309 1766 73 56 t

3049 23 2236 163 ick bij ue te goet hebbe tot 68 35:4 oft mender

3044 116 2224 206 soude connen afgeven verhoepe ue het selfde

3038 252 2177 170 morgen sal comen afgeven affatveeren

3045 364 2257 176 ende het sal mij seer aengenaem wesen ingevalle

3073 452 2243 197 ue meerdere partijes conde doen wel wensche

3055 556 2282 237 de desen mijken brief ue voor de saght

3057 670 2179 207 geworden comt desen te laet laet het dee

5279 740 238 160 d te

3069 792 2194 221 vrijdagh toekoen nde wesen tot ta

5381 868 93 98 Cuse

5318 940 144 61 u

5360 967 110 108 d

5315 978 73 99 1

3029 917 2200 234 & 500 sterlenghde weerde can ue van

5297 1031 87 92 oy

5379 1043 140 152 dt

3030 1051 2079 234 het geene ue meer remitteert  omy

5305 1205 109 106 sij in

3046 1192 2206 214 trecken niet twijffelende oft daer sal inge

5306 1284 67 88 ist

3033 1356 2244 187 lijgkse veranderinge voort ant wergeen wesen

3056 1441 2197 205 want heden en was alhier geen gelt tot 1

3044 1570 2184 217 not daer sijn brieven in getooten die

3065 1670 2219 233 iets te coopen hadde tot 1¾ die plooven hier

3080 1789 2173 233 emply daer voor moesten hebben am ees en

3085 1926 2143 223 waer ender geen gevert ue moseerden  a

3085 2042 2191 221 andere 1¼ a 2 tot 2 ½ uyterlijck ue at

3088 2195 2218 152 van £1000 op gent mort heden betaelt

3079 2293 2187 147 worden ende die van £ 500 opsaterdag

3105 2432 2195 190 touae merde soo dat ick oordeele dat ue

3084 2512 2159 166 ne dese wecke van alles in sal vor sal e

3089 2634 2162 136 sen ende nee we couragienemen

3008 2709 2228 180 vorders te continueren blijve van herten

4509 2845 573 147 21 gber 1713

3016 2841 932 176 Mons bGalopen

3063 2867 2156 254 jay bien receu l'honneur de la vss avec re

3079 3023 2134 171 mese de ƒ300 de change payable au ns de xbe

3069 3136 2199 160 prochain p  Sr heureux de bruxelles en sor

3066 3224 2148 156 temps je precureray le necessaire et estans

3032 3296 2163 160 paryec jen de chargera vre compte s pr

3047 3428 2219 124 l'ave per je vs pree de me remettre pervenve

3074 3481 2167 173 la flannelles de 3 a large que je vs ey envoyez

3070 3594 2191 141 est a l'advenant de prix autre fois cette sorte

3078 3669 2062 130 estoit de ƒ45 jen ay presensement a ƒ66

5326 2923 138 133 33

5374 3042 70 103 £
