5293 3889
415 82 2106 151 ue te tienost aen ue iets te vercoopen ick dencke en

429 168 2023 124 vertrouwe evenwel dat ue int cortal eens sal

441 259 2042 158 overcoemen ende tot dien eynde coeme ue de

442 369 2202 143 memorie eens ververschen ende mijn dienst presenteeren

441 448 1977 191 hebbende abondantie van alder hande versche

456 555 2151 189 ende seer schoone goederen bidde hebt de goetheyt

443 644 2133 175 van maer eens naer te coemen ende ue salvan

459 785 2018 166 alles fun gerief vinden ende satisfait weten

481 892 1899 167 want ick sal ue civiel ende goeden coop

446 990 2195 173 bedienen die naer groetenisse ende in afwaghtinge

468 1165 406 131 blijve

1641 1198 492 123 11 Jiuin 1712

332 1234 741 189 Londan Daniel huys

480 1272 2092 242 Jay bien receu la chere vre en sontemps, du 12 de maja

467 1377 2054 190 vs ay de l'obligation pr vos honneste et offres de

466 1461 2114 167 services je ne manqueray pas de men servir aux dcc

470 1541 2070 185 tions mais pr le present il ny a rien a faire ie a

487 1653 2027 176 profiter a pres les mancefactures oie autres d'enree

483 1738 2089 174 le pays est trop pare et troprvence p cette longe

491 1812 2053 181 et laneste guerre outre messci d'angleterx et

503 1914 2072 169 hollandois mesme courent et fournes sent pr tout on

505 1995 2000 193 belle abondance et a un prix q us ne les pourons

486 2068 2068 222 taire il est bien que plaierez en billiets de le

500 2196 2024 145 l'exchiquer mes a440 a 3 pr pr ans payable a de

523 2256 2031 160 mande et jespere qui c'est un affaire assure

502 2330 2015 188 resque non obstant que les dernieres lestres da chz

512 2426 2001 191 vs ns marquent le change a 32:10 et quil y a d

510 2522 2074 180 traittes a veu oie veu p caisse a  32:  2:6

507 2625 2008 141 il ny a point moyen d'en avoir p icy a ce prix et

534 2687 1945 146 come je considere q cel nedr pas et gelon

503 2770 1975 134 pouroit faulement faire en  bon intrest

507 2843 1979 161 de son argent je voudrois bien que tireriez sr moy

518 2928 2118 169 et pr mon compte un  60s a veu ou ave pr se

523 3016 2041 151 le pouvant faire a 321:5 as ou a meilliir advant

524 3093 1946 141 autrement point vs les pourrez en ployer en belle

531 3174 1942 175 de l'escchequer come les autres sf 440 si vs trouvez

509 3262 2077 175 a prepes et le fond tufferant ca je e me conne prin

503 3335 2012 191 h'onveit icy la paus come un affaire suitte die

511 3425 1950 169 ns le vece donner bentost en a ces a y gura de

518 3487 1963 186 cop afaire si vs speccelez quil 'employe advanta

529 3594 1987 122 gracuses m'obliiserez a m'en donner part pr pri

459 3651 2054 167 dre un prie mes mesures a l'advenant vs salu ana

470 3758 303 72 me dit

4168 51 366 107 te Juine

2724 47 667 121 Leeds W: Poctson

2787 94 2257 173 jau bien reccui la chere vre du 28 mas de londres il

2807 201 2226 110 est bien que mes remises de  £100 sar  slrape

2790 273 2255 107 sj£. soo jaer hi woolbale vs soient parve nice jepere

2830 319 2226 162 q cette la miennne vs pariiendra sur vre netour a

2812 410 2199 128 leede vs m' advisez que le convoy est de ja

2830 475 2149 118 de rotterdam a hull et q tacherie de m'envoyeer

2830 570 2206 121 mes bayes pr cette occasion  vs ne me faitte

2844 637 2198 123 acce cune mentien des mes derniir draps que je vs

2851 725 2202 164 ajt ordonne jespere quils seront press ausy et

2855 803 2202 179 que cette fois il ny aura  las de manqu com p

2843 882 2213 162 la derniere touchant mon balot N 25 je vs le re

2844 942 2193 181 commande de tour mon cou car jay partres

2874 1072 2109 123 de cette assortiment de draps lyez la bonte de

2862 1135 2186 160 prri en envoyer las es chantill cous ct porseilbe

2899 1189 2153 167 au negir de voyes jes pere qvs en aurez achep

2904 1298 2142 192 tec le uilliuer sorte et drin qualete

2836 1374 2221 187 ordinaire  y ve rettre le prix et p con

2834 1484 2221 185 segeince il ne vienne pas aprp  q m escivez

2862 1569 2181 203 p vs les pouvez fairetirer p la relle saison pree

2879 1660 2121 172 te en largeur et en longeer a la n'est pay

2844 1739 2185 187 mon intention nau je l veut d'une meilleur

2873 1866 2162 166 fubri que fabrequce a l'adverant cn lonqur et

2866 1928 2166 173 larqeur come an et  le vayesoutre fois

2865 2009 2151 193 des vs bien de ne me plus envoy es de draps de

2871 2113 2141 235 f 16 ou  17 a  18 come avez fait danne balot

2857 2252 2151 172 N28 cela paye autand ie fraix quone pr de g

2874 2324 2138 165 30 ou yr to outre juy de plaintes de tout cousse

2882 2435 2130 183 quil s a tant de cdie et faute dans vos draps

2886 2545 2063 154 de mesme touchant la misiure et ce la ns fait

2884 2654 2144 132 perdre beaucoup car a pres avoir fait nre comp

2868 2733 2132 125 de on ns rabatte toch cela devant le ni consi

2883 2835 2165 122 derez que profit que ns pouvons faire de cette me

2876 2877 2163 162 niere attendant done de vos nouv elles et esperant

2869 3031 2127 118 quil ny aure point de man que pr mes drap

2859 3073 1743 176 non plus que pr les bases je me dit

4077 3141 166 111 13

2713 3179 882 158 onde f de dorpere

2863 3206 2149 168 become ue aengenaeme van 30 past het is wel e de

2852 3313 2149 133 nieste van mijne geordonerde s paensche laeten heden en

2844 3415 2168 158 geoeht ende vergope ue restee van mijn ondre het

3252 3489 141 66 „ sab.

2852 3472 2144 150 acrantaisie co procen en peerseert ue nie

2866 3539 2181 153 dot ick dis convoij voor de maese niete en is dat

2853 3664 2140 111 can ue niet volgende sende boven al dragh goede

2824 3712 2090 139 sorge: dat de laeckens hierne behoorelycke tijdt
