5632 3896
788 68 2107 109 sible d'avoir plus lonnstemps de pascence d'ap

796 120 2091 149 honnestement et susce pued p ne ieu par le

817 231 2066 155 tisfaire a ceux que je suis redevable still

820 303 2029 198 impossible de vs dire come je me rou e

814 411 2050 179 faraise n'est il p as dus prmos de trouvee

831 500 1996 149 tant bons de tout couste depuis si long temps

833 619 1968 179 et de sa grandes sommes et que je ne puis

847 713 1966 184 touches de l'argent pr entretenir mon

877 816 1920 193 commerce d'outre quil me fault plus

845 925 2024 206 herdre en intrest que l'on est casrably

884 1040 1971 161 de gaigner a nis ces marchandises

896 1139 1979 183 nom de avve ayez consideration et sou

901 1240 1966 225 laez my de quelq chose et remise e

868 1354 2033 238 vs voyerez pr la suitte qui n pourrez ply

888 1502 1910 144 dese res d'un marchand que ce  jay

881 1637 2011 180 fait et fairay tousjous pr vor parsonne

893 1716 1979 226 voile la fin de la querre jespere p la

868 1831 2001 223 grace de Dieu qui ns au rons ens cuutt le

879 1947 2004 169 retablissement die comeme et quily a

861 2050 1991 200 ra quilq chose afaire pr l'heverje

880 2154 1988 224 fairay de mon  ut ce quil me

881 2268 1974 226 sera poosible pr entretenir et augmonter

865 2380 2013 164 me connoissance a ctefin je vs offre

867 2502 2038 231 mes service et marchandises a yant tres bous

861 2610 2032 203 assortiment de tout ce que vs pourries sa

842 2712 2075 207 haiter je vs rendray avec beauxoupide pla

848 2842 1964 199 ser le saviies que me demandee  d

851 2929 2011 202 bons amis a la haye ces assignation ne

851 3048 1994 230 sont pas si prompt paye ou les jalice

856 3132 2061 231 tours ne les accepte cont pas et quoy que

845 3296 2054 168 les acceptent ils les payent quant ils ont de

824 3407 2060 206 l'argent en caisse mais pr de bons s

834 3561 2083 143 il sy a quelq chose a faire je vs renvoje

839 3669 1932 157 vre assignation parce que vs ne l

837 3769 2063 71 pas lests alle est fait pay alle a vre ordre coy es la

2956 53 2252 87 bonte de la simer et en doiser a mon ordre

2949 139 2242 137 ee la d s et me le renvoyer je lix

2947 208 2259 146 vos ery a mon amis de la haye aloss et

2966 309 2191 137 decebte pas que je ne vs en lay avoir l'me

2953 379 2208 186 porterie et la valeurrl' attenddant du retoeuret

2957 498 2082 151 la grace que je vs de mande je medit

4368 610 369 110 18 may

2959 599 800 179 Mons oA Gallopen

3024 681 2083 195 Jay bien receu l'honneur de la chere vre je ns

3016 820 2163 161 envoyeray 2 pr de draps conform les eschavitilte

3030 893 2155 141 ons qui m'en envoyez pect estre demain pr le

3034 1002 2116 185 missager Jonairt sil a mre mais oyez per

3028 1072 2139 220 siuade que les marchandises sont plus cheres

3037 1220 2116 155 mesme de beaucoup de puis quevs avez este

3027 1326 2102 124 pr icy jay de finnes carisees quelle doevent

3028 1405 2177 140 couster blanche ƒ 30 la pr autant que come

3041 1505 2130 182 ja vs ay envoy ee les dernieres bleux aa

3041 1614 2096 177 & je vs avois donne pa elle p la parx

3017 1718 2185 177 respere q le pays de remettere et qui ni en

3036 1813 2152 188 jourrous pr une bonne debite pr c'hiver

3057 1896 2122 164 avenir vs pre feries pas mal de faire quil

3030 2017 2106 169 que pro vision car les manufactures acq

3038 2142 2133 177 menteront en con vnfaliblement passonne

3047 2241 2083 145 ne lesvoyerz plus de sa vee au prix come

3039 2339 2099 171 elles ont este et fout encor au regard de ccy

3042 2442 2123 200 me permittee de tirer sur vs ƒ 300 de change

3052 2545 2120 210 cela ne se peut pas il nya point d'occati

3068 2659 2114 189 ons diey sur mons se non a grosse pertimes

2960 2751 2226 149 emis sont oblig a me remettre mon cer gent

3023 2856 2143 205 tellement que je seray attendant vre remisse

3035 2956 2140 193 pr la ditte somme je vs prie tresheemble

3041 3077 2130 161 ment a ne pas  manquer elle me viendra

3017 3187 2158 145 bien a point car je doit faire pres entement

3021 3279 2165 188 prosse remises en angletere vs suluant jedit

4402 3378 431 107 1 d mey

3000 3396 970 162 Mons J1bB le Bleux

3040 3434 2065 254 Je vois pr la chezeou du 13 du cout ep vs.

3048 3568 2128 190 avez bien receu en son temps la marchan

3066 3674 2114 177 dises que je vr ayt envoyee q'ave troue le
