5650 3895
1869 51 917 204 Ady 26 gbre 17

696 62 817 199 Mons A Ditoust

809 180 2032 154 Jay bien receu la chere vre du 16 du courant en

787 286 1992 209 son temps avec une remise a charge mestis

824 391 2009 181 de normandie et freres et Amsterdam de

819 494 2051 244 ƒ600:- argent courant dhollande laquelle iay

807 618 2052 214 negotie a 4 pourcent de vre perte estant

809 757 2045 191 le moins & n'on a perdue les deux piesces des

838 868 1901 187 draps que sar receu de leyden pair vre

847 983 2018 177 cosipte ay ie pactee avec les 6 piesces de

839 1066 2020 207 carizees bleufes. 1 rouse une paye bleurx et

849 1182 2062 208 uue aurore ensemble dans uu ballot narque

830 1292 2043 242 N3 que i'ay addresse le 20 du courant pr la

819 1405 2001 244 Parque marchande en suitte a vre ordre

841 1540 1969 203 a sa taiste d'or a Bruxeles i'espere que

826 1669 2000 213 vous l'aurez receu pour le present en voicy

816 1752 1999 222 facture et le compte des fraix pour les

775 1891 2142 189 deux draps escaretts lu: tra p prochainne

2487 1958 431 195 de change

806 1986 1458 208 les carisels et bayes portent

814 2087 2040 248 pour quelle somie il vous plaira me

846 2204 1960 233 credifer p. des enbaras et occuparions

837 2314 1887 202 survenur il m'at este impossible vous

802 2419 2102 279 faire plustost responce vous n'enorezz

836 2531 1944 270 pos que les marchandises sont plus

839 2657 2025 231 cheres que du passe vous me demander

838 2781 2065 224 des carisces des mellieures quil y at a avoir

854 2908 1911 230 et cependent de ne scay sile prix vous

878 3030 1838 207 convienne ce pourquoy ie ne vous en

881 3120 1978 189 envoycefune. il restaise a la trouver

2831 3255 104 168 4

864 3238 1847 218 car la dissiaction est asses grande

879 3345 2034 255 ie seray bien aise davoir l'honneur de vous

864 3498 2051 208 vois p iey. croyez que i'ay de la resbelle

872 3608 2053 190 marchandise et un tres solie assortment

888 3717 1923 116 de toutte sote de mansfacures pour vre

2994 82 2237 147 service il 9 a long tempt que n'avous rien

2982 156 2147 232 fait p ensemble et ie ne scay pas les

3039 335 2133 164 rassons pour quoy. il me semse avoir ay

3047 431 2006 208 en honness fe home et sur cele vous

3015 603 2057 170 thouvez faire estat la debire fera plus

3035 703 2201 216 grande pr la paix tousiours de vos carsier

3068 830 2172 219 ie me recommande a vos bonnes races

3013 997 470 137 et surt

2991 1055 2179 247 Brussel Ludavieus mosselmans Ady 26 sber 1713

3031 1249 2191 155 ick hebbe uo brief van 15 Augusti wel ontfangen

3053 1339 2077 175 en nu wederom soo lanck patientie gehadt

3052 1451 2111 206 da soo veer dat niemands tade weereldt soude

3041 1597 2057 192 ue willen accordeeren het gene ick gedaen

3025 1677 2182 180 hebbe daerom bidde dan van herten dat ue ten

3035 1814 2110 141 langhen laesten eens gelieve consideratie te

3055 1917 2082 180 gebruyken ende tot reden te coemen ende

3041 2016 2127 181 mijn trato dat op ue in volde getrocken hebbe

3051 2125 1947 207 eyndelijck aen dDhr van Jock te betaelen

3028 2251 2159 192 sal dat faveur in verwaghten ende wat tot

3036 2351 1978 192 ue dienst magh voorvallen weest wel

3048 2466 2018 162 verseekert dat ick ad eviel sal bedienen

3014 2576 2024 162 hebbende van alderhande goederen seer

3012 2703 906 179 schoon sortiment

2984 2782 2107 185 Brussel wed ue vander Borght Ady 26 sber 1713

3017 2957 2110 159 hebbe al wat stercke beceupatie glhadt eet

3018 3030 1934 178 reden is ue niet eerder hebbe geantwoort

3015 3186 2083 153 ick hebbe met ue aengenaeme van 31 past

3021 3263 2172 183 de staelboeken wederom ontfangen & die paxkens

3015 3368 2047 178 verwaghte nu eijndelingh met de gratie Godts

3024 3497 2061 159 in weynige daeghen thuys. sal de geteckende

3020 3603 2121 121 laekens appaert segghen ende ue eitt adviseeren

3067 3688 2008 143 hebbe oock schoone moede couleuren van

5219 3493 118 193 d

5220 3660 72 105 n

5297 122 95 99 dj

5344 630 194 153 2

5335 817 185 107 Wn

5269 879 237 133 y s

5364 1095 101 113 1di

5254 1109 181 144 be

5309 1212 154 110 nd

5257 1245 59 96 5

5355 1322 59 62 1ist

5296 1298 96 100 4 dt

5271 1385 111 100 1
