5630 3890
815 46 2148 180 les bonnes faisses et lacureuse nouvelle funis

858 180 2104 157 as venir avec beaucoup suivantes m'ascame

868 290 1707 197 en fait de mesme et suis du coeure

2080 382 804 187 Adij 23 xber 1713

669 411 811 217 Lierfan de kinder

859 517 2072 220 ue aenginaeme van 20 deser hebbe wel ontfangen

858 655 2053 143 met eene assignatie op S. Corstelis verbestelt van

842 735 2122 183 ƒ600:- courant gelde daer wel drijmael hebbe gesonden

859 822 2004 185 alvoerens den selven thuyste vinden het genede

873 905 2057 202 reden is ue niet eerder en hebbe connen antwoorden

863 1013 2089 166 hij heeft beloeft dat hij heden sal betaelen. ick verhoepe

816 1124 1929 176 datter met hit rieuw jaer wat van ue dienst sal

860 1234 2084 147 voor vallen. ick hebbe tegen woordigh seer schoon

853 1362 2096 172 geriet en versch sortiment van laekens. mij recom

795 1426 2065 174 mandeerende in ue goede gratie soo blijve als

859 1516 2022 178 aen ue dbeminde cn fanulie niet wenschinge

827 1643 2068 160 vant saligh hooghteydt en aenstaende nieuwe jaer

721 1715 2194 169 met veele volgende n prosperstydt tot contentement

858 1862 691 161 en saligueydt

2284 1927 633 166 28 xber 1713

729 1948 1566 167 Amsterdam francois Rousseau

882 2031 2055 225 bij ue aengenaeme van 22 court sien mijne

898 2130 2056 165 3 remises tesaemen groot ƒ 2813 hollants cou

910 2269 2052 157 ue wel waeren geworden van welcke accensa

898 2328 2052 169 tie hadde becoementt ende het sijnen liyde

912 2446 2046 203 ingecoemen sijnde mijne advantagie tou

885 2516 2064 208 waer nemen voorden agio ende als doen op

878 2624 1971 201 nieuwe reck brengen dat wel is met de

874 2719 2068 230 heeft daegen en is hie niets te doen ende

894 2832 2048 220 ick vreese dat veerdereren tnete

895 2937 2042 250 sal connen aentresfen doch sal op ue

905 3041 1989 211 waet daer op vegeleeren ue imclose

868 3150 2042 197 rech hebbe naer gesien vende mij op ue

888 3259 2034 205 tcto voorde ue broeder 7 july s1 te cort

898 3358 2045 257 gecrediteert ende te veel in dato 12 sber

876 3461 2067 218 verens mijne 2 remckens op d'anosta

877 3553 2085 208 met £224:13:10 dat maer sode wesen

831 3679 2007 150 £223::6 ingeljck te gede biseert met

3050 68 2251 133 6 te veel op de reisar op ras  p

3015 134 2233 149 29 gumij dat maer can wesen £682:12

3024 214 2255 192 aengaende de provisie op londeon voor ditto

3026 316 2217 223 breeven behoorde gael te wesen nevens

3028 436 2242 235 de andere want ue selfs getuyght geene

3014 529 2238 240 brieven darre waerts te accepteeren als

3025 662 2277 245 van d'eterste satisfactie dat ten minste

3024 778 2161 291 groot mij comt te schillen boven dien

3034 861 2274 326 chageert ue mij met die courtagie die te

3045 999 2220 309 mensten oe het ½ prets behoorde begre

3039 1080 2287 351 pen te wesen ick sluyten met ue reck con

3046 1260 2294 321 form de corsres amere op de nceune

3051 1381 2189 333 afschrijvern die ick aen ue consederae

3057 1524 2207 262 laeten 1 p mille is veel van courtagie

3069 1596 2252 297 men betaelt al hier soo niet ue heeft geclan

3086 1747 2187 317 ght om de groote intrestere veel rise

3065 1870 2131 310 te hebben geloopen maer bij het slst en

3097 1999 2119 295 vinde de avanie n nae advnant

3097 2167 2116 246 Godt verleene die bij de nieve voor u

3110 2248 2176 237 en my van mcerder im portantie megh

3097 2352 2187 263 wesen vernemende tot dien eynde geene

3089 2487 2102 235 ue synclatie in de wissel coers

3074 2588 2158 213 met niee were anno te begenin by de

3069 2678 2181 229 £15:5:10  in slot ie coemen de voege de

3058 2797 2181 236 £16:2:op accuve reck voor losten dan

3068 2893 2101 244 ue voor  nveert in de aenstaende

3069 3009 2135 231 hollantsche lotterye vanden jaere 1714

3077 3094 2200 254 verwachtende wat voor sortiene den heere

3072 3211 2190 282 mij bij de selve sal gelieven toe te scleken

3082 3319 2204 289 gelieft de billietten onder ue te bewaeren

3076 3451 2177 213 ende de loffengen getrocken wordende op de

3084 3586 2192 180 leysten naer te seee oft myne nemero dae

3086 3679 2172 142 onder sullen vallen en gevalle een

5311 2970 113 125 13d

5352 786 145 135 uys
