5409 3889
568 88 2180 88 somme il vs plaira me crediter et m'honore de vos com

580 162 2170 136 mendement pr tout ce quil le peu offri pr vre suvece

576 251 2189 135 et joint la pr de dropsnoirs pr une p plus  mns

561 322 2208 114 m'est pas une iffaire il vu N15 ou il ne vaille paseu

595 413 2173 144 leard en fin vs voyerez l'effet si bien  des autres draps

583 513 2170 133 et marchandise cur en sincerete vs n avez este servee de

592 559 2156 130 vre vie de plus belle marchandise ne e plus pest pies

600 677 2144 149 q je n'ay fait pr veu quil donne leux pr augmente

602 713 2147 142 nre comerce pr ensimble. il me suffer done je n'a

613 790 2090 187 docit pas car parfonne au monde ne fait plus p

614 885 2139 177 mo pr anineer et contenter ce chaands a moin

615 985 2018 198 e qe le vs puis manquer ou dont vs porrice

597 1062 2148 180 avoir besoing je vs prie me farre la grace de me

627 1173 2119 148 l'ordonner et je vs senuray tousjours avec

613 1244 1984 190 prompte tude possible et a sust prix dans

616 1311 2092 230 facture de l'annee passire s at euun erreur

623 1471 2043 143 port plus envoyrencor un extrait q je vs rie

643 1519 2002 152 d'ex aminer ne doutant q le trouveres surs je

645 1611 2105 181 suis come a a vre espouze et toute vre cher fauille

1821 1699 882 196 Adij 19 xber 1712

458 1720 1231 189 Leeds William Cookson

589 1853 2132 165 i'ay bien reccu les deux cheres vostres du 17 et 27 xbre

591 1979 2141 116 avec factures et eschantillions de trois ballots de draps

619 2034 2049 161 N 3 39 et 40. comme aussy les connossements de 3

614 2133 2099 140 deux premiers de vre tmis dhull mais ce sont des

631 2213 2041 160 portt de lettres mal aspropos pour l'asvenir vous

633 2303 2022 188 aurez la bonte de m'envoycez les connostement

628 2414 2115 145 vous mesme. i'espere que ie dernier ballot viendra

639 2497 2013 178 encor en temps et quiit pourra arriver avec

629 2564 2117 168 les aultres au mesre temps. a les eschantillions

651 2681 2091 152 il cy a rien avoir si noz les couleures. oin

654 2757 2108 226 fargera les draps en piesce p la grace de xd

652 2882 2023 182 mais dans N40 ily at estcor de couleuries

651 2989 2104 191 que ie vous ayt absolument desendue et coutra=

614 3075 2127 173 =mandée comme 478. 480484.493. ce quiil

659 3167 2090 164 ost bren chagrinant vor la asteur mon ordre

641 3269 2087 185 complet et de cette Annce icy ie p'ordonnerap

635 3370 2069 185 plus rie ce sera iusques au mois de marshs

666 3456 2076 172 actul prochain s'il vous plaist tellement

637 3553 2005 189 que me pourrez envoyeer compte courant

632 3655 2045 167 quant ies vous plaire. vouy iucluse remise

2824 53 2307 169 de  £60:- a bon compte a uneusence de cer ourdm

2805 142 2271 196 sur le 1 Danill hays d Londres. le changelest un

2822 259 2188 177 peu des avant agieux sans cela ie vous en auroiz

2821 372 2241 148 envoyee davantage eque ie feray non obstant

2822 465 2297 215 pr premier pour liqpude let advister p busemble

2857 602 1122 175 tous saluant ie vme dit

2868 661 2164 193 vous m'vez si desgoustee de vos bayes que ie

2857 783 2219 236 ferois bien propost de n'en plus fairre venir de

2855 899 2138 170 ma vre messhe que de carisees il y en a que

2866 1011 2174 178 vous m'avez envoyce pour faidulure touttes

2849 1134 2189 196 demangee de du ne sealit quill me spait pur

2863 1272 2062 163 les voir ce quiil est bien post ot ie  vous

2869 1356 2028 195 demande tousjours tout ce quiil y a de

2837 1470 2273 251 plus eurreux y voulant beu mettre le prix

4077 1671 922 193 Ady 19 xbre 1712

2817 1647 891 223 London Daell Keys

2860 1784 2195 183 i'ay bien receu en son temps a tres chere vre du

2856 1908 2155 174 22 detooust i'espere en suitte que mes actions de

2848 2052 2229 94 la banque seront transsporrce en mon norou

2863 2109 2099 154 me dit que la banque payera le 20 du courant 4

2876 2278 2178 136 prete set voyant que ie ne profite d'intrest des

2853 2328 2221 186 billiets dexchequls que dest £400 iay tire sur

2877 2490 2221 140 vous de ceiourd huy a usince st  £60 a l'ordre

2868 2539 2231 174 m. William Coonson priant y faire honneur

2841 2650 2245 199 quant le temps serat de scheue et que ie pourray

2858 2757 2257 141 disposer de mes st £400 deschiper vous men

2871 2873 2260 162 pourrez faire nemise si le change soit favorable

2881 2974 2157 170 a condition comme vous faittez les retours

2887 3100 1958 137 a mon mere vous saluant ie me dire

4261 3190 491 136 19 xber 1712

2839 3182 1105 155 Londen Autines de dorperse

2902 3226 2211 172 op 12 cout hebbe ue gescheven ove hollant tden becor

2888 3353 2209 108 men ue aengenaeme 30 sber alle het gene ue voor ue en

2889 3454 2226 84 casie gele ue bij te brengen en van niet siitien dade

2888 3507 2192 100 ter buije te vorent sy pr in gecoht geniest dat hedde ue mij

2892 3564 2204 134 te vooren behooren te dvsere dan sondeic voor de renie

2891 3624 2221 146 ser sorge gedroegen hebben voorders ue nenninge noodigh

2863 3712 2223 123 hebbendehdde ue moete op eort sicht oft sick p casse
