5334 3889
490 37 1955 181 soo heeft sij mij versocht ue dien aengaende

508 138 2145 189 eens mentie te maeken ende vrindelijck te versocken

493 268 2105 193 dat ue soude gelieven consideratie te gebruyken

522 345 2096 202 ende de voors somme aen haer te willen bisaelen

515 460 2098 181 dat ue medte teens hertelijck recommandeere

539 546 1965 231 om redene hier boven vermelt het sulsch

538 673 2079 206 convoy is gearriveert manheert ue eenigh

499 763 2135 215 fordiment bidde my maer te commandeeren

535 876 2047 208 hebbe consideraevele partije van alle soosten

498 979 1888 191 van goederen tot ue dienste en blijve

1637 1088 514 180 22 auynlij 171

466 1118 924 207 Rotterdam Ge vander heyden

531 1200 2129 212 Ick hebbe geene gesien bij ue aengenaeme dato 19 ue e

522 1300 2141 201 begen haide gemaeckt met het loossen en oet de pecken mijnder

506 1397 2078 214 packen ende dat saterdagh reets 4 p beurtman adam bors

523 1481 2116 173 lap a  N29: 33:55 en 33 waeren vertrocken tot dox heere en

522 1563 2032 202 hebbe van him oock niets vernoemen en enwel en twijffelen

526 1653 2018 191 niet oft hij sal vendagh oft moorgen opscheeten doorseer

521 1707 2112 226 maer verlangen wint ben by ditto goederen seer geroe

539 1827 2043 200 seert verhoepe tegens woons dash te vernemen dat ue mijne

539 1942 2121 167 resteerende packen mede sal heben te depecheert de reke

530 2014 2038 155 van oncosten gelieft mede soo haest moegelijck ofte

521 2118 2138 144 senden de laeken packen sijn van inhout ide 24 dos

531 2196 2028 141 doch N35 hout in ts halve doyntien de bye packen

547 2303 2015 138 ider 40 N tot ue governo ins betaelen der rachten

548 2397 687 140 afwachtende blijve

416 2416 2165 216 Brusselle Caress Mecheel van de borcht provisor 24 auyusty

503 2570 2059 141 hebbe heden p messive van ue broeder de dato 23 de

516 2639 2038 138 retous ontfange den wissell an ƒ49714 oft £4::7 op

515 2748 2056 104 anthoine de waes in prostert sal daer morgen de weerde

508 2808 2103 156 wederom van invoorderen mits het heden y ick dagh

523 2890 2040 145 is ingisloten remitteere ue als aen den volt deser

514 2991 2123 129 waer voor het noodigh gelieft te besorgen nordra het

518 3059 2059 153 doendelijck is sal ue de reste met een  rekende

500 3158 1010 127 endisos blijve van

506 3195 2205 187 op Joannes Bletinckx wiss lgelde   £136:15:

2371 3339 250 95 44:6

518 3345 848 127 op Josene ververs

517 3391 2189 169 op J: Bapt Godtfierneau ƒ 237:10 .„ 39:188

426 3492 1248 144 Brasselle Nicolas vander Borcht

1868 3482 426 157 2 4 uuques

520 3600 2130 122 becoemen te aenge naem uen   eenen iy

491 3669 2124 159 telbrest vanden eerverdiy heere prourator van looster

2817 9 2263 212 nta de 2 al brae ar in postest van £71:7 aecte

2834 109 2296 215 van acceptatie sal deer van morgen trackten de fweirde

2835 203 2192 155 in te voorderen mets  en ditto anthome de wels

2810 295 2291 154 hij ue niet wel te bock en staet ing

2832 355 2273 181 den herverdegen heer ue bro we by e

2836 440 2271 212 al wat ick hebbe connen beoerien ue mh wel

2823 516 2252 163 geassenneert wesen dat ick niet en sooude hebbe naer gela

2832 648 2186 127 ten te remitteeren hadde het mij moopelijck geweest

2819 696 2197 201 maer sulckx te doen sonder schaee van ussal oft

2827 825 2253 122 coutagie cost vrij wat moeyte boven dien schryvens

2833 900 2247 170 in arbeyt ende ten waere ten repeck van de famille

2856 984 2282 191 ende de gaede vrinde ick en soude l af

2845 1084 2190 149 voor niemant inde we rekt a weerde die i niet

2859 1165 2148 160 te inre met veel pluser en affectie doen het

2853 1306 2266 148 huulsck con vij is eyndelijck gost danck wel gearriver

2861 1370 2175 224 ende die gaederen sellen voort eynde van de maest

2842 1467 2238 145 coemende wecke met goots gratie al hier wesen soo dat

2867 1569 2215 140 nee het ich oonste soortiment van ale goed

2845 1667 2212 181 sal bij aen hebbe dat men n a oogen e ende

2865 1773 2214 165 in stawegen om ue in ells naer genoogen te tedienen

2851 1878 2230 191 als ue dan mij geleeft deere aentedren mij te coen

2825 1985 2222 138 besoeter ende e peni te  n

2827 2075 2190 151 saeme groetenisse aen u ue morder Dh ue

2836 2199 2190 139 ende de stalle als  miede mijn huyn

2853 2284 840 151 ot doende soo blijve

2849 2372 2206 160 gelieft een leter te aeworden om reden doer usel

2816 2492 692 123 brieven aj sn

2739 2559 2225 176 Brussel Rmollemans Ady 24 Aurust 1712

2833 2660 2143 167 tot antwoort op ue aengenaeme van 19 courant

2818 2818 2228 110 ue goet en niet voor gisteren connen scheep geraeken

2830 2880 2132 155 en gevolge ue ordre is het pack generckt . ende

2843 2982 2177 156 met den vraght brief geconsigueert aen Pedre Dun

2834 3074 2138 184 gelieft daer iu de noodige ordre toe te stellen ende

2785 3200 2106 135 sorghe voor te draeghen. de selve becoemende daer

2804 3288 2234 132 met godts gratie niet aen en twijfele sal ue dien dat

2836 3387 2211 128 ue hooyt beeter coop nochte schoondere goederen

2811 3482 2208 162 gecoght en heeft want het sijn de schoonste bayen

2790 3579 2245 144 die ue sijn leven gehadt heeft maer ue en doet niet

2833 3706 2182 92 wel te wisselbrieven te veronderen ende in plaetsche

2791 3786 1904 52 ven op vier met ses maenden te bas:nne
