5623 3888
2226 40 124 111 s

2459 32 127 98 Jy

603 35 2235 222 Brussel Peeter van Roch  ady 27 ber 1715

706 215 2103 179 Ick ben verwondert ie sien de me van gisteren ick

716 286 2174 202 een can niet voorder als cours volghen extraordinaix

704 391 2089 221 occasien sijn buyten cours van negdue ende daeren

726 512 2010 168 moet men geen staet op maeken insteden van

727 627 2079 177 bersaen is sulckx niet te res contreren. ick hebbe

731 746 2002 156 van opinie geweest wel gaen te hebben met ue

713 851 2100 183 brieffe op parts in te trecken maer het ontfangen

719 952 2020 206 van ue brief doet mij anders oordeelen daer

718 1057 2126 220 ick vrij wat gevoeligh over ben. ick hebbe van

723 1186 2003 186 gisteren getracteert ende casueelijck heden

748 1295 1989 209 morgen in getrocken tot 63½ voort ontfangen

749 1410 2122 152 der selve soo dat ue het niet en cauwe desenden

761 1508 2100 178 rot myn leet wesen. daer is gisteren cort gedaen

763 1628 2058 163 rot 67a4 voorwaer geen wonder want met de

715 1719 2162 192 laeste brieven van parijs wort maer 3¾ genoteert

747 1840 1985 180 het waere van gisteren al op Amsterdam

755 1964 2112 156 versonden ten waere hadde vernoemen men

750 2043 1935 186 al daer boven de 66¼ nmet soude maeken

778 2146 2014 214 ick verseekere ue herineffeet te weten soo als ick

778 2276 1786 155 ue gemeldt hebbe en melde ende dat de

754 2378 1994 177 principaelen ontemborse alsoo genegon een

745 2467 2022 218 ten ingetroeken hebben ende daer naer can ue

763 2576 2077 173 sich informeeren en sult het selfde alsoo bevinden

775 2718 2097 154 soo dat het wonderlijck is ue sich gefackeert toont

779 2825 2048 143 over het gene ue hebbe geschreven. aengaende

742 2906 2137 175 london sal ue presteeren bij capstaele brnn

751 3016 1990 173 van daer de dat 3 de wissel op Anwerpen

736 3121 2032 195 gedaelt te wesen tot 736:3 ende vervolgens

772 3267 2073 116 alhierboden de ƒ:35:9 geen gelds derrewaerts

793 3342 1941 192 en wort geofferereert sal ue briefken den

755 3452 2015 150 oock behouden mits d'een sonder het ander

765 3591 2035 130 ouriedelijck waere ue te senden. ick weete

781 3676 2018 157 wel mijne commissien aen ue weynigh

2977 38 2022 159 van 1inpportamie wesen ende dat sulckx meer

2975 143 2228 218 pr vriysschap dan p intrest aen my getoont ende

3014 303 2184 168 gedaen wort daer ue en allen tyde dancken

3033 398 2001 172 obligatie voor wete, echter ue sich daer

4070 522 255 82 moeten

3005 511 2167 166 van excuseerende sae parientie nemen ende

2997 641 2199 159 niettemin ue in alle occasien van herten

3008 768 1013 159 thoonen te weten

2950 866 2128 187 Amstrdam Truncois Rousseau 30 sber 1713

3044 1006 2182 156 tot antwoort opue aengenaeme van 27 cout

3053 1113 2172 144 en sonde onder de 4 prt vrij gelt sjaers niet

3035 1192 2133 196 disponeeren het en presseert niet ick sal

3027 1314 2178 169 met gelegentheyt ue trachten tot die seynde

3057 1372 2184 268 en tot mijn beste advantagie te remitteeren

3060 1456 2156 283 ick en twijffele niet oft dat sal ue doorgaents

3061 1563 2181 285 connen aentreffen als sulckxx a costy eene vye

3057 1694 2213 230 en met de consientie over een comende ng

3053 1841 2079 216 tie is doch ue moet mij daer voor caveeren

3069 1902 2168 252 wat devoiren, ick gedaen hebbe ofte niet en hebbe

3068 2043 2126 227 ue even wel heden niet connen remitteeren

3075 2156 2168 218 alsoo onder de 1½ prt geene brieven te vinden

3064 2253 2131 220 waeren ende dan noch al eenige daegen te

3089 2365 2054 227 loopen cn in ijne niet datter cort icts

3079 2479 2078 286 gedaen in dan alleen eene patye die mijne

3082 2600 2143 264 schoon moeder heeft af gewen ende m usal

3057 2714 2176 228 wesen men soude de spatientie heden verliesen

3080 2788 2160 228 want daer enis niits met siuce te ondernenen

3088 2917 2089 210 ick sal te gemoet sie wat e voor mij o

3080 2998 2096 238 londen sal hebben afgegeven dien ue de

3084 3106 2117 235 wissel derrewaerts sal woden sentalleen 2

3066 3246 2134 210 a 300 tot by provisie ende dat ue daer op te

3067 3319 2135 279 goet comt moet ue sicht p aesse tot mijn u

3087 3374 2158 268 te avantagie trecken wnt daer en is andere

3066 3531 2132 262 june middel de gepasseeire affairens pas

3052 3633 2111 196 seere ick met sulcke stel swjgentheyt als

5281 617 88 89 ucht

5280 689 61 66 1

5271 1212 94 85 di

5286 1284 67 78 itt

5328 443 68 84 j

5369 2837 74 106 on
