5409 3889
590 78 2162 117 ende en twijffele niet oft alles sal naer ue contentet

595 135 2123 138 wesen bidde in alle dat tot ue dier st voorvalt mij

592 215 2125 132 maer liber te commanderen wiert verseekert dt

606 290 2147 128 ue noyt reden van clagen by mij sal vinden ende

593 385 2136 166 dat alles sal doen wat mij moogelijck is om ue cel tijts

605 476 2139 137 wel en goeden coop te bedienen ende de benen ne

606 579 2046 163 ennisse te vergrooten ende te onderhouden die

628 659 1544 167 naer vrindelijcke groote nerste bli

1723 742 455 134 26 xber 1712

517 773 580 146 Mons Jmasson

615 800 2117 238 Jay bien receu en son temps la chere vre du 19 du court

610 900 2133 210 avec remise de ƒ300 de change sur le Sr. Jtephen vun preys

608 1013 2100 177 sen a jours de veux il l'at acuptee le 20 du cort en son

628 1102 2059 179 temps jer procureray le pagement et estant payee je

624 1194 2137 177 vs feray bon la vileur en compte je scavois bien quil

623 1278 2126 215 i9 avoit une p entre mes draps ou il est arrivez cu

634 1375 2117 158 malheur mais je ne scavois pas q cestoit celle q ie vs

639 1467 2076 181 ayt envoyee il ny a rien de mel courez la faute en

609 1556 2141 182 bay is ne m'en payerez rien je vs dit encor q ces sprt

630 1661 2111 145 de si beeux draps et 12 bon marche qs en aye

601 1732 2166 163 veu de vre vre je n'ay point dautre calite des drap

600 1881 2165 128 melu q eeux dont p vs ay envoyee les eschantillions

610 1922 2128 174 mais bien en d'autres couleures je voudrois avoiz

570 2052 2210 105 l'honneur de vs vous p icy et de cette maiere je poura

593 2130 2186 161 v rendre content que nene pas une fois comem

585 2219 2186 190 autres amis car il est certain quil vs faut de temp

599 2325 2158 137 un temps de la marchandise le voyage n'est raz

612 2406 2086 138 et vs brouvener tout ce q pourries souhaitter a

620 2482 2061 173 il est tout autre de voir la marchandise et les

641 2590 2058 139 assortiments q den faire venir sur eschantillions

650 2670 2089 153 ou p lettre il ny a q5 p quelles restent de vre

638 2768 2072 133 ordre se avoir ie ne baye bleu une rouge je les en

642 2848 2090 163 voyeray done samesy pr la barque sans faute pi

641 2929 2119 148 vs manqlus encor quilq oye d'autre vs avez du temp

650 3024 2105 148 me le mander il pourra parter tout ensemble vs

643 3103 2142 196 ponvez dine ut a quil vs plaire croyez q ne troi

654 3227 2126 179 veres parsonne que vs servira aec plus de soim

650 3314 2131 139 a meillier marche q moy p l'eschantillio ns cou

640 3390 2137 204 leur de beuf q m'envoyer il j'en a que m'en san ve

657 3517 2099 129 nue demander come je  de vre part mais pe

641 3586 2121 159 point il faut le faire tiendre expres et ondot

630 3659 2091 185 nes cela asun ds vos marchendi de qui vs sire vos

2905 0 2234 166 e brale  illlel a  ee s

2895 109 2172 111 autres le fout ainsy car je me me fie point a ns

2906 201 2189 119 tienturiers pr l'oser entre prendre vs saluantje

2905 304 329 109 nme dat

4246 313 380 188 26 sber

2825 373 843 191 Mons J:bassecourt

2895 406 2221 219 vs ayant escrit et en vay ee facture de vre balloble

2913 536 2178 179 18 du court jay receu la chere vre de mes me date

2888 649 2229 169 pr la quelle jestoit estonne de voer qn'avoit pas

2891 757 2230 134 encor rrecu cette marchandise jes ren qvs aurriez

2906 844 2226 161 bien rre ma lettre surditte come ass le bal

2910 922 2231 167 los pr le present il est marque £8 et parti pr la

2901 1018 2221 164 barque pr bruzelles le mesme jorer 12 du ourt

2919 1161 2141 116 come  q me l'at ordonnee au jen ay

2925 1224 2202 178 donni aevis au shenry de paurs en son temps

2944 1355 2129 115 voyerez asteur se personne vs ayt janare

2914 1408 2205 185 sene mieux marche q je nay fait je ny man

2918 1516 2213 190 queay pas n'on plus en touttes on cas con qil

2919 1582 2213 168 ns mlauroi en honori de vrs eha landise at sur

2929 1727 763 135 cela je me dit

4318 1794 589 151 26 sber 1712

2862 1818 869 172 Brusselle  van goch

2903 1862 2208 180 ue aengenaeme van 17 court hebbe wel ontfangen daer

2929 2012 2186 76 alt simmers nu en dun occasie vor om met avant a

2920 2072 2200 129 gie te connen remitteeren dat ick ue naemn ondere voor

2905 2138 2203 128 het gene bij ue te goet hebbe als ue ets tot advantagie op

2907 2206 2201 185 londen heeft al wesen het bagatelee oft cleyne briefkens

2903 2314 2185 160 dat sal mij altijts oock aengenaem wesen ingesloeten

2919 2394 2191 141 26 op mons tsat dat maer morgen oft over morgen

2908 2483 2135 173 gelieft te doen presenteeren want sal hem t'abont

2889 2543 2246 167 eerst advis connen geven voorder 200 our op lauran

2895 2651 2085 175 heulimans sicht pr casse naer portenisse blijve

2791 2769 1120 156 Mons Anthoine  Aoust

4207 2773 844 193 Ady 26 xbre 1712

2851 2872 2235 172 ie n'ay pas eu le temps pour faire plustost responce

2833 2998 2153 182 a la senere vre du 14 du courantt ceiourdny ie

2855 3146 2148 95 vrenne de recevoir encor une de cheres vestres date

2857 3194 2180 144 dihier, vos ia piesces de carisees bleu et une piesce

2866 3297 2201 173 derouge sont prrti le 15 du courant pr. la barque

2858 3401 2058 165 pour ldru celles dans un ballot marque A35

2881 3538 2145 132 comme ie vous ayt advise auparavant mesme

2891 3639 1962 113 ie vous en ay donne advis au S. de Paure

2909 3692 2008 139 voy la rout ce que ie puis faire. vous d'evvez
