5612 3881
631 51 2157 89 maer te disporeeren oft gelieft ue in wissel voor bij de

671 94 2124 124 n icks te doen gelijck meermaels hebbe versoet

677 173 2093 156 en wel wetendie ue occasitie bij der hdit haet

661 265 2115 168 het sal mij sier aengenaem wesen in de wille ge

666 353 2112 221 sotie en maecken geans geene piculatie want ic

674 446 2125 213 sien daer bj meer decastres te gemoet als hier wel

686 543 2072 190 in bilde by die affairens wele hiere ruine

697 643 2085 227 gehaelt ick en trachten maer alleen te de selve

697 725 2025 200 te te onderhoude om dat mij daer gde pere

701 833 2019 188 en fils bekent sijn en dat op hoepe oft die bij

711 870 2108 285 bij de wat meer faveur soude nemen met mij

735 1051 2071 213 nen laes te hebbe ue vesochtt 2 baelen spaersct

738 1159 2051 196 laisseens van de selve sortiment prijsen en

746 1259 2041 232 qualityt in te coopen gelijck de laestene ge

766 1378 1902 214 sondere N16 en 14 om sotiment bijder

755 1499 2016 197 hant te hebbe ende de restante daer mede

730 1622 2068 217 te dooen posseren dat ue p desen confinmer

714 1743 2077 188 bidiende op gaede en vaste couleuren te lette

742 1868 1998 147 want daer dependeert te veel aen gelieft te

722 1993 2045 182 lette dat ick geene rosse couleure meer en dese

745 2096 2047 168 teren meer wel eenige lichte grijse van goede

749 2209 2044 180 en clijne men gelinge daer y gesorteert te com

739 2295 2032 191 mandern ue mijn intrest opt u stee dat

761 2393 2038 203 ue gelieve op alles soude te laste hebbe bien

745 2508 2034 217 ve van amsterdane op londen ont boede soo

758 2627 1989 198 dat p naeste voorsien siclt wesen den prijs

753 2768 2061 191 van gemeyne colchster baye gelieve te noten

724 2850 910 151 gen blijve van hete

1978 2942 539 122 27 meert 1713

595 2933 1116 167 Amsterdam Francois Rousseau

696 3033 2104 125 ue laengenaeme van 23 en 24 court hebbe wel onfant

701 3134 2116 110 waer bij sien mneordre sot het afgeven op londen niet

702 3199 2103 111 en is geoftfaiert door de veranderinge in witsel e seleve

723 3264 2080 148 daet dan tot naerder advis te staecken want en soude daer

702 3345 2060 109 bij geene roeck connen maecken voor de £120 die ue

717 3454 2094 98 ij aen d'ordre Dh ue waeder getrocken heeft a 1 pps mijn

709 3495 2093 129 avance sal ue conform debiteren £121- & hebbe bij hem

699 3564 2107 148 te goet doch ue thotos tot noch toe niet vernemen mewel

692 3675 2100 116 ue salchx p complaisantie en uyt conswer atue comt de

732 3737 2016 76 doen ende dat mae geen negotie daerop bidde us

2901 0 2238 169 tegtaedere moss a et e wet

2893 125 2250 130 als e  icl ses versoecken want voor waerecken

2925 198 2204 184 can om nemotteeren geen staet maecken wij en hebbe

2940 301 2153 208 om soo te segge geen borse mie daer in  noc

2926 413 2170 188 dours noih nagorie heden tot h un bancos en 3

2926 525 2123 190 gelt in cout noch weynigh oft geene corte

2898 608 2192 206 brileven oock isser seer weynigh gedaen den ue

2926 721 2213 231 eenige advientagie rescontreren in trecken en op

2939 833 2170 216 tijtt mij te remitteeren doct het voor £1000 om

2918 927 2221 236 sal plaesergeschieden ick socke een doorgaende

2926 1059 2216 171 attaire te maeckes maer in coste brieve is het

2939 1155 2204 185 de moeyte niet weert want deer mort en uel

2949 1249 2190 206 cima & gprt p mees over seheeten op londen

2936 1354 2213 220 hebbe alheer heten afgegeven partye in corte

2972 1466 2175 197 brieven tot N35 ick moete patientie hebben

2973 1619 2118 167 ende daer door passeeren pay senmaicke

2912 1718 2205 149 gants geene speculatie want om de continuelle

2880 1846 2238 155 veranderinge vant gelt en hebbe mij ntyt met

2918 1901 2236 180 bransche negotie wille bemoyen dat us wel voor

2934 2001 2204 157 die der ea date vrinden hebben anders mimen

2851 2146 47 72 d

2964 2095 2167 173 altijts geschoeren met het daelen van de isscl

2937 2197 2198 180 ick alheer prorato op sevelle oft code

2954 2331 2151 148 beter te recht coemen voort geene nesi ue ver

2973 2397 2178 209 soecke vertrocuve in ant oort faveur te becoeme

2974 2541 510 112 en blijve

2971 2574 2169 194 banes  a ½ pr co  a  pr londen N30 uor

2944 2712 490 160 pa  66 ¼

2888 2723 2239 249 Rotterdam S: vanderheyden en haesbroeck 27 meert 1713

2969 2890 2093 155 ue 2 aengenaeme van o7 en 24 court hebbe wel

2922 2952 2191 173 ontfange achter volgens den ersten oock het ge

2932 3067 2175 163 melde packe N41 peeter wellems is mij ontnant

2962 3138 2141 141 door voorgevalle beletsel en heeft de vraght

2974 3251 2122 135 ontfange door dien mijn facteur de selve be

2950 3326 2201 190 taelt maer ue gelieve hem te spacken ick sal

2932 3409 2135 157 hem wel trapperen het pack as nat en waer

2940 3506 2212 160 deheynelic bij hem aen boort geeregen conside

2964 3605 2128 166 neert wat en intrest voor mij het sijn vogen n

2957 3697 2197 130 o aesschen want het sae soen vol by en en die
