5632 3901
688 43 2140 128 terverdeele maeckt de connossemente aen ue rdere

687 142 2144 130 sent die mij p indorsement voor alle voordalte voor

734 186 2073 138 coemen doch oock recommandeere bij bijde advis

725 309 2102 118 en connossement te moogen bcoemen deresse

745 387 2079 115 ue die niet en disereren sijnd e als de ingeslotee

705 445 1991 167 staeltiens de rossen, geelen en lichte gemengelde

736 567 1988 135 groenen sijn buyten vraeghe ende ick hebbe daer

731 684 2024 114 van soo menighte date niet en can debsteeren

751 759 2087 189 ick vraeghe het meeste schoone gemengelde moede

736 871 2005 187 couleuren ende schoone lichte grijsen. ick ben

729 976 1826 149 blijde dat ue bij dauwel, en Ambachte niet

736 1121 1959 150 geintresseert en leydt. dogh dit stegens myne

741 1190 2013 157 opiuie want ue doorgaents soerck met die mittr

755 1300 1937 159 gehandelt heeft: ick en moghte daer van niets

735 1388 2019 151 melden om myne conscientie niet te cortte

733 1516 2016 123 doen daer sijnder almeer die de negotie

727 1590 2061 132 bederven ende doen datte niet doen en connen

710 1710 2053 159 ende geene ergere als de nat ue Engelschedeen

715 1800 1869 148 die alles ruineeren ende onder den voet

730 1893 961 154 brenghen blijve

2039 1981 388 116 6 april

560 1956 1220 188 Brusselle de wed: vander borght

708 2046 2125 229 ue aengenaeme van 3 deser hebbe het sijnen tijde wel ontfan

696 2188 2112 140 gen achtervolgens hebbe op gisteren getrocken de geordon

718 2254 2050 156 neerde ƒ500 in assignatie te betaelen aen d'ordre

695 2351 2132 138 Dhr anthoine Roussseau die conform gelieft te verkeeen

687 2442 2070 178 het is droff dat onse negotie soo onder den voit ge

706 2558 2101 134 raecht daer en is geen het minse debiet en tusschen

687 2659 2125 196 beyde slaen de goederen soo merckelijck p in prijs van

722 2767 2049 163 dagh tot dagh dat het onmoegelijck is een ier tomeer

710 2863 2093 186 te ontrieden want daeren waer het gelt niet meer

723 2970 2096 181 uyt te maecken ick hadde al verwacht dat mons

717 3063 2109 163 ue soon met den vasten soude over gecoemen hebben

699 3168 2113 159 om eenige proisie te coopen ick dencke nu

709 3280 2073 147 dat het haer paesschen sal wesen ick hebbe wat

693 3342 2120 191 provisi op vooraeet gedaen ende daer van sal

727 3461 2079 162 ick ue noch ce viels connen bedienen sijnde

687 3550 2138 168 secker dat ue niet qualijck en cont doen ue meste

682 3629 2129 148 ris naer advenant te nemen want den vreden jae

695 3742 2130 109 vost ende men seght dat d'e ap beden tot ayr

2896 77 2294 91 staet geteeeent te worden voor mijn deel ick sal in alle e

2941 117 2240 123 occasien mijne devoiren doenom ue te moogen gon

2931 188 2212 190 tentement geveen ende goeden coop te bedienenen

2931 285 1241 200 soo blijve naer groetenesse

2917 354 1739 237 rudselle s van doch. 6 april

2938 465 2248 233 naer dat mijn brief op 31 passe was bestelt soo onse

2947 578 2162 215 ringe ue aengenaeme van 31 ditto met remise s

2945 725 2165 185 den enwerd: Patenwood Jeaviet van 300 wessel

2945 801 2145 232 gelde waer van het noodigh hebbe besorght ende ue

2908 909 2221 198 voorens geereeert voor de rest gedraege mij aen mij

2926 973 2241 190 nen voorgaende waerbij ue het noodigh hebbe gende

2910 1079 2070 231 teert op ontfanck hebbe instantelijck aen

2920 1170 2238 240 t sas geschreven die mij tot antwoort geeff ue heeft

2952 1268 2235 271 naer gelaeten om het gelt van mi ue getrockene

2943 1350 2201 241 assignatie te senden ende hij ue het selfde niet in

2939 1457 2177 278 heeft thuys gedraegeom den voordal van het af

2948 1569 2193 261 teuven van sijn huysvrouwe soo dat vesoche niet

2966 1673 2185 271 en gelieft naer te laeten het selfde te doen ontfange

2979 1805 2121 226 in gevolge voor ontfante deser niet voldoen en is

2957 1905 2183 219 meits dat ue int eersterder maent ordenaircobrie

2945 2008 2191 209 ven op londen heeft soo soude wel een a twee hondert

2946 2094 2165 227 pondens  jouhacteeren tot  35 can ue mij daer

2966 2217 2101 215 van fournieren sal ue instantelijck de weerd:

2946 2321 2087 220 remitteeren oock eenige brye vensenden als

2931 2422 2181 213 wanneer met advantagie het sij op hit ofterrt

2960 2495 2197 233 sicht cont remitteeren in de kennisse te moegen

2955 2602 2014 194 onder houden ende soo blijve naer poeternisse

4020 2715 949 168 Ad 7 April 1713

2882 2744 756 196 hendt Jacob Bat

2992 2832 2079 198 sits geene occasie can vinden vantrecken voor

2945 2970 2152 143 het gene bij ue te goet binde als tot schaede soo wenste

2973 3034 2102 164 wel de goetheyt hadde van mij die in brief o london

2944 3173 2107 120 te remitteeren mits de Engelsche trousopen in

2957 3230 2037 166 vlaenderen sijn soo dencke sulckx wel hebb connen

2959 3322 2181 152 aentreffen en al wast 2 a 300 £ 5te my soude plaise

2950 3421 2186 162 geschieden sal ue de weerde instantelijck over maeken

2934 3514 2159 136 hebbe eenige brieven op london noodigh ende

2955 3594 2102 181 hier is weynigh pacnpier. ben te vreden al wast

2980 3708 2142 141 39 want door dien de wissel op Amsterdam soo
