5513 3887
466 54 2200 241 Bruxelles et Rousseau Ady 21 sebvier 1713

649 204 2050 172 il m'at este tres agreable d'apprendre p la

634 323 2036 160 chere vre du 15 du courant p'aurez la bonne

638 455 1954 162 de procurer le payement de mes deux

659 538 1971 218 remsses. pr oceasion vous m'en pouvez

698 636 2061 213 remettre la valeur et dispos pr librement

664 746 2028 198 de moy en touttes occasions. ie vous prre

666 865 2034 209 de faire rendre l'incluse a monspere

643 932 2090 240 Daniell presentement a nelles ie

659 1094 499 185 me dit

429 1079 2306 294 Bresael Laurejs Ka  Ady 27 ditto 177

600 1263 2166 245 Ick hebbe ue brief van 22 deser wel ontfangen

575 1390 2035 221 het is mij sief dat ge noch wel vaerende

630 1494 2141 225 leydt in de laeken negotie en is in dese martien

642 1596 2128 239 present niet te doen evenwel om ue dienst

622 1720 2101 187 te doen het en coemt mij op een quaert

604 1843 2033 154 laeken niet aen als ue mij het seltde

646 1915 2056 174 op trouw wil toesegghen. aen het stael

682 2024 1955 157 en is niet te sien sock moete het op

635 2174 2027 116 trouw aenveerden. het s aen het stalt

629 2231 2056 171 seer los en hoogh in de wolle setr slecht

666 2335 2002 179 bereijdt van qualitijdt van de wolle

674 2453 2075 156 een can ick niet oordeelen: is het goet

690 2550 2002 159 ongetwocken en deundelijck sendt het wy

675 2656 1984 183 anders iet ick sal ue daer voor vry n

650 2760 2116 190 mijn huys gelevert die gildent den du caton

656 2871 2004 202 regens ƒ3:3 gerekent betaelen aenden

660 2969 2075 208 voerman die het my leveren sal ende

647 3080 2025 161 ingevalle ick mij wel daer by bevinde

653 3180 2040 184 sal ue dan voorders schrijven ende

675 3258 2068 201 nu en dan van ue weleenige laeken

678 3389 2056 184 coopen op conditie dat ue die my voij in

668 3496 2065 187 mijn huys sal doen leveren. weest den

661 3605 1628 184 heere bevoelen en soo blijve

2861 67 2241 203 ist van geen goede wolle en sendt het

2876 152 2147 206 want ick en can mij vatt geen slemt goet

2899 305 2220 174 qujt maehen en aen het stael toont het

2890 397 2144 172 surslcht al oft het van inlantsche wolle

2907 515 1108 179 gemalckt waere

4156 579 489 178 28 ebuniij

2835 627 754 140 het matheue Brants

2890 709 2220 131 e nayt jamais eu d'honneur de vs voir ne avoir

2897 814 2209 161 la connoissence que ns avons fait p madi vre es

2917 911 2189 150 et locure tuchcoons ns d'entretenir et augmenter pr

2896 1001 2158 170 paix avenir dont personne n'en doubte plus

2922 1128 2177 175 Dieu vieulle que ns la puissions avoir bien toit et

2855 1206 2217 187 que cela puis acimenter la commerce a cette

2936 1305 2178 209 fin ie vs fait ofre de mis marchandises et servir

2909 1432 2193 173 pr tous jours et je ne manque ay pos a vs biente

2944 1527 2163 200 n et a just prix ayant boutte sorte de belassort

2964 1649 2158 141 ment et come je me trouve un pea

2946 1761 2178 142 et que je doit faire grosses remises pr les nse

2944 1848 2128 193 uelles marchandises qui jay denarcje

2939 1996 2166 142 prend la liberte vs prier la grace de me voi lois

2946 2071 2112 173 toulager de quelque remise come madivre

2970 2165 2118 188 roeure m'acoir promis a son derniervoyage

2975 2308 2053 130 de ffaire pr le crouvele annee ou en ver

2963 2362 2130 207 attendant cette grace et vs saluant de boncoeu

2879 2504 656 133 30 te my det

4271 2507 393 152 1 meet

2864 2508 1173 212 sondern sevinu de dorpere

2840 2624 2263 148 iu mij net laeste was 25 Jaue waer op geen antwoort be

2954 2739 2141 157 coemen alleen hebb i sedert ontfangen ue aengenae

2815 2753 80 108 0

2936 2818 2170 172 me 23 januery waer by ue mij eenige staelen van spaense

2831 2915 2262 127 laeckens is sendende het is my leet dat ick ue niet en

2920 3014 2171 122 en noghte en magh argonneeren in te coopere

2937 3084 2084 170 want noyt jaer soo slecht als het tegenwoordigh

2921 3201 2160 141 van nu oft heelft begonnen meest ale ue packen

2911 3282 2170 116 laeckens selfs van den jaere 1711 het is ongclootelijck

2935 3358 2076 194 dat die schrone necotie in de manesfaiture soo

2926 3465 2116 133 conde veranderer ende tot niet coemen want

2920 3563 2116 126 daen woort bij veele present hiurne nien souge

2934 3651 2122 128 haelt die van hen eygen geen gooot capitael

2920 3730 2121 113 en hebben en connen het niet te boven coemen
