5645 3879
685 35 2169 161 dijns daght wijdaghs vertreckt den boeden voor de lant

725 156 2158 125 ten 16 heeren het was st heeren al voorens ue briefva

751 218 2078 158 gisteren mij is ter hant gestelt soo dat ick voor voy

695 300 2155 158 dagh ue commissie niet en can robbringn ue

748 391 2125 148 heeft een advientagie dat de wissel van hallant

768 526 2089 143 present seer laegh is in court 3½ pres sc

785 604 2086 145 de voorde brueue ende nu baneo prs advanc

789 700 2092 155 voor de selve ue soude beeter dese occasie uae

816 801 2001 157 nemen cant wesen om ue gelt te laetenef

825 916 2021 167 coemen voor ue affairens tot brusselle heeft

775 1011 2098 155 ue beten ken nisse en raet aen ue selven als

793 1130 2054 168 ick ue can geven evenwel gelijck ick meet

789 1199 2060 202 en twijffele oft ue soecht daer in t te scheyden

811 1314 2070 232 soo de ncht mij het beste dat ue ue bij hebbend

816 1420 2037 201 waeren uyt der hant allenxkens debiteerde

791 1543 2006 199 de calonsten onderhulde en soo ue gels

805 1607 2006 249 sachteens saeght in te maenen ende je te

813 1721 2056 209 coemen want alser geen goet meer te leven

828 1823 1971 208 en sal wesen soo sal ue groote moeyten

805 1945 2067 243 hebben om het uitstaende te becoemen en sin

831 2033 2038 225 ue bloet verwanten nar ue niet om daershel

832 2159 1946 204 len sten minstens eerlijcke leeden van ue

849 2265 2024 230 stel gevonden worden die ue geenesullen

856 2380 2021 208 helpen al wast alleen om in ue soonsef

862 2511 2016 165 rens te geraecken conseveert maer

863 2597 2022 216 sontheyt nemt goede couragie alle weerckt

852 2689 1925 221 sche affairens redden hen selven ende

862 2795 2035 234 geenen raet oft daet hulne en sal ue man

848 2895 1990 210 beeren op mj maih ue staet maecken en

871 3018 1042 174 dis ps naeren en

2113 3107 359 132 24 meij

677 3134 1138 158 Brusselle la veufve Rousseau

834 3200 2061 166 maderniere fut le 18 du court celle pr couverte a 2 re

828 3310 2048 145 mises l'une sur la veusde e& molle mans de ƒ9

849 3404 2014 158 dƒ198:10 de change payable le 26 l'autre sur les

835 3491 2025 144 Sr. Joseph ververs de ƒ600 de change payable le 29

821 3579 2075 163 deule mois je vs prie d'en fain procurer le necessair

865 3674 2017 134 et esttant paye m'en crediter en compte vs m'oblig

871 3770 480 71 s que s

2908 63 2108 175 Brussel Peeter van Roch Ady 25 mey 1713

3000 151 2065 197 ingevolge ue aengenaeme van gisteren soo

2996 279 2084 197 laet hier ingesloeten terugghe ue briefken op

2949 389 2232 188 London van ste £23:17:4 at is mij lief ue boodaen

2956 525 2039 172 niie cours daer van cont maeken hier en

2995 661 2172 128 iinen die avance niet. ick en conde ue

2979 778 2039 128 beetert presenteeren alst selve te aenveerden

3014 877 2163 143 ter efurse als daer van soude connen macken

3014 973 2053 185 ick hebbe tot ƒ135:8 soo veele partijen connen

2986 1070 2145 195 doen alst my beliefde en nu coemt de wissel

2996 1217 2049 175 gevallen ma delaeste brieven van london

2956 1328 2175 165 got 135:10 en can ue mij niet remitteeren

2973 1434 2111 193 soo moete patientie nemen tot ter tijdt soe

3002 1553 957 173 blijve van herten

2976 1634 1895 208 oliddelbotgts hendrickk de meestere  26 meij

3031 1753 2110 210 Ingevolge ve aengenaeme van 16 deser hebbe ue

3044 1868 2133 159 inclose aen J: de red: dekens versonden die mij m

3050 1970 2104 142 antworde vesocht uyt haer naere te adviseeren

3066 2081 2135 130 dat het wel is het gene ue wegens den verop ver

3070 2160 2105 185 sicht heeft ende dat s4 voor de resterende versocht

3049 2254 2115 169 ue devoiren te doen om den besten prijs moogelyel

3035 2353 2127 170 te maecken ende haer intrest als eygen te behert

3029 2453 2151 225 gen waer van s7 advis sal verwachten blijve van

3027 2564 2156 223 herte met nceproque presentatie mijns dienst

3040 2738 338 151 blijve

4479 2828 348 124 27 mey

2989 2793 1256 199 Brusselle de wed: vande Borght

3014 2917 2048 144 Ick hebbe ue 2 aengenaeme van door mons ue soon

3001 3019 2180 133 geschreven wel ontfangen in gevolge den rote hebben

2984 3099 2169 114 ue een van de siperfijne bayekens tot een preuve toe

3028 3197 2078 119 gesonden vo die iemen door de ntwerden advise

3017 3268 2135 108 wel te hebben ontfangen den minten prijs hebbe ime

3004 3334 2150 112 mers aen si ue dochter geseyt te wesen ƒ50 wisselgelde

3011 3427 2136 98 ick hebbe daer van weynige geleeft ue meerdene bidde te

3008 3490 2138 123 commander en ick ben soo gedircoergeert dat het ge

3005 3567 2130 180 lijck ommoogelick geweest isteantwoorden oft de pene

3040 3661 2119 109 no ende handt te nemen het is waer ue moet sijne

2991 3728 2111 85 maete hebben ende daer en valt nich op te rene
