5661 3880
714 54 2165 200 sicht die hij ue daer tegens doet voor het mjoort

732 150 2069 238 oft provenue der selve salvo susto £174:16:8

738 276 2085 198 tot 4 prete schaede aengaende de rekeninge

727 394 2054 216 dat is tbuysen mijn affairent en kemisse. ick

772 523 1950 155 sa daer over jmant sich desverstaende

738 646 2096 193 spreken dogh dat can ick ue wel segghen dat

725 738 2046 227 die oncosten naer mijn oordeel seer hoogh

771 902 1906 190 koopen en vernss hij den vercoop op

796 990 2051 178 rabat van 1½ preto gedaen heeft soo dinck

743 1113 2138 208 mj dat het contant geldt behoorde te wesen

796 1228 2058 194 ende dat hij ue boven de 2prete commissie

767 1381 1985 128 noch met sprete voor het staendel credere

798 1440 2007 172 en behoorde te belasten wat daer van il

782 1569 1809 166 sal ick uytpluijsen ende ue een nette

756 1658 2004 190 specificatie daer van senden. middellertijdt

784 1768 2020 194 sende ue ingesloeten sijnen brief nevensde

793 1907 2024 165 remise door D h. de licht geaccepteert te

808 1987 2014 242 rigge. hetis present aenseer laeghe wissel

817 2122 2024 212 en favorabel voor ue seelandt saltyts wel

801 2227 1911 195 ½ prete erger als hollandt ten waere het

793 2348 1952 220 geldt daer gesocht wirde alser venditie

833 2460 1908 185 voorvalte het en can over ¼ preto niet

778 2599 1993 166 schillen want heden isser paenstier i2

820 2708 1797 182 courant op hollandt tot 3 geweest

795 2801 2028 170 soo dat ue wel mede can oordeelen dat hj

785 2922 2065 196 ue niet te veel verlies van 4 preto voor

796 3022 2080 229 de wissel en chargeert ue gelieft te segghes

800 3184 1921 160 dat ick de weerde van den blief soude

844 3273 2030 227 voorderen ende dat voor den boedel londen

814 3377 2016 194 ue weet wel dat ick met den boedel geene

825 3497 2002 185 rekeninge en hebbe nochte noeyt begeert en

825 3595 2036 181 hebbe te hoyden oft eenige van die affairens

829 3717 2031 116 op mij te nemen maer belieft is datt ick die

2949 42 2148 172 penningen voor ue rekentin voordere ende ue daer

2931 141 2106 153 tegens de weerde op Brussel remitteere oft

2944 273 2014 190 tot ue dispositie bij mij houden sal het iet

2936 379 2233 210 plaiser doen en alles watter tot ue dienst voorders

2968 518 2178 136 soude connen oft moogen wesen maer dan

2957 626 2211 160 soude ue mij den wisselbrief moeten weder lisen

2954 739 2167 165 en aen mijn ordre endorseeren oft ue naere

2958 864 2069 180 van achter maer en blanco setten dat ue

2962 981 2192 177 vergeeten heeft te doen het is mij seer aengenaem

2953 1123 2201 140 dat ue nu herstelt en beeter te paste is dogh het

2941 1228 2173 229 doet mij seer dat ue schrijft vol verdriet te

2971 1353 2195 158 wesen. ue moet sich selven door setten ende het

2954 1489 2149 193 verlies van Godss handt aen nemen ende

2922 1602 2228 214 daer niet oppeysen: de weerelt sche laeken

2979 1738 2045 163 redden hun selven. ick hoepe datter ue

2949 1862 2164 164 allenshens door sal geraeken en t wijfele niet

2966 1977 2087 210 oft ue heeft goeden roet et hulpe blijve

2968 2123 644 135 van herten

2922 2228 2099 193 prusselle la veufve Rousseau 27 julle £1713

3021 2354 2120 148 jeme refere a ma derniere du 18 du court pr la

3029 2414 2142 191 quille je vs ay donne as vis de ma traitte deƒ 756:14

3031 2517 2123 180 cout en faveur le J:B: an thone fausant de fange

3014 2628 2129 160 £108::2 come je vs ay credite ce jour doy jay enco

3030 2703 2075 172 here a veuu payable a l'ordre mons hle

3043 2837 2119 161 brouug en argene court ƒ539:3½ en ament de chande

3031 2905 2120 171 £77:½:6 voysy incluse ex trait de faauttes es partie

3036 2982 2128 189 7 compres mes 2 traittes sus dittes je trouve

3049 3073 2098 194 bon £522:6:11 jespere que le trouverez d'accord

3046 3163 2109 195 ca qui je vs prre d'avoir la boute me marquer

3039 3259 2115 159 et de vouloir procurer le paijement de 2 reme

3047 3343 2063 155 ses ay incluses scavoir de £500::: ser gras t

3052 3423 2107 157 rima et £100 sie le r Joseph ververs en semble

3054 3523 2075 137 £600 et merrditer sper compte nouveau

3052 3622 1573 176 vy m'obligene que sis de m
