4938 3929
162 70 989 127 Brusselle princois vanden sheck

1562 79 547 121 7 Jannuery 1714

347 129 2100 151 ue brief van 19 sber laest vinden noch te becentworde  eynde

341 248 2100 77 daer op segge dat ick de 2 weder gesondene casseyen ende

341 306 2075 81 rooden baye op ue nich hebbe af geschreven vindende het

288 389 2092 110 de moeyte niet weert dat daer soo veel over en weder te

311 472 2130 102 schrijven de vrappers sijn altijts icts beschaedit ende als

313 532 2155 119 men een pack in cop dan coop men soo wel de vagper

323 612 2100 112 als d'andere goedern  is een oet gebuyck enden

359 695 2103 133 ock in issey nogt anders gepratiseert ende over selven

361 785 2088 119 en moete ue niet sehg dat i ue geen lever baer goit

349 870 2072 93 vercocht en hebbe te tijde sullen door godts patie

358 951 2072 123 verhanderen en beteren van nu af slaen de goederen ul

354 998 2068 132 op ende dat alleen op de appasentie van vreden wat

361 1109 2001 134 salt dan wesen als den vreden eens sal voorts gaen ten

337 1148 2103 154 minsten en salmen soo difficiel aen malanderen niet

353 1263 1998 113 wesen want op sulcken voet is het omoelck ne

337 1324 1976 150 gotderen ick hoepe dat men te saemen met het ge

338 1399 1929 144 passeerde jaer het gepasseerde sullen voorbijgaen

353 1487 1953 134 ende met het nieuwe niet heeuwe couragie en de

369 1582 2018 118 advantatie hewattn dat ue godt geven met veele

355 1624 2004 143 volgende tot contendement en saligheyt eijnde albot

369 1719 1989 147 tot ue dens to hebbe seer schoen soortement van alder

391 1793 2014 179 ende goederen aende kant doordien mij daer op wat

402 1884 1996 162 voossien heeft in gevalle de occasie voor comnende

406 1999 2006 119 ue iets noodigh heeft comt mij maer besoecken af ge

384 2061 1971 142 lief mij maer te ordonneren gebruycke de vrijheyt

413 2171 1951 113 van op ue £50 te trecken aen d'ordre dhir peeter

415 2247 1940 155 van goek te betaele den brief ue voor commende

420 2354 1969 128 geleft den selven maer te verheeren ende naer con

375 2406 1187 150 dieaele groetenisse soo blijve

1469 2475 521 140 8 Junuurij 1712

186 2470 1019 141 hetenisse vincent verpoorten

473 2541 1987 151 gelijck het lant dat ue in packte heeft an mijn vaederistert

466 2656 2003 91 huyse mij ten deele gevalle ende sbevinden ue wat te viele

483 2717 1976 97 ten cechteren blijft soo coeme p desen ue versoecken van

493 2796 1897 147 over te coemen ende mij gelt te brengen te meer omdat

478 2868 1968 119 het onredelijck is dat ick noch gelt van huys soude moe

487 2950 1987 146 ten draegen om de geschoeten te betaelen ick sal ue dan

482 3055 917 123 sonder faute verwachten

1605 3117 412 143 8 Junaiany

193 3137 1088 150 Leuven Basthblomeus Corthout

455 3184 1918 172 ue aengenaeme van 29 seber hebbe wel ontfange als oock

425 3305 1958 125 op gisteren van den boeden wijns de rementloneerde ƒ150

400 3358 1984 154 wissels op riet in gevolge mijne quittantie den boede duer

409 3473 1980 135 van mede gegeven ick ben besigh met mijne boecter bij

434 3522 1922 147 te schrijven ende sal ue soo haest moogelijck reck cours

415 3598 1951 145 genden ick twensche aen ue van herte ende gheel dea

429 3702 1998 102 millie het gelck saligh nieuwe jaer wat beeter magh

215 3764 222 99 m

481 3801 138 63 ucht

2520 114 2241 66 gaen in negotie als bijde voorgaende waer toe mijn

2607 150 2172 135 diinst offere ende mij selve recommanderen als ue

2633 230 2202 134 eenighs goet magh noodigh hebbe ick hebbe seer schn

2633 306 2178 138 sortinkent endet goeden coop goederen soo din vreden

2643 384 2200 160 voort gaet gelijck de apperentie vermeedert soo sulle

2663 501 2147 116 de goedren op staen doch en sal niet naer laeten

2646 576 2183 97 alle occasien ue goeden coop en ue veel te bedie

2653 642 2128 155 nen biddende my niet en gelieft voor biy te gaen

2646 740 589 151 en soo blijve

3865 784 706 157 8 Juneuy 1712

2508 819 1034 166 Leiever ndreaen Everaerts

2681 879 2136 140 Ick hebbe ue aengenaeme van 23 geber laest wel ontfange

2688 975 2166 126 alhoewel ue gest nu niet die ien en can in het wit laecte

2663 1038 2147 119 daer ue mij naer vracght soo ist mij al evenwel aenge

2658 1129 2169 122 naem dat ue op my peyst ick wensche ue nevens ue ta

2661 1247 2158 105 millie allen segen en voors poet in dit begonnen nieuwe

2638 1290 2148 153 jaer met veele volgende tot contentement en saligheyt

2655 1376 2114 114 ende ick verhoee dat ick met toecoemende wat meer

2627 1458 2148 167 faveur bij ue sal vinden als bijde voorgaende iaeren te

2615 1546 2196 144 meer soo het debiet vermeerdert met den aenstaende vreden

2625 1659 2213 135 waer toe ue noch eens van herten mijnen daenst presen

2640 1768 2101 86 teeren ende mij selve recommandeeren ick hebbe soo

2627 1796 2172 142 schoon gerief als iemant in ghel antwerpen ende ue

2642 1892 2175 126 weet wel dat wij soo oude eennisse sijn ende dat ick al

2638 2018 2109 97 doen can dat een ander doet waer aen nogt en sale

2655 2057 2161 173 manckeren inge valle ue mij sijn calandisie gelieve

2659 2161 839 136 te sonnen soo blijve

3778 2203 655 174 3January 1712

2527 2244 859 159 Leuven Louis Crombecls

2679 2321 2115 171 den voeden wijns heeft bij mij eens een blouw quaert laecken

2665 2425 2122 159 gecocht dat den boeden ianssens mij seght aen ue gelevert te

2672 2503 2136 144 hebben wie mij het selfde nu oock heeft betaelt in gevolge

2662 2600 2087 169 quittantie hen daer van mede gegeven en hebbe noyt het

2671 2671 2098 184 geluck gehadt met ue te negitieren efte inkennisse te

2648 2750 2183 138 wesen oversulckxx neme de libertijt ue p desen mijnen dinst

2652 2822 2168 162 te presenteren bij voor vallen de occasien ick hebbe soo schoon

2687 2915 2093 187 gernief van alle soorten van engelsche manufacturen als in

2666 2995 2098 169 het lant tervinden is ende ick veseckere ue dat ick ue

2672 3066 2145 162 civiel en goeden coop sal bedieren gelieft eens de prevete

2665 3148 2156 140 nemen wensche ue het saligh nieewe jaer met veele volgende

2683 3274 490 107 en soo blijve

3792 3277 590 120 8 Jauuiy 1712

2534 3306 889 153 Leuve Jan wed: Jan lives

2707 3329 2087 182 den boeden janssens heeft mij heden betaelt het partijcken

2691 3421 2067 176 van 6 novhber laest aen te ue dochter vercocht van ƒ 299:13

2698 3497 2074 128 in gevlge mijne quittantie hem medegegeven ben ue dan

2687 3571 2140 135 baer van ue soo goede en contante betaelinge ende verhoepe

2684 3661 2116 96 dat ue van mijn goet content is ick bidde maeck het wederom een

2685 3699 2113 111 neffen ick hebben seer sckoon geiet van alderande goeer en ick sal noyt

2689 3718 2152 116 naer laeten ue goeden coop te bedienen die ue nevent ue famillie van hertevens he

2664 3800 1509 68 het geluese salihnieure iaer met veele volgende blijvee
