5632 3901
640 58 1691 185 Lechelin Trancois Bosselaer 4 may

767 174 2040 126 ue aengenaeme van 21 april wel ontfange

745 224 2082 141 mee iene assiguatie op Dhr Jacomo de pretvan

768 312 2085 156 50 pata cous maeckende £20 wes: waer voor ue

792 410 2072 146 bedancke hebbe het selve ontfange ende ue voore

799 507 2053 206 geendarert met de teest daege en hebbe het selve

763 615 2054 187 uiiteerder connen ontfange weleke redere

787 719 2059 160 is ue niet eerder geadviseert bien dat ue n

763 799 2095 226 sinden weder staet over te coemen wenst

785 900 2029 177 maer soo uel faveur te hebbe dat ue mij

784 999 2052 229 geliefde don pennchte sonen ick hebb

817 1123 2031 178 piiniers sortiment van alles ende ick en tuy

762 1228 2092 197 tele niet oft het gene ick het gelieet hebbe

795 1338 2007 212 ue te vercoope dat laete ick ue goeden

781 1457 2057 185 coop als ue demant bedient ofteeeen be

810 1555 1971 171 dienen ende daer om versoecke dat ick

785 1664 2049 155 wat meerder in redie bij ue mach hebbe ick sal

809 1781 2040 155 aller doen wat mogelijck is am ue coortente met

827 1857 2031 167 te geven ende goeden coop te bedienen die bliijve

1867 1983 330 149 5 meij

650 1963 983 163 Brusselle de wed: daberns

778 2071 2078 209 Ick hebbe met drogfheyt ende pernlexcteyt ontfan

770 2174 2095 193 ge ue brief van gisteren waer bij in mij commeni

784 2257 2083 215 eeert het aijffenen van ue soor het is m seergee

799 2383 2021 187 voelijck ende voor ue vertrouwe dat godt ue sal

782 2462 2095 211 sterckte geven ende vertrocken want hijen oas ty

797 2581 2066 169 nietment sonder salvinge ende vertroostinge het

775 2693 2095 186 is bayten twijfel dat ue dien slagh tot de extremi

800 2766 2038 209 tuyt gebrocht heeft doch verhope dat den goeden

808 2870 2043 180 godt ue sal spaenen ende tot de uesullenge bren

812 2975 2029 195 ge ende dae ick can oft magh en sal nmet naer

822 3074 2016 211 laeten uyt goeder herte allen dienst moogly

786 3165 2059 180 te doen waer op ue sich magh verlaeten ick bid

815 3270 2062 188 den den heere hijde sick ue sam bericher tiet

802 3379 2057 157 huyf wesen ende ue troosten op ontfanck hebbe

794 3483 2015 155 jouff de voed: de meester aenstonts gaen venden

777 3574 2090 150 endt ue brief quaen  est ten tijde ossij heeft aen haert

774 3670 2105 167 soon uyt ue naem selfs geschreven ende ue commis

2914 15 2246 144 oedraest maer soo ick can af mete sal sue te laet ue

2942 85 2217 197 en en vreede de so pijpen bronde wijn sullen af

2955 216 2179 160 gelaeden wesen soo niet heeft sij uyt u naemigse

2965 298 2205 167 ardonneert die aldaer te vercopen verwachtende

2960 425 2150 172 ue herftellinge in gesontheyt te vernemen wat

2939 520 2212 186 voorders van ue dienst can voor vallen soo blijve

4404 590 365 170 6 mey

2896 623 1160 155 Brusselle  Rousseau

2957 711 2192 203 Jay bien receu la chere vre de 28 du passe p la

2983 812 2171 167 quille jayvece q feriez honneur a matraitte de

2977 866 2119 246 £7217:2 en faveur de mons Pedro Baeet

3019 945 2145 205 incluse remise de £704 de change pay blu s du

2994 1078 2156 187 court il vs plaise de s faire procurer le neccasae

2993 1141 2162 205 re et estoirt recceur de m'en crediter en compt

2970 1247 2155 215 n p hasard a risente de lettre sus anvers

2996 1367 2160 209 vs me feriez plaisir a me remetre  il

2993 1439 2159 222 a pas moiin de tiver moins  raent

2924 1555 2246 253 deporte je vs salue et toutte la famille is perticu

3014 1658 2155 237 liement mons vre fils francois jespore que lace

3021 1767 2116 200 ra bien recce ma lettre du piennies descourt

3018 1869 2148 231 et quil aura la donre a m'advis er sonre

3009 1985 2153 232 tour p amsterdam et qui me manque ra pas

2997 2163 828 133 a me bener voir

2914 2216 2165 243 Dermonde ierre de Baudt Ady 6 mey 171

2991 2370 2065 193 sende wheden p Beurtschip voor dermonde

2996 2559 2148 117 een clsyn Rolleken gemerckt AL pr ordre ende voir

2981 2659 1938 146 reken van mons Andre Lison tothfth

2958 2752 2055 156 gelieft soo veel goetheydt te hebben het sj s

2955 2890 2196 118 waegens oft p boede hem het selfde cito moogelijck

3002 2962 2133 168 toe te soenden het welck verwaghtende blijve

4314 3095 585 175 7 meij 1713

2893 3091 728 191 Brussel P. segers

2990 3222 2137 157 tot antwoort op ue aengenaeme van 4 deser hebbe

2978 3343 2170 148 het goet gisterten opgepackt in een paxke gemerckt

2976 3440 2177 161 ens ingevolge ue ordre schep gedaen ende ue toegesonden

2976 3581 2151 109 hebbe het grijs laeken daer tot 44 st bij gedaen het

3002 3636 2093 144 en coemt op dat quaert niet aen mits dat ick e

3008 3724 2086 125 alle de lackens tot dest ouder jongs vercoght hebbe
