5409 3889
438 82 2234 106 terois de ut mon cour la pauvoir auprenter et en treten

451 115 2225 167 la aison est la et uy q la de bete ny est pas il nanque

456 199 2151 150 tous jours de l'assortiment dans enboutique sil vs q me

476 293 2111 139 plaist m'honorer de vos commendement et me caqe

476 393 2197 156 de quelq commission c q je vs dervira si bnon

459 455 2205 153 ve absence & sen vre presince estant tourne dem assorti

467 550 2163 148 mert general de tearte de manufacture dens

483 642 2180 145 terie et de draps noir bleu et es carla de nre fulbre

473 717 2103 202 q vs n'en cassiay veu prriel de vre vi ser

504 821 2120 162 commande en vos bannes grace z priant tres hoeible

487 901 2126 188 mert en misme temps a me vouloor tairtg re

484 1040 597 148 mise et sii

1725 1079 408 139 30 sber

399 1144 715 157 Mons J3: maille

506 1143 2084 225 je re me rouvienne plus de vs avoir eserit ou d'a

494 1280 2112 161 vour u auruine de che vre il me demble que

494 1338 2170 190 beuxtout a fait il est vray le temps est pauvre et peu

494 1437 2171 160 de debite mais i saut tarher d'entrck nis le comme

512 1534 2014 179 dans l'es peranie quil vra u jour mient et qre

508 1634 2110 136 sommes a la fin de la guerre uun autre ordrnne de

486 1740 2108 130 temps en temps encorquely chose mais vs gie fait

492 1798 2138 157 rien du tout la sais in va venir et au moins il vs fau

484 1889 2178 186 din quelq petis assartiment faittez moy le plaisere

496 2016 2146 118 mi l'ordenner et vs serez tris biere servir coyez quil

506 2069 2109 178 es a de profit a fair car les manufactu rer enche

473 2187 2233 149 ressent et encheirons bien d'avantage si la pais voir

507 2259 2071 133 ne dont n en  pl p lag de dieuu jay tres

507 2364 2132 139 belle marchandise de toutte sorte de manefacture

529 2444 2153 153 d'angleterre de mesme  des drap noirs et bleu et dex

516 2534 2167 149 da dammisije vs plus sevi a tres est prix et a

512 2621 2147 160 tres bon mache ayant eu mon assortiment en tengy

519 2692 2176 189 et a tres bon marche attendant l'honneur de vos com

543 2763 913 151 mendements ge nue dat

1818 2858 381 108 3 sber

482 2860 1102 138 tournay la veufve brouta

500 2950 2172 162 jay biun reces la tres chere vre du 22 du cout avec y reu

517 3045 2171 160 las portant en semblie ƒ457:10 agent cout p dit ƒ 457:10

517 3137 2157 136 une sur brusselles payable le 28 d'octobre rochain de ƒ 300

514 3213 2162 147 sus paul stock et une sur gellis de lelle aussj daps brusselles

524 3287 2189 161 de ƒ38:10 payable le 17 doctobre en son temps je tache

533 3378 2083 145 de les negotier et d'en procurer le payement et estant

536 3454 2119 158 payee ji vs feray bien la valeur en compte mais touchent

522 3562 2169 143 vre vr troiseeme remise sur mons meremans a malenes

528 3633 2164 166 qui est escheue dapuis le 8 daoust dernier de ƒ74 prpis

537 3701 2109 133 cout a recevoir avec  2¼ en hardi ie ne paius ien

2813 52 2303 125 faire n'aucun mes iser se voudroit charger de celu tellement

2852 133 2246 159 suis oblige de vs la renvoyeer ay incluse ae pray

2840 218 2268 134 attendant l' honneur de vos commen dement comeme

2856 287 2251 136 quant il sera un peu plus tarde cy  vs debiterez biende

2866 355 2239 173 ces bayes dont je vs ay esont et q us n'aurez plus de vre re

2839 464 2256 160 ln marchandise d'angleterre au prix us le pouvce

2849 561 2262 145 avoir asteur can tout en cherce de plus en plus

2892 682 2223 170 si vs voulez sivre mon conseil faittez quil

2882 785 2188 189 que provision vs m'en aurez de l'obligatio n

2854 923 2242 200 p apres. la paix est immancable par la

2853 1088 2249 202 grace de Dieu pr les des pos it ion ont

2834 1257 2253 189 l'on n'en peu juger autremint elle

2823 1390 2205 191 viendra tout d'un coup jeuis avec

2870 1527 745 176 tout assection

2751 1697 997 179 Loeven de wed. Jlevis

4239 1752 846 140 dy 30 sber 1712

2879 1819 2168 207 Ick en weete niet wat bootschat den boede anttens

2892 1931 2187 182 ue magh gedaen hebben. hij heeft nu tot weemael

2876 2054 2203 163 by mj geweest ende gesonden mij presenteerende

2897 2135 2171 130 uyt ue naem ƒ25: ick hebbe neem doen segghen

2845 2249 2233 128 dat ick ue volle satisfactie sal geven ende met ue

2869 2329 2140 195 selfs dat different dren de eerste occasie

2869 2422 2183 170 dat ue sal o vercoemen daer niet aen een rijnele

2862 2517 2140 186 oft salint cort wesen soo dat ue pr dese bidde

2859 2649 2208 142 gerust te wesen: ue andermaelt als p. mij ne

2889 2715 2195 189 voorgaenden brief mijnen dienst present eerende

2779 2784 68 125 4o

2906 2811 475 131 blijve

2827 2906 1151 150 London Livinus de dorpere

4326 2942 461 108 1 sber 1712

2842 3001 2237 152 ue 2 aengenaeme van 2 een 9 passato hebbe om selve

2839 3084 2221 136 tijt ontfange naer dat ue mij sedert in gulio niet hadde

2846 3150 2181 142 geschriven soo sent ue my facture en connossement

2840 3257 2220 143 van 60 colchester bayen gepackt in 2 packen en f

2865 3315 2218 156 geschept via rotterdam seven daegen naer datum ma

2829 3410 2263 153 ue groote rodomon tades dat ue in disbourse is en comt

3745 3466 48 51 2

2838 3490 2214 123 op mij te trecken op sos tot een eacessive wissel van

2825 3556 2254 131 1834:1 dat is sijn vrinde intrest niet waernemen ordre

4009 3625 88 69 t

2827 3640 2199 80 hebben van in de maent mey in coop naer meenege

2826 3734 2269 111 vuldigh stilwijgen 3 maerden naer dat um in comen
