5448 3889
536 41 2209 122 en waere voor ue in gecomen sijnie sal e  „8:3:

541 140 2096 109 ingesloeten remitteere ue op J: Jansens op sicht £100 o

523 181 2186 168 eanBate alecis sijn acceptati £33:6:8 a p J aph ververs

541 280 2193 133 op sicht £43:ƒ:4 waer voor het noodish gelief te besorge

549 372 2159 157 ende nij te exditeren het sal mij aengenaem wesen e

567 471 2181 135 ue mij op tijt met avance can remitteeren tot dato hede

565 568 2171 137 van densdoen geen antwoort becoemen ick bidde ue noch

568 620 2120 183 mael soo veel cortheyt te hebben van hem een doen

596 716 2125 182 af te vraegen oft hij inwoort wilt pristeeren seo el

580 815 2053 225 hij mij geschreten en beloef heeft van iuts a prect te

575 912 2148 196 betaelen oft niet en ue sa mij verobligeerendie blijve

1816 1029 520 147 21 gber 1712

468 1039 1150 185 Brusselle Jonffrouw anssens

568 1136 2132 200 M nioclas vanden bergen van halle schrijft mij ue ge

552 1232 2148 203 sonder te hebben ƒ600 wis: voor mij ende dat ick op ue

574 1343 2148 196 voor hem soude trecken soo als ick heden gedaen hebbe

593 1432 2061 202 in brief op secht te betaelen aen d'ordre Dh perter

614 1517 2096 178 van hock die alsoo conform gelieft te verheren ende

640 1642 2060 157 in alle occasien te commandeeren die blijve naerte

645 1768 676 140 tusicke op oeknisse

1823 1751 544 190 21 gber 1712

415 1878 870 178 Brusselle t: de pauw

623 1895 2117 224 saderda hebbe ue p beurtschip geaddreseert een pack

618 2011 2035 220 geminkt t8 p ordre en voore  van d'anthoer

626 2108 2106 151 d'aoust tot bergen ick en twiffele nietoft het selve wwit

629 2199 2109 175 heden a costij geloft ick bidde soo veel goetheyt te hebben

647 2305 2067 153 van te soogen dat het met de eerste occasie en soo haest

631 2392 2074 198 moegeljc magh voorts gesonden worden want dister

630 2495 2090 198 DHoust is daer seer bij gepissseert ende verlige blijve

1875 2609 330 118 21 gber

448 2594 818 185 halle N vanden brgen

637 2669 2091 174 ue aengenaeme van 10 court hebbe wel ontfange het is

610 2801 2130 143 mi aengenaem te sien dat ue beyde noch wel te passeriyt

619 2871 2102 131 en oock e ue dochter ick wensche ue de continnatie niet

594 2967 2124 156 Goddt patie voor lange jaeren i e hebbe niet der

609 3053 2103 185 ven schrijven wel wet ende dat ue niet en soude heb

622 3162 2097 126 ben nier gecoemen door de groote de solatie ende ne

627 3282 2065 100 mens die de legens dit jaer hebben bij gebrockt ick

609 3341 2128 180 hoepe dat het de laeste cam pasue sal geweest hebben

606 3442 2115 187 eyndelijck den generaelen vorden ende lanck gewenste

604 3537 2134 161 vreden verlienen op dat de landen is reste mooen

617 3636 2071 158 geraecken ende te negotie floreeren ende tegens het voor

577 3750 2100 95 jaer soo veel te meerder partye moght coopen waer

2860 70 2230 101 ue mijn diest presenteeren ick in hebben mijn leven

2892 159 2211 146 geen schoonder goederen bj mij gehadt als tegen voorde s

2900 233 2219 147 ende alles noch seer goeden cop maer soo haest derwed

2913 345 2172 132 getreffen is sal alles opslaen en in enselant durder

2929 406 2170 146 worden ick sal een stuck camme skens boy sod a ue

2776 513 2330 149 ue mij ardonneert appaert houden doch gelieft dat ick

2912 632 2198 133 ue het afsenden oft noch iets dat ue soude mooen ma

2922 727 2180 136 jaeren gelieft maer een lefcken te schrijven ense

2934 835 2177 129 altijt prompt bedient wesen de £100 vlaems die ue mij

2942 938 2157 132 ordanneert hebbe voor ue reck op Je Jansens tot breesee

2904 1023 2184 173 heden getrocken ben ue van sten verobligeert ende

2881 1153 2177 161 naer minsaeme groetenisse soo als mede mijn huyf

2910 1228 1008 172 vrouwe is doende blijve

4222 1339 593 154 2½ gber 1712

2808 1306 703 198 Mons J:B desmarcz

2876 1434 2207 162 J'espere q ma lettre du 7 du court vs sera parvine ne

2852 1525 2255 166 son temps en suitte jay fait partir hier la marchendise

2862 1619 2255 141 q m 'avez ordonné pr la barque pr breessals a leedresse

2866 1699 2232 165 de s honrij de lauw a la faiste d'or au marche

2864 1801 2215 171 dans un baltot marque 1p5 pies bien condirionce en

2876 1902 2224 157 eseruve ce pardhy au  de pauis su dit afin quil en

2846 2007 2259 165 en soing et quil fusse perter le ballot pr mors ceto pa

2868 2101 2241 141 sable mais come sal ee qui lest in peis ne

2855 2203 2178 164 aligent je vs prie d'en parler a quily charies afin

2859 2273 2201 164 aelles prendre le ballot il sera dismain pr la grace

2845 2378 2226 159 de Deeu a briex les et je ne du pas q'ue le recever

2865 2481 2235 165 been en son temps yay joint 2 finnes bayes come j'en

2856 2608 2205 144 ay vendue beaucoup a mons une de  40 et une deƒ30

2874 2665 2217 180 et ene carisce coleiere brienne pr enveloope jes pere

2852 2758 2158 167 q vs onferez en ferez content en voyey la facture

2842 2865 2276 174 portant en argent de change ƒ 371 p quelle some il

2852 3009 2236 127 plaise pae crediter et me commander en taute

2848 3073 2231 171 quils'offre pr vre service vs asseurant q j'auray soing

2863 3157 2170 201 entaittes occasions pr vs bien servir et a jest prix etq

2851 3244 2233 191 te tacheray d'intretenir et augmenter la connouvan

2849 3362 2203 155 ce jespere quils gaura plus ce faire pr lvenirese

2864 3488 2146 112 dieu ns donne la paix dont personne n'en daute

2841 3568 519 146 et suis
