5513 3887
592 49 2193 107 daer sal ick ue tot ue den ouder prijs noch van bedienen me

607 129 2154 142 alle die nu dagelijck x coemen differeene saer veel gelijck

635 209 2114 137 ue sal ondervinden ick en geloove niet dat iemant de

616 320 2048 182 engeloche mancs factiure sijn leven meer soo goeden

627 395 2080 172 coop sien sal gelijck die nu eenige jaeren geweest

624 497 2100 160 hebben het weder ende het saeoen tot het verven en

633 592 2059 150 drooghen begent wederom aen te coemen voor hett

671 693 2002 199 gene dat ue van die sortimenten can noodigh

654 783 2099 178 hebben sal ick ue nu mede connen besorgen en

697 872 2016 196 dienen en soo blijve naer cordiaele groetenisse

686 969 2060 251 nevens mijn huysvrou aen ue st ue bemende en

1953 1166 493 170 16 februe

673 1134 388 176 dochter

489 1191 959 227 Brusselle J: Beckmans

624 1293 2103 204 Ick hebbe ue aengenaeme van 12 court wel ontfange

668 1415 2097 146 maer tot mijn grooteverwonderinge ge chtr

664 1481 2042 175 wesens het camosn laenen wat aen gaet de maite

670 1589 1973 164 patientie laet het dan ƒ 53 te betaelen wesen

704 1669 1988 169 maer noopende de refactie die ue vraght a

686 1771 2032 168 p elle en wete niet terverant worden ick hebbe

692 1880 2053 143 soo veel laeckens vanien vrent venoct meen

710 1960 2067 197 mijn leven dien aengaende geene clachten gehadd

729 2060 1990 179 oock moete ick ue asseureren dat ick geen betee

691 2162 2094 200 qualityt mijn leven gesien en hebbe maer naer gedrae

700 2260 2049 201 gen goet en doet noot sijn in eerter deseght dat het

681 2348 2088 180 niet geweest en waere omdat ue de neck met dien

673 2456 2038 136 vrint sochte te advestee en cue en soude dat tot dien

695 2585 2013 156 puys niet gehadt hebben want in consdientie is het

663 2676 2088 179 met deser oplagh meer weert ick en ben maer com

695 2774 2043 123 missiners ende en hebbe geen maght een anders

685 2866 2018 163 goet weght te geven ende daer wille godt mij van

693 2961 2057 184 bewaeten doet soo veel schrijft hem belfs adroctuur

712 3076 2046 176 ende sent hem die affestatn want hjen selt van my

711 3198 2004 130 niet een nemen nochte gehorve het en can mij niet

686 3256 2007 165 sillen al hadde e het lecken voor 18 p

691 3349 2046 151 maer de weerde moet mij coemen ick en twijffele

689 3441 2066 137 niet oft ue heeft het spaens laeken 3 deser gesonden

692 3531 2069 158 p boede oock ontfange ick benverwondert dat ue

717 3635 2030 134 mij daer van geenementie en naeckt valter met

678 3725 2099 93 den aenstaende vosten iets van ue dienst voor gelieft

2886 0 2268 180 j maerdern  mene

2908 71 2233 220 cnsien el van goeven cobp tete te bedienen die

2894 195 1064 180 blijve naer groetenide

4185 275 926 222 Ady 17 februarii 1713

2836 298 1062 180 Brussel Peeter van Joch

2943 439 2124 181 sien bij ue aengenaeme 13 deser dat Dousedan ue

2961 530 2076 168 voor mijne reken heeft betaelt ƒ45:- courant gelde

2940 696 2063 100 hebbe ue daer voerens gedebiteert aengaende s

2953 768 2133 181 haeghens en brogeer gelieft die assighane het sijnen

2945 913 2142 138 tijde dan in te voorderen ingesloeten op de wedue

2965 975 2110 171 mollemans morgen te betaelen ƒ 213:13 wisselglde

2958 1082 2170 197 als ƒ150 op guilliams sas m assignatie ingvalle

2965 1192 2150 172 ue occasie voorquaeme van eenige brieven op

2944 1340 2077 137 tijdt van sansfaetie ue soude my plaiser doen

2941 1398 2024 193 hebbe £600:- tegens 3 meert vallende op

2924 1553 2125 128 Brussel: met gelegenheydt wentte wel ue de

2947 1628 2130 178 goetheydt blidde mij een rekeninge courantte

2907 1749 2116 120 senden om saemen eens te connen sluyten

2905 1841 1962 138 en naer cordiaele groetenisse soo blijve

4414 1953 486 145 18 Jebruer

2830 1932 1039 196 Brusselle Peeter van Pock

2900 2042 2184 174 refere mij aen prijien van giisteren met remise op

2913 2165 2218 120 de wed: mollemans ƒ 213:13 wiss en assigneatie op guilliare

2918 2227 2209 142 tsas van ƒ150 desen alleen tot ale advis van  300 wil

2905 2321 2187 197 die recken op sich aen d'ordre Dh goneliph vande

2913 2420 2191 168 sande mijn vrent om die te accomoderen en blijve

2888 2545 449 138 in Reeste

4203 2518 442 188 18 february

2851 2621 656 146 Mons :B: masson

2893 2657 2169 207 pr reponce a la chere vre du 12 du court je suis les de

2903 2806 2173 107 voir tant des lettres sur un et le mese suyet il est

2906 2879 2211 133 pray qui je vs ay envoyee les 2 draps noirs dont me faitted

2926 2940 2203 180 mention a condition qu encas quilsne vs deue

2895 3058 2218 151 pas que jen desposeray tellement quil n'est pas ne

2910 3163 2139 152 essaire de me les renvoyeer s2 vs ne les souhaittes

2891 3248 2181 170 pas asant vre reponce je ns d'ordonnera oule

2919 3346 2222 169 livier et j'en de charcheray vre compte je vsses vendrad

2915 3430 2172 134 tut ce que je vs ay envoyee depuis la mort de madi

2915 3527 2138 119 vre mere a en prix q'un autre m en a payce

2892 3599 2150 152 bien d'avantage et voyant quil y a poit moy en

2913 3702 2113 95 pr vs pouvoir donner du contintement il me

4003 3773 216 81 n sela

4332 3772 669 77 de vs addriss en
