4953 3938
1682 85 805 119 adj 12 meert 172

325 89 804 182 brussel peeter vangoeh

440 167 2006 150 tt seven en tmynteste passat paes aen 65 mijnen laesten met

445 272 2038 150 tiree mijne assignatie iaen bs ordre als £50 op d'heer sep

466 314 2023 144 vlivert en poaden bjt entwijntigh op guilliamt sas ender alweel

454 374 2042 175 fhedeer ben sonder van, ul aengenaemen, soo en twijffelle oock

439 459 1993 152 niet oft is ue swel behandieh, ende de alignatien voldaen

443 535 2035 158 het is mij leet ƒ5 rederom alhier is gesreert sonder dat eer

442 603 1944 178 hebbe moogen hebbe n 20: ta spreken ingesloeten terie

447 656 2035 180 briefkens als bier hondert wissel gelde op pr Joannes beckmans

442 763 2031 147 acht deser vallende ende ƒ200 op rembakt hollemans 16 deser

446 828 1982 189 naer voor gelieft het noodigh tt besorghen ende ingecoemen

460 907 2052 207 synde my voor de creditteere ende maer cardiale groettris

1972 987 548 152 adij 14 meert 1712

438 1058 413 143 tor bijve

305 1059 955 193 London iane RBoppere

450 1047 2021 236 faute van negotie en langh d'eere. niet gehadt ue tschrijven soo

441 1164 2000 210 dat beiyde van 28 febre 1711 en 15 January deser In beantwoort

449 1222 2012 206 sijn gebieve, aengaende mijn intreest, ud solberie iet voor aer

439 1287 2046 205 hel ronder dat ick soo malieurent ben soo ingevalle dan deserys

445 1351 1979 210 als ua int ontfanghen oft trecoemen van mijne crogen daer en

440 1449 1937 148 11 niemaendt hier int landt oft hebben alle satiffactie ick en

419 1517 1971 165 dencke niet oft ue heeft het mede voor un ontfangen dat

420 1574 2000 163 verwaght in antwoort te verstaen om 6e confarm in Rekt

440 1642 1987 158 t ee moogen debiteeren inde erste hombers die be mij hadde

455 1708 2008 153 ogegenen in een prijs gesteert ven 5 te resen in N 131 437 en

454 1798 1953 127 teete niet oft het 32 oeut helft crefucteert p ue brrede

467 1858 1896 144 hebbe becoemen de rek court godt gene de tijden moogen

468 1899 1990 163 veranderen en bieteeren ft teensien geens kans bin we

447 2007 2011 140 te connen vergraeten ick remitteere be ingesloeten s£100

455 2056 1985 195 provisioneelijck van 23 fch: tsos op fr John Lanbert waer voor

441 2140 2063 165 het noodigh gelieve te besarghen en mij voorens te crediteeren

444 2237 1907 131 stenschende 6 wilde versorghen ende incoopen hier en

441 2301 2004 138 twinaligh pr spaensche laekens bij provisie van ƒ7 a 282

430 2362 2001 152 q niet niet exeederende ƒ510 soo als  68 het leste de teerde

435 2443 2005 158 maer advenant sijnen prijs cont becoemen aen mij helte

453 2523 1967 153 bediagen van dese 24 st sal ue maecken twee baeltiens

468 2615 1939 161 te saemen oppacken in een pack cantas en loorden om alsoo

468 2689 1833 130 de vraghten en bulosten te menageeren dogh die

441 2743 2039 210 stael brexkens te formeeren ider van 12 is soo als de bauten

467 2835 1953 188 sallen gefoortaert vallen, ick recommandeere ue sogh voor

459 2898 2001 178 de qualiteyt sorghe te draeghen op dat  ick voorhanne

490 2990 1937 191 prijsen veel magh bedienen wesen aengaende de coalenten

484 3060 1953 175 laete die aen 8e gouttie op dat u2 mij van de alderaerste

485 3169 1963 107 en nicuste soude senden gelijck tresent bser dese quartieren

486 3246 1916 132 getrocken ander gevraegh borden: brijnen ofte al te

480 3301 1899 127 slichte en desireere niet tot be goteno 13 heeft mij

484 3356 1991 129 die kmaels voor desen geschreven soen ick claeghde dat ue

480 3433 1922 121 mijne monsters volghde ende niet anders doen en conde

511 3525 1915 92 ick en sende un geene en laete alles aen ue vordeel ende

516 3578 1897 109 directie op dat ick vande alderniensse uaghh erlangen

512 3659 1985 91 anant hebbe dese laekens maer noodigh ben emjue resteerende

532 3720 1939 118 te doen passeeren het can oij voor de maese is gudt danck

2632 117 2120 125 salue niestemin met het voas jaer verhoepe een ander int cart

2642 192 2122 123 sjl volghen waer toe dese hael gllieve heerdigh te maecken

2631 243 2121 127 vidde mij den prijs vak lolcherter bayen eens te adviseeren

2659 302 1486 157 en afwaghtende soo blijve naer groetenisse

2649 364 2176 176 der eeft iss voort gegaen f 8 ½ ju de  2 9 40e ƒ 711002

4137 443 664 146 Edj 14 meert 1712

2566 511 875 157 Rotterdam Ahon vanderaerden

2632 531 2205 159 tot antwoort op ue aengenaeme van tijf en acnt fannarij en

2658 618 2174 146 10 deser hebbe de fweeslaekens in baeltien n  wel ontfangen

2648 699 2135 129 naer te betaelen voor onlosten &: 15 het is oudedelijck voor twee

2655 750 2167 136 2 en hadde die maer aen den schipper tustile te behandigh mat het

2639 812 2094 135 is oft niet gelieft mij eens aekl canst te senden sal mijnen

2644 876 2205 170 francmine  aen wijfen ende N7 sallen tot dato met godts gutre

2652 964 2181 129 adgusteeren un sien de londonsehe ende auliche bloote god darek

2649 1020 2132 160 salvo is met dito van londen hebbe geen intwert ende met die bay

2645 1082 2169 163 hulle alleen een pasxke gemeert N 26 in henrij etenighton met

2662 1154 2033 141 een enveertigh do 2 jntiens op elle aintin der lost 7 96:13:8

2667 1224 2079 178 gelieft dat baeltie cito moogelijck te lepescheeren ende met

2706 1277 2092 208 versocht kan prompts veertsgaen boor den ingesloeten op londen soo

2685 1438 254 119 My ue

3983 1479 633 132 16 meert 1712

2591 1515 640 145 ir jen de rinder

2766 1572 2024 162 ue aengenaeme van 14 court hebbe wel ontfange met

2762 1679 2069 153 een breflen op shuijck van ƒ253 court gelde dat betaelt

2763 1771 2052 95 is en waer voor ue in ret creditere versoeckende

2755 1843 1998 124 its van ue dierst voor vallonde mij d'eere aente

2799 1912 2031 150 doen van mij te coome besoecken hebte soo schoon

2797 2007 1976 138 versche goederen van alder mode couleur en

2803 2107 1924 156 prijsen als n sijn leven nh geven hebbe

2801 2218 1973 145 weest verseekert dat ick alles sal doen dat in

2838 2323 2000 153 mijn mackt is om ue goeden coop te bediene

2787 2416 1971 171 eneiviel alles over te laete en soo blijve naer

2792 2521 849 119 Cordiaele gro teniss

4216 2547 580 145 16 meert 1712

2562 2592 637 132 Mons An: d'aoust

2738 2641 2037 140 pour reponse a l'honneur de la vre du n du court de

2739 2761 2027 101 vous diraiy que le suis fourny presentement d'an

2738 2796 2075 131 tres jolie nonnelle affor timent de touttes sortes de draps

2723 2872 2066 131 Roavele couleurs a la mode de tout prix sane dreps

2738 2920 1946 151 en nord do ue preke que draps d'espeyne mais

2734 2986 1855 137 m'est impossible vous en envoier mes cartes des

2727 3039 2101 156 eschantillions a laaste que venait besoing tous les jous

2707 3127 2112 153 comme aussij que j'en ven de les cest presentement

2766 3191 2011 157 principale Jassps et hous anons dea marchands

2709 3253 2005 173 fras les jours p vre grace me beuy en voier des

2712 3339 2040 140 montres dy coulears comme vous s souhaits et me

2712 3407 2113 139 margaer ie prix joyez persaadez que je ne manmo

2691 3484 2145 156 pay pas de vous bien servir et a vre contentement

2706 3576 1114 152 et vous saluant je me dit
