5575 3906
700 49 2160 157 voor valle met brieven van daer heden becoemen

713 150 2091 160 noteertmenis posten over vlaenderen aldaer te

708 283 2180 148 manqueeren: men beginthier mede brieven voor

721 344 2184 220 Patijs tegensfaini vallende op tesoeken maer oft

739 463 2177 192 dat meer fondament sal hebben als de voorgaende

750 590 2175 185 apeculaien is onseehers ende daerom en derve

725 708 2200 200 daer niet aen coemen. het gaet present soo slim

736 829 2199 168 in wissels als in coopmanschappen nergens val

761 920 2152 178 staet op te maeken ende ick sien wel datter den

749 1053 2160 162 suite van den vrede noodighrs te sien eermen

777 1140 2123 188 met londameniets sae moogen ondernemen

779 1235 2062 210 ick ben in de londsen in Engelandt vrij wat

761 1340 2124 242 geintresseert ende daerom soude geerne nn

775 1453 2121 159 ende dan bij voorval wel wenschen ue advies

791 1566 2153 144 te hebben wat de neuswijse a costy dien aengaen

730 1680 2163 166 de van gevoelen wesen ue te remitteeren

793 1770 2015 171 vinde gants ongeraeden niettmin ue ets

826 1882 2096 161 van merckelijcke advantagie voor coemende

817 1956 2103 184 magh ue diltijdts tot £2000: & aenveerden en

810 2115 2072 188 ot my sicht it 4 aste trecken. ick hebbe iek

824 2180 2069 209 op london gedaen daer ick goede retouren

817 2278 2043 183 van verwaghte eude hadde. ick derven

841 2398 1989 224 toekaen van partye soude wel 4 prets

847 2529 2015 156 in zisos hebben gerendeert. ick sien voor

833 2620 2025 175 onse corremondentie tot nu toe wejnigh

789 2698 2118 226 voordeel Godt geve het selve van aen schyn

836 2819 2083 210 voor ue an my magh veranderen dat maer

834 2941 1088 185 en desireere sijnde

845 3043 2090 214 gelieft eens te informeeren oft Dr. Paeter geelns

840 3174 776 157 vun satisfactie is

627 3253 1429 243 Brussel Peeter van den lock

2135 3244 797 214 Adj 16 meert 1714

846 3426 2092 101 tot antwoort op ue aengenaeme van gisteren

820 3508 2069 140 moete ne segghen dat un lange geene pack

755 3594 2142 139 laekens hebbe laeten coemen omdat die soo

827 3703 2112 144 saecht vallen oversulckx en cas ue daer in wie

2977 60 2278 167 dienen aengaende de Engeliene craproeden ben daer

2985 190 2242 130 ten deele van uyt vercoght ende dat hoet moet met den

2972 248 2233 225 soemer omboeden worden verhoepe in weynigh

2985 385 2217 140 tijdt een schoon parteyken te hebben maer can ick

2989 460 2190 177 ue dienst doen met eenige nieuwe moede couleure

3001 586 2008 174 laekens ben daer van seer wel voorsien als

2997 727 2067 142 geperste en spaensche van alderhande prijsen

2983 798 2227 177 te nieunste moede vouleuren dieder te becoemen

2977 916 2242 175 wesen niet wenschende als occasie te hebben om

2975 1047 2247 161 onse begonne kennisse te moogen onderhouden

2992 1135 2141 195 ende te vermeerderen mitt het ue soo agreeert

2996 1239 2170 203 soo trecke heden het parteyken op 4 sber laest

2998 1346 2044 207 ue gelevert van ƒ 267:4 in brief opsichtte

2996 1435 2134 184 bestaelen aen d'ordre Dh Jacomo Rousseau

2996 1586 2109 160 dat conforen gelieft te verlieeren blijve van

3016 1664 485 130 herten

2958 1764 2189 223 Bruxelles Jacomo Rousseau Ady 16 meert 1714

3003 1903 2207 218 J'ay bien receu les deme cheres vosres du 8 e 13 du courant

2979 2019 2273 212 sil est bienque m'avez credite de £21:9:1 receu de made

2982 2114 2245 226 vre mere et que me crediterz en son temps des aultres

2981 2233 2231 208 remises sort qu'en auriez obdenue le payement  vre

2995 2350 2261 180 derniere dig me remette du 28 janvier a u sence et demis

2995 2442 2217 201 p 9oo de change a charge le k lheureux de nre ville

2982 2553 2228 190 payable le 21 court i'en procureray le requis en son

2986 2665 2156 162 temps volcy ma traitte sur mons. Pierre vanden

2990 2779 2220 199 Biock de vre ville a lensesme defforence vre de

3019 2883 2141 205 geersemert a veud de ƒ267:4 de change il payera

2983 2979 2213 200 promptement vous aurez la bonte m'en crediter

3013 3068 852 185 ie surs du caus

2961 3175 965 174 London &. De Dorperes

4153 3168 948 173 adj 17 mert 1716

3007 3305 2243 204 verhoppe mijnen van 10 cour. ue wel sal sijn geworden

2995 3407 2222 179 waer aen mij gedraeghe soo wegens de affaire van

2998 3501 2237 185 de wed van den brussche . die ue particulierelijck

2994 3617 2158 110 re command eerez als wegens mijne gegevene ordres

2993 3719 2162 107 tot den in coop van 43 op a enscne laekens daer bij

5147 1417 121 120 Surt

5291 2884 95 90 2 d 9

5246 3057 118 123 sen

5260 3204 101 86 e

5254 1023 102 148 &

5257 1247 108 144 d

5254 1507 118 144 l

5271 1636 87 96 l

5305 1720 50 60 l

5307 671 92 103 j
