5527 3906
1745 58 976 186 Ady 6 Apil 1713

597 63 900 212 Ghendt Jacob Bant

703 163 2181 196 eijde ue aengenaeme van 12 en 25 februar. laesn

735 287 2137 167 hebbe het synen tyde wel onfangen ende niet eerder

736 382 2050 196 beantwoort om de schaede dieder op de wisal is

742 488 2152 184 ick bidde ue den saek die ue voor mijne rekeninge van

737 620 2169 174 Doornick ontfangen heeft te openen en naertesien

752 686 2168 191 en mij eens te melden wat daeriis naer advenant

737 808 2136 208 de valuatie der spetien soo als die present a

750 896 2104 233 costy in wisselgelde cours hebben daer is bij een

757 1015 2142 187 saxke appaert voormants anders rekeninge

771 1109 2092 239 dat bidde ider appaert te laeten tellen ende

763 1230 2111 178 appaerte nourtedmy te geven en soo te laeten

729 1338 2133 242 lerussen tot dat deere van ue antwoort sal

794 1414 2091 192 becoemen hebben: ick soude geerne sieneft

792 1518 2065 191 daer biy met het verlies van de wissel soudde

786 1650 2117 191 toekoemen aen de weerde daer sij het mij voor

802 1739 2106 189 willen opdringhen dat faveur opue commo

615 1819 2282 241 diteydt verwaghtende soo blijve in reciproque

713 1948 2196 240 geu alle andere voorvallende occasien van herten

2106 2041 628 169 12 april 1714

2043 2107 50 63 1d

590 2081 1365 196 Amsterdam Francois Rousseau

771 2114 2129 252 hebbe beyde ue aengenaeme van 6 deser geselh

776 2214 2129 259 hebbe de wissel op londen a costy blijft stant nous

771 2311 2046 270 op  35:5 a 6 comten eenige veranderinge tot ad

791 2435 2109 205 vantagie mijn ordre bejft ue altijts gerecomman

779 2489 2070 252 deert soo niet moete patientie nemen ende voor

782 2566 2123 280 het gene preseert hier af geven alsoo het mij bet

793 2669 2093 270 rech tot noch toe rendeert gelijck ue mede can cor

790 2790 2080 232 sidereeren dat ue op tjtt met advantagie conde

803 2861 2076 243 remitteeren ick soude ue remtses afsenden maer

802 2960 2101 282 verlooren arbeyt en doet men niet geerne inge

793 3062 2051 242 sloeten in 2 brieven aen ue ordre geendes

788 3162 2131 266 keert banco £400:-13 deser vallende waer van

807 3272 2119 223 ue de prieme onder ue geaccepteert is hebben

807 3414 2093 187 de op mess andrissy en comp gelieft de

808 3493 2079 186 weerde in te voorderen mij te crediteeren

802 3582 2093 259 ende daer tegens op tijt te remitteeren ten

3044 60 2229 119 waere londen soo daenigh quae ue te daelen

3030 158 2145 147 dat ue mijn ordre conde &tolbrenghen ende daer by

3033 251 2204 174 beeter dan op alhier advantagie conde hebben

3057 344 2142 137 de wissel iours aen den volt deser waer naer ue

3046 468 2119 163 sich can reguleeren: ick en geloove niet datter

3062 565 2285 196 meuschen leven die alle negovie soo slechtalt presene

3055 670 2283 186 in dese quartieren gesien hebben men can syn

3093 794 2207 180 cappitael geen emplige geven om daer een redelijck

3065 883 2267 194 intrest van te maeken aengaende ue my vraeght

3062 1003 2223 143 wat opiuie men hier is hebbende noopende dat

3059 1100 2148 173 de franschen op hunne lieniten soude gaen

3083 1197 2186 216 caspeer en ende dese landen met herterlijcke

3083 1298 2117 176 troupen souden geoccupeert worden wort

3076 1405 2145 182 alhier voor speenlatie opgenoemen soo als a

3092 1513 2208 179 costy en daer en is met geen soude ment vante

3060 1603 2243 216 drscoureeren de arneulen van vrede wordit

3059 1734 2253 179 gedivulgeert ittaer dieder ue contracteer

3011 1836 2270 192 wesen gelodve gesccreteert en sulen blijven

3101 1953 1966 176 ende dat men niets en sal penetreeren

3023 2038 2256 215 dan door den iydt die het bas sal aenwijsen ende

3055 2149 2250 194 daer om envinde nmits garaed op dusdae

3006 2243 2285 216 =nighe geruchten, ets te ondernemen echter

3083 2374 2230 212 ue speculatie verneme altijts geerne want

3109 2472 2012 197 ick en traghte maer oen emploge e

3052 2602 2231 165 hebben want gelyck allex negone cadieeeren

3054 2735 2137 99 soo casuceer lonse priniispaele in wolle

3070 2792 841 150 mann fachiren

4384 2836 685 152 14 avril 1714

2957 2881 802 182 Leeds W: CCockson

3051 2975 2210 154 je m'estonne n'avoir responce a la mienne die

3040 3046 2220 150 21 mars pr la quelle je vs ay or donne d'achep

3043 3139 2234 144 ter ½ pr des draps conform les eschantillios

3039 3236 2212 140 notice die prix l'ordre pr le pacteret en

3034 3314 2257 208 voyer jespere quelle vs est bien parvenue

3041 3397 2197 213 je vs prie me repondre et me dire ce

3032 3504 2260 174 vs ivez affectiee pr prendre mes meslie

3030 3592 2237 189 a l'advenant et vs remettre la valen

3036 3707 1372 136 en attendant ie me dit
