5653 3877
746 0 1194 158 e

1879 66 908 237 Anverzee 5 sun

583 105 998 218 London John Cookson

2666 197 177 149 „ 3b8

713 197 1976 277 j'espere que ma lettre du 3 de may bour

682 359 2135 188 lera parvenue en son temps comme i'ay

731 452 2073 273 faistremise p voye fostende a mons vre

715 588 2164 260 frere d seeds et que les lettres ne sont qra

719 702 2166 196 usence ie vous envoye les secondes ay ipelus

715 825 2170 278 p la hollande afin que puissiez en procurer

688 944 2182 244 le payement mestans te anrion en cas que

714 1070 2031 212 let preieres n'arsveroient point en

740 1186 2135 230 temps ou que cette la miennes vous parvienne

734 1322 2103 220 avant celle p ossende que vous envoyer en

733 1437 2107 228 les secondes lettres pour leeds a vre piere

755 1576 2058 222 pour en a voir endersement te vous salue

723 1743 387 111 et Leaif

660 1724 2124 312 Rotterde Dionys verburgh Ady 5 ditto

791 1906 2041 203 ue aengenaeme van 2 deser wel ontfangen

756 2055 2007 143 met de oncost reken op de drij packen

766 2149 1985 201 waer van de eerste p fun bur du Roy

778 2259 1904 206 vou lillo sijn aengeetemen het pack

778 2371 1942 186 ider 18 p Jan Laen adiever worsrj soo

761 2505 1926 199 aenstonts gerapporteert dat in dessul

786 2621 1909 193 gelost e aengebrocht soude wesen

739 2727 2058 168 dat mij seer vrent voor coemt, bidde

783 2843 2056 183 daer naer te informeeren en sorghe

789 2964 2086 162 te draeghen dat het selve ten reghte coem

773 3062 2080 192 ick en can niet bedancken n wat

759 3170 2040 179 reden. als men coo ageert dan saldie

791 3287 2042 187 route. ick selve verbieden  ende dat

780 3413 2097 154 een sleght veginses alhoewet net vande

775 3516 2060 172 alderslechiyse westerthe laekens wesen

806 3564 2089 209 gelyck ick ue hebbe geschreven bij orige neer

807 3720 2063 116 tefacuire can doen blijcken soo soche evert

2924 44 2273 160 wel mijn goet te behouden want ick ue hebbe geschre

2900 137 2228 201 dat ick geene calauie en begeere blyve

2906 258 1016 197 Mons Anthoini Dhost

4166 296 549 170 7 Juny 11

3005 421 2127 161 Jay bien receu l'honneur de la vre du 5 du cout je

3042 493 2108 166 im estonne que ne me faittez aucune mentious d'avoir

3029 607 2108 92 reccu ma der pue lettre du 23 may  au regard de

3008 701 2100 92 vos asse nations et de vre couseu des marz ieero

2963 738 2244 171 ve avoir es cript arteur et a 5 fois qui je ne les ay jamar

2992 861 2189 177 voulu accepter pr mp compte mesmes  uul ay refiese

2996 974 2181 124 a vre cousn que me fit estant icy proposetion de

2987 1078 2211 162 faire employe pr toutte la valeur en marchandis

2999 1156 2194 160 outre il est certain quelles ont este pr vre

2937 1267 2211 155 de  risque jesques au dernier payement et cela

2982 1386 2225 181 je preuve p mes li vres qui je ne vs ay ren passe

2981 1532 2153 147 en compte que lors que charque payement istoit

2997 1594 2181 201 poyce et sabisfais vs en avez lu cope qui le fasse

2984 1701 2199 216 voir anvsj p le compte coudant q je vs ayt envoye

3001 1819 2151 166 car si vs me les au rrez negotie fauous esti olge

2997 1918 2177 195 en msme instant la vosfaire bon ou a vs e

2992 2031 2193 179 compter l'impsort come s aurions este

2995 2122 2147 191 a quil n'est pas mais tout contraire come je vs

2991 2233 2195 172 marqu ay des sus de plus si je les aurois pris p on

3013 2358 2189 161 compte et res que commint pour rois e vs chargee

3008 2441 2173 146 du provision devoirs ex traorderaires pr de levre

3020 2521 2098 200 e que mes amis de rotterdam et de la hae

3000 2602 2153 180 ont sorte en compte lorgg le de n paye

3005 2789 2158 98 ment et este rec vs ne pouvez ins qpane

3021 2831 2156 165 cent foistel posces s 'il seroit devant bouffale

3015 2934 2160 194 piudila ctures du monde ir l'affair ne contienne

3015 3042 2166 157 autre des peute que celle la some m'avez tousjourt

3007 3129 2136 171 escipt je seray bien  aise d'avoir f honeur de

3019 3215 2108 190 vs vous p icy jespere que ne seront quelycho

2989 3310 2194 164 pr ensemble cer il y aura pr la pax bonne debi

2995 3398 2178 137 et vs en voyere l'effit d'ebord si la moison s

2985 3478 2162 171 fait mais je suis qu pris q vs avez tar de si lonite

2988 3551 2181 174 sars me manyeez de la marchandise il sfausquel

3005 3675 2125 114 y eu lq vos e an moins a m'est pas

2990 3701 2200 126 qui vs l'a d'on ne leue pr celu je vs oft mes servi
