5545 3906
609 62 2187 152 om ue wel te bedienen hebbende van alle geriet

618 139 2322 200 dat ue soude moogen magineeren en soo blijve

1806 236 1083 211 Ady 26 meert 1714

598 240 1045 252 Ghendt  onde Saedelaer

698 378 2212 213 tot antwoort op ue aengenaeme van gisteren

668 487 2213 188 ben seer wel van draps hommes voorsien maer ue

714 597 1985 219 weet dat de goederen merckelijck in prijs

728 684 2174 252 geangmenteert wesen minder dans die den

715 784 2170 214 sijn die niet te vercoopen oock als ue die met

643 900 2266 235 den clijnen debiteert behoorde ue daer meer van

748 986 2178 234 te maeken want als ick alles considereere verbot

654 1074 2202 273 de winste in den intrest ende daer en schiet

744 1209 2139 255 voor mij niet over ick hebbe nu soo veel tijdt

741 1321 2110 196 getraght om dus oude correspondentie te onder

693 1408 2081 257 shouden niet om het profijt maer om de

762 1514 2075 287 hoepe dat het eens moghte beteeren ende

773 1648 2089 210 wenste wel dat het soo moghte gebeuren

780 1767 1977 184 vant gene ue noodigh heeft sal ue altijdes

747 1813 2077 281 fourmieren: met den postdagh op hollande

774 1950 1834 215 ben wat belet ende en sal het ue niet

807 2058 2075 230 voor overmorgen vroegh connen afsenden

789 2160 2074 220 soo dat het cvenwel woonsdagh avont met

767 2283 1906 221 Godts gratre by ue sal wesen. blijve

665 2377 2204 282 Rotterdam Joan van der heyden Ady 26 meert 714

743 2538 2001 191 Ick blen confus ue soo veele brieven schrijft en

719 2630 2179 226 moeyre neemt om het bagarelleken dat ue van

767 2739 2059 167 mij resteert ot voldoeninge van rekeninge

802 2840 1976 161 ick hebbe het den schipper Arnour de Boy

778 2963 2149 168 mondelingh doen legghen dat ick eene assignane

786 3031 2163 240 bij mandh hebbe op eenen solliciteur dn denhaght

818 3137 2063 198 sen in te voorderen, ende dat soodra alsiile

803 3239 2124 171 advies becoeme dat die sal betaelt weten dat

769 3336 2153 165 dat ick met ue sal advisteeren: wij differeren

831 3429 2095 169 in rekene soo als ue bekent is en ue voor maet

790 3585 2126 156 hebbe geschreven en ue uyt mijne mistives can

845 3670 2058 135 naer sien niettenen ick pretendeere ue met

1287 3728 1600 113 te gehoegen en a te geven

1014 3783 128 70 Rhry

864 3791 85 58 d

3009 61 2303 200 deah ingevalle ue eenigues voeder bey en bij heeft van

2987 167 2188 171 30 off 31 bidde mij eens te adviseeren tott wat

3030 258 2126 240 prijs ie die soude willen vercoopen en van van

3010 398 2256 218 qualiteydt en merchen die wesen. hebbe wel eenige

3006 482 2179 192 noodigh soude dan sien oft wj souden connen

3011 608 2367 198 denworden en oock te saemen met dat partiqti en

3017 708 1869 225 hibresteerende ue doen hebben blijve

2987 808 2273 253 Gmendt AJ Bapt De Saedelaer Ady 27 meert 1714

3028 972 2284 177 soo ul es gisteren hebbe geschreven soo hebbe desen

3040 1098 2171 195 naermiddagh het swert drap dhomme N122 a 54

3050 1200 2239 200 te vercoopen a ƒ16 pa opgepackt in een paxse

3040 1311 2276 213 gemerdkt £825: ggelevers bij den facteurt op morgen

3028 1449 2302 198 vroegh te vertrecken. verhoepe met godts gratie

3023 1560 2292 162 morgen avons bij ue wel sal arriveeren. ue gelieve

3020 1634 2208 229 daer naer te doen informeeren ingesloeten de

3019 1735 2177 181 eertifcatie dat het in laussche fabriq ue is vous

3042 1843 2105 196 gene vercoghtis bidde mij rekene te senden

3002 1953 2169 210 en met tot saiien devoir te doen om de

3025 2077 2093 166 restaerende afte setten want als ue nu de

3032 2170 2184 174 bj hebbende niet en can debiteeren tot den

3016 2254 2167 199 prij salt ue die gestelt sijn soo en sal ue de

3048 2402 2239 149 noeydt debireeren want de goederen sijn seer

3081 2492 2120 176 geangmenteert en angmenteeren daeghelij

3063 2568 2257 207 gelich ue bekent is. voort gene ue voorders noodig

3078 2671 1956 194 haelt dat ue ordre aswaghten maer ick

3066 2771 2145 195 segghe vont uyt  ue in detail debiteert dat

3094 2884 2243 206 neet moet maeken want ick en vinder

3076 3010 2251 190 nu tot den intrest van mijn geldt niet ut

3030 3117 2277 193 sg oepe het ent al beteeren verwaghte

3039 3227 2277 229 die  van ue antwoort ne vens het ingesloeten

3042 3326 2037 201 briee geaccepteert dt resour dat ue

3048 3420 2035 174 mernmandeere voor d'acceptatil te

3057 3539 1175 170 Bruwg Rettoet blijve
