5661 3880
737 43 2150 153 sennegheyt van de saecken sal alles claermaecken

771 171 2120 118 ende doen privuleeren want dhr van de adiede

777 238 2067 150 eatie soo ongedelijck niet sullen weseh van

766 360 2113 168 den coopman soo te laeten patiuileeren weers

796 426 2003 188 de commeen en hebbe maer alle goeden

793 543 2086 135 aen te slaen ende die te openen ende te ver

800 651 2085 150 len ende daer sal altijts excressentier wesen

801 726 2020 230 daerom loopt een coopman sjn rene

816 829 2052 258 op hoepe van eenen styver te winnere

805 941 2065 241 p ue tweedern adviseert ue mij het arrive

823 1043 2059 242 ment van Jones Rowlandsen met het twe

841 1168 2036 271 pack N20 dat is van inut 13½ engelsche

859 1322 2019 201 laectkenen in de wolle geverft en op de spaen

855 1431 1983 205 sche maniere gemaickt ider op 9t5 de

832 1561 2016 254 frisaerde p vrapper en betaelt niet geleift

848 1673 2021 217 die  in weerde aen te geven selfs tot ƒ 2100

876 1805 1985 216 ick en wille geene che hebbeen ende

854 1919 2004 174 daer door passeeren en afwachten hoehet

862 2035 1982 227 met het eerste sal afloopen om te ien

852 2136 2038 202 ende mij voort toecoemende naer te reguleeren

861 2274 2012 201 want ick sgge ront yt als men in soo een

880 2367 2013 260 sacken soude moeten accombeeren dat i

866 2484 2022 213 soo toth hull als tot londen ordre sal geven

878 2583 2008 205 voortaen niet meer als ovr rostende aftelae

876 2693 2015 176 den het is wonder dat robert hanter van hull

865 2798 1981 166 soo lanck comt te traineeren het pack an

878 2898 2004 246 fijn boort  N6 heeft hij van f auril mee laeder

872 2998 1959 208 ue can daer by wel oordeelen wat vraght

876 3084 1939 216 op hollant daer nu voorvalt soo dat men

857 3200 2031 208 niet en behoorde de geintentioneerde voorders

878 3314 2000 240 decoura geeren en oegh te saegen gelijck schijns

901 3416 1975 194 men met mij doen wilt het is wel waer dat

885 3546 1998 175 ick geloove detterwel eenen quaeden alem

843 3657 2015 134 londen connen overgeblaesen sijn maer dat

2937 0 2225 168 e   s0 caa

2958 138 2145 166 pressie te vinden mijn broeder Jean mechiel

2987 209 2183 181 heeft mij geseyt ue gesonden te hebbe een briefke

2982 304 2194 198 ende ondre gegeven te hebben van mij daer uyt

2990 389 2192 195 te willen goet doen ende te crediteeren voor

2983 498 1931 216 e s00 ue groetende van surten soo blijve

4551 627 319 168 July

2941 681 165 119 199

2938 650 1331 228 Amsterdam Francois Rousseau

3037 726 2116 277 ue aengenaeme van 29 past hebbe wel ontfangen

3031 917 2060 156 nevens de 2 gemelde remises op grasen blina in

3042 954 2062 233 Brussel te betaelen eene op 3 wecke dato van

4049 1079 1081 152 att 2 s pret ½ eenen

3042 1134 788 179 29 Juny voor £500-

3031 1187 2143 223 van selve dats op ust en habt van £200 - aƒ 2¼ pt

3788 1273 1395 211 sal de selve heden om acceptatie

3031 1333 573 197 af 2 ¾ nt £

3021 1404 2143 195 senden daer en can niet eenen stve overschieden

3018 1495 2134 174 aen corte breeven van brussel verlies a  rt

3017 1572 2153 212 door gaents ende dat is ue soo soo wel als aem mij te

3029 1655 2162 212 kent soo dat heb om moogelijcke is bij sulcke remise

3024 1751 2145 272 gnoegen te connen hebben te meer om dat ue nt

3001 1843 2175 215 en comt te trecken gelijck ick uss de deydelijck heb

3018 1964 2079 244 gerncommandeert terwijlent het ommogelijckis

3027 2084 2105 219 van suer prompt en op cort sicht te conneure

3024 2175 2140 217 mitteeren ick magh ue wel saggen datterwegne

3022 2270 2164 248 ghe pracckilaeren sijn oft hebbe de selve alle lant

3036 2370 2130 267 gegeven ende even wel soo eene bagatelle niet

3026 2491 2149 206 connen aentreffen of becoemen oft ue terem

3024 2579 2142 221 bourseerens de 3 ingeleyde briefkens als e den

3027 2702 2141 205 voet deser en hebbe niet willen naerlae te nechte

3047 2808 2113 193 aen te nemen selfs tot 1¼ piet om ue te doen

3035 2881 2059 252 sien wat staet hier ter borse te maecken is

3037 2988 2110 253 gerijck ue meer maels en genoeghaem hebbe ge

3021 3093 2068 218 schreven ue geleve het resteerende sichtjp

3008 3203 2136 176 lasse te trocken ende bij het toe doemende my

3016 3302 2161 179 dat faveur te doen nevens de remises ue in mij

3030 3366 2147 188 te rndeeren ander en cant niet als hagrina

3035 3488 2111 154 wesen dat ick ue niet geremitteert hebbeus u

3023 3574 2156 167 van de hooge en sflaedel k wissel ende dat

3036 3640 2116 121 de mij doorgaerts heeft geschreven van met geen

3020 3714 2037 108 breeven op uj t mij te comnen voors ien het geene
