5313 3889
396 42 1757 152 de mes services et vous saluant ie me dite

1817 135 235 131 dyuely

356 168 977 154 Rotterdam John vanderheyden

414 203 2235 165 ue aengenaeme van 13„20, 27 meij en bcourt hebbe wel ontfange aet

466 284 2182 198 tervolgens oock de 2 packe  27 en i8 waer voor ue voor de o

471 390 2146 165 hebbe remeyt gecrediteert voor ƒ79:15 doch over de gesondene

482 442 2123 189 rect court en canie niet antworde alsoo mijne boeken

479 517 2151 207 voor nu niet en hebben bij geweest ende dat me is eerste alge

491 602 2089 197 scheede om saemen tot datune as justement te maecken op

495 720 2160 157 interim evewel nemise op sicht op de Jaquis meyers van

489 784 2131 194 ƒ731:12 hollants cout waer voor het noodigh gelieft te

504 889 2144 167 besorgen ende mij voorens te crediteeren godt seo gedancst

495 956 2128 202 dat de londonsote vloete salvois hebbe daer mede differente

475 1049 2148 208 parken soo als aenden voer deser gelieft die ets mgelie

488 1127 2117 204 te depocheren de oncosten opt naccoste te mengjren

501 1223 2162 203 ende mij p differente beurtluyden aftesenden te weten p iden

505 1315 2091 219 beurt man nus meer als die uyt het zae schip te saemen

518 1383 2088 275 geloot worden om den resceste verdeelen ende de pas

518 1491 2042 252 porten te menegeren de packens uyt sames curbert

504 1602 2155 231 p een beurt man te saemen aspaert uyt d'andere sc

509 1684 2031 248 oock p andere beurt leeden want en welle allede

507 1771 2145 246 packen noet te saemen afgelaeden hebben mets de schope

499 1896 2096 223 uyt de vloete sal van voorleden donderdagh voor de

507 1949 2081 218 stadt geweest hebben soo en twijffele niet of e sal opont

509 2069 2145 237 lanck deser connen dapeiheren dat ue seer recommandere

531 2171 2074 196 want ick hebbe op de goederen differente vrinden ayt

542 2281 2113 208 pestelt die daer naer wachten oock dat het convoyop

532 2384 2131 143 oostenden dageljcka staet te anriveeren in welke gevale

544 2447 2068 223 ick soude achter wesen war ick betaele capres de hel

532 2540 2078 207 lantse transitoor rnechten om te eerder voor andere

544 2640 2023 211 mijn goet te moegen hebben soo dat ue wat ue pelcent

539 2736 2069 227 gelieft te wesen daer sijn 2 packen meer inde vloete

546 2822 2024 204 als ue mij neteert te weten  N10 en 12 gelief op ont

527 2925 2070 204 fanck deser daer naer te informeren en sonder faute

532 3012 2124 212 mij tegens woonsdagh te adviseeren ofte die 2 packe mede

524 3123 2099 191 salvouvssen die 2 staen in vrachten p connossement

535 3225 2108 171 bedongen ider pack ƒ6 en  N10 ƒ 7:10 N11 en 12 jaier

514 3308 2134 238 ƒ10 en N13 ƒ5 tot ue governe afwachte ue adves soo blijve

3560 49 669 110 In James Cetbert

2870 137 2206 142 N12 met 18½ engelsche laeckens in de wille gevirst ende

3473 216 1578 131 de 1 paertsche maniere gemaeckt ider a

4596 287 491 146 st £208:6:8

3485 292 259 112 a 45

2828 359 1867 137 N13 met 15½ witte bayen van extraordinaire

3408 410 1665 174 breede ider op C65 gereduceert s £ 61:10:2

3507 505 710 167 In John heerxland

2853 566 2211 163 N11 met 17 witte bayen op  65 gereduceert st £55:8:1

2923 660 2008 141 N 12 met 8½ witte bayen als boven op E 65 ider gendueet

3254 753 1403 127 5 witte bayen van extraordinaire breede

3262 837 1048 146 ider oock op a 65 gerediveert

3197 914 700 156 16½ p te saemen

3536 968 839 184 En samiuell taylos

2845 1078 1838 143 N10 met 15 engelsche laeckens in de welle geverft

3276 1143 1323 160 ende op de spaensche maniere gemackt

4484 1227 562 148 161:9:10

3270 1248 1059 162 geredeeert ider s op 45

3608 1369 601 112 In Cohn wenne

2882 1417 1610 160 N10 met 20¼ engelsche laeckens in de wolle

3388 1521 937 148 geverst als boven op a 45

4359 1571 672 115 t£21837:6

3404 1602 761 144 ider p geredveert

2841 1684 2231 96 vande vroppens en maecken geenemente alo die niet en moe

2855 1751 2206 118 te betaelen noente aengegeven orden loidde op  wel te

2856 1835 1487 103 menapeeren ende te diek al voor aygen

4171 1897 271 172 11 July

2812 1926 1129 161 Amsterdam rancois Rousseau

2872 1993 2181 185 ue aengenaeme van 8 court hebbe wel ontfange met remises te

2833 2120 2153 125 saemen 1 £600 in t brieven van 8 deser 2 usos op dt hen rij

2839 2177 2203 189 fiernese in londen a N32:3 £ 088 soo als ue conform hebbe ge

2852 2286 2219 121 credireert voort inflaen der brieven ende de proisie ben te vre

2858 2370 2215 109 den met de conditie soo als mijn broeder daer sijn aeis

2856 2439 2176 139 dende voorleden post a costy je nochjaerre gever aeren ende

2840 2480 2236 164 men tot gasonce cort sicht conde trecken soo dat verwondertbere

2848 2605 2176 108 tie het selfde niet gedaen en heeft niet te min verwachte tegen

2855 2695 2139 109 morgen wat sal sijn gepasseert maer ebbe liever altijt cort

2839 2739 2165 152 sicht als op tijt verhoepe dat onse comespondentie metter tut

2856 2823 2195 134 wat van consederatie sal wesen in gevalle den haere onse

2864 2922 2167 141 goede en generaele vrede gelieve te verlienen rece proque

2868 2982 2137 152 lijck mijne dinst prisentaerendi met gelegentheyt venem

2857 3078 2194 151 reerne wie het camptoir nu waer mont van Dihignatius en

2873 3142 2148 150 saile van honsen hebbe daer noch een open staende mert

2813 3226 1480 150 die geene soude sluyten blijve van nee

4221 3281 278 121 11 juuly

2803 3339 721 121 oterdam agues meyers

2841 3415 2206 109 beyde ue aengenaeme van 10 mey en 24 pasto hebbe wel onfange

2837 3477 2220 124 p dan cersten &mes is op londen van stf 200 te d by vemelt

2833 3571 2198 90 p ue swieden advis dat ri a hallonge het laese payement

2834 3641 2123 65 van de bewiste assignatier hadde voldaen nevens ine ec cour

2838 3666 2167 95 met doncost reck over ditto assignasee die aen de prirzepaele sal

2837 3736 2212 106 toe londen de onck court en hebbe om noegeljck oock niet connen naer
