5334 3889
1736 68 676 118 17 acuudj 1762

338 65 805 161 Leeds William Cocison

446 99 2221 218 porres porce ala chere vre du 30 du passé je vienne d'appendre

451 213 2161 175 l'heuresse arrivie de la floste d e rotter d m con ie

448 306 2196 128 soit beni je voyeray com les marchardiser tombiront  pie

443 397 2185 137 mier jour p le q de baeu et alors je vs en escriveray plus

437 466 2196 165 omulement ne parlez  plus du passé car vs avez toz

433 542 2216 171 fort et vs avez eu du temps assez pr faira faire  capres

450 643 2120 151 de ferines yes si bien q les pourres faire faire

448 719 2060 152 pourrie les avoir fait faire ayant eu mo ordre

470 791 2096 170 de puis le mois de may a ce quil est fait il ny a plus

471 901 2078 192 de remede patiente voycy incliux remises come

470 980 2148 179 pies de cette dont ie vs plaira d'en roeurer la pae

470 1081 1499 172 ment et me crediter en compte je suis

466 1160 2029 176 remise du 8 aveest uscnces sur emand bedingteild a

455 1293 549 130 Londres de -

2022 1297 633 142 £37:2:3

470 1342 1627 183 remise du 19 jullier uscnes sur josph hodges a

468 1466 488 134 Londres de

2057 1439 564 163 £123:5:2

1261 1506 117 100 2

494 1513 1585 152 remise du 15 jullet uscce sur theodor Janssir

519 1621 726 125 a lordris de

2070 1584 375 176 N 200

1200 1637 247 139 dm

489 1703 1333 145 remise du 19 jullt usince sur tha

512 1786 790 161 voorster de londre

2048 1795 406 125 11 250

2071 1895 534 174 At651:9:7

1670 1981 915 196 Ady 18 Ditto 1712

365 1959 698 207 Leedd Coosson

510 2124 2045 152 hier ie vous ay fait remises vie ostende de  £611:7:7

505 2235 2015 155 et advise cheureuse arrivée de la sootte hill a

499 2344 1985 168 Rotterdam. celle cy p.voye dhollande avec les

507 2453 1995 120 secondes lettres esperant que l'une et l'austre

533 2556 1310 163 vous parviendra bienie me d

1768 2639 414 119 1 d ausust

349 2658 975 175 Rotterdam ge vanderheyden

466 2726 2150 169 beyde ue aengenaeme van 9en 16 deser hebbe wil ontfaage

484 2861 2140 85 aen aende die voordaende oncost reekening hebbe ue confim

476 2900 2158 167 gecrediteert £290 8 maenmy dunckt dat het meer doen oeden

459 2972 2193 142 sis het gene ue dien aengaende gerepliceert hebbe want alve

454 3086 2121 100 accort maerk over de heraeht gelde soo en moet men met

459 3167 2201 111 voordere onconten niet beswaert worden wegens de wardge

465 3223 2103 118 int aengeven notect ue altijt sterlengs gelt somdat ic

468 3286 2163 145 niet en pretendeere in onge of aenslagh te vervallen

470 3366 2204 138 ende verlaete niet op de conduitte ende me nagerie van mijn

461 3456 2147 116 vrinden die heere dat bete verstaen op onse comptoirenal

449 3534 2155 110 haer wete ick mijne mesure te nemen en soo goet het aede

461 3591 2121 142 met ue a costy dat recommendeere als voor eygen in allees

477 3698 2177 123 gelieft te doen want het ten waere om de goede edi

2786 0 2353 172 en edthe mon sauce ce paure a cosse, pre de panont da

2804 124 2318 106 als de engelsche van london isent  op orstende geven

2811 178 2301 127 soo wort in gelijcke van hull derrevaerts gepresenteert ende

2792 295 2291 94 dat comt oins immers voij wat te geulen noo dat het

2820 325 2246 146 ede sits waere ue mijn intrest behertiijnde end alle

2812 462 2265 104 op het nauste menegeerde om die roilte sa blijven ge

2820 485 2225 200 bisseen godt gij gpdankt de hulsche grorte salve is

2808 585 2305 165 hier ingesloete heeft ue de noodige notitie tot het desue

2818 667 2306 201 cherent van mijne packen gelieft geen het te verseyne

2831 757 2258 220 want het s mij groote ie  als i mij ne goe

2826 834 2315 209 dien van te eerste becoemen prince peel met den

2823 931 2262 128 rider daer de goedere soo abondent over voert oor

2795 1011 2331 188 den ende hier soo we nig versier is ic recommande

2831 1095 2263 193 e het is dan op alles dat ick ue recommandere

2808 1219 2260 153 ean draeght sorge voor goede benet leey den ue ver niet

2799 1290 2278 153 hollanders als antwerpen om dat die xd

2837 1377 2200 185 wesen het pack aiyt Jonathan Bagevele sent doct met

2827 1471 2084 165 een beurtman mart ende diac  beorge

2774 1593 2287 183 d beilbij vendeelt die in 2 beut lijden in idert paske

2843 1690 2210 136 ick verhoepe dat ue tegens morgen een beyen sal

2828 1789 2175 140 mecker ende dat ick tegens satendagh daet advs

2822 1860 2230 139 van sal becomen den ingesloeten voor en gelient

2768 1937 1949 163 e commandere vor vank te geven blijve

2757 2048 206 107 Ct

3423 2049 763 139 tno doorge Beilby

2866 2109 2193 121 N29 met t4 dosijnriens ider op 3 18 geredueert s £ 106:8:8

2794 2131 2240 205 N30 met 35 p cayene geredccert. op a 65 ider Ast £86:7:1

3333 2265 126 63 ƒ86

2806 2270 2255 111 N 31 met 35 p bagen als boven op  65 ider P 3t £ 86:7:1

2798 2330 2246 142 N 32 met 35 p baiyen als boven op a 65 ider p st£ 36:34

2801 2417 2231 151 N33 met 40 dountiens op 18E gereducert 110 £126:4:8

2761 2464 1532 153 N. 34 met 35 p bajen op a 65 ider

4528 2526 501 109 st  86:7:5

2756 2545 2289 150 N35 mes 43 dosijntien op 186 ider gerediucert ste  £.98:12:8

2768 2635 2271 171 N38 niet 442 dosgantien op a 18 eder geredaeet  £ 186:3:0

3565 2726 935 111 In Jonathan baywell

2745 2734 2283 236 N 27 met 35 p bayen op C 35 idder .. £ . 78:3:4

2773 2883 2279 167 vande vrappers en maecke geenementig 852:16:11

2789 2954 2266 185 alsoo die in lerent niet en betaelen tot ue governo voor de

2778 3013 2193 172 vrachten te betaelen sal ue een s iatie sine

2754 3065 744 135 Brusseele Goumberoge

4115 3141 453 95 18 eyles

2744 3176 2293 132 hebbe de libertijt genoeme op gisteren s beertschis te od

2764 3225 2316 146 dressenen een pack geme N178 p'ordre en voor reck vand

2760 3300 2282 134 dat niu van den berme tot halle dat ggelieft dat gelieft op ontfan

2755 3397 2281 135 oh aen hem voort te sende endeie sal my vobligeren die blijv

4603 3478 127 113 gl

2762 3470 1232 125 Brussel Rombout nollemais

4140 3488 604 160 Ady 18½

2778 3586 2222 139 het is een wondere laeken dat ick tot dato heden van ue

2778 3642 2214 174 geen antwoort hebbe becoemen op mijn en brief van

2759 3739 2033 126 43 deser: ick hadde ue pack voorleden woors dagh
