5308 3889
450 52 2167 116 t voor soo veel den vreden vost gaet ende wij gisteren brieven

461 115 2227 133 van londen becoemen hebben dat de coningenint parlaneme

454 186 2204 150 verclaert heeft naer magestijt haeren oeden met de crooen

468 251 2169 167 van vran ckerijck ensgdaennien gemaeckt heeft so8 dat buysen

475 342 2113 179 allen twijfel den generaelen vreden int cort sal volgen det

485 418 2132 221 godt verliepen ue wenschende gesontheyt benevens de gehele

472 539 1389 195 panilliu soo blijve in alle occosien

1766 589 804 164 Ady 25 Junii 1712

332 613 1171 186 Dermonde Pierre de Baut

491 704 2016 185 sende ue heden p beurtschip dat godt bewaere voor

495 833 1999 203 dermonde een paxke waer van de vraghtende

488 928 2118 225 pasport betaeltis gemerckt tTLLV1 pordre ende

495 1022 2108 186 voor rekeninge van mons. nicolas Francois le hevre

491 1137 1987 155 tot tth gelieft daer mede sijn ordre te volghen

491 1244 1486 164 sonder tijdt verlies en blijve

1811 1344 318 158 27 Juy

367 1360 1053 176 Mochelen Francois Bosselaer

507 1427 2141 177 mets het geluck niet mier gehadt en hebbe ue te sprecke ofte

522 1531 2137 156 ten mijnen huysen te sien voor ue vertreck sor dient des

494 1619 2008 143 tot d het sande van de facture van de 2 spaensche

502 1725 2116 120 laeckens is ue ordre tot pedro van diest gelevert en twijffele

484 1801 2099 140 niet oft ue heeft de selve voor nie ontfange en sal onder

494 1900 2136 133 vinden dat ick die ue soo ceviel hebbe over gelaetmende

524 1975 2053 147 soo goeden coop als iemant don een ende dat aloma

542 2052 2016 172 colandisie te moegen coggen vertrowende dat ue 6

544 2140 2108 153 het toe coemende wat meerder met mij sal handelen, waer

543 2219 2005 151 toe ue mijn dienst prisenteeren hebbende wederom

551 2308 2064 131 een seer consid rable partye versche goederen onde

550 2401 2005 134 wegen van alle soorten heeft ue oock eenige baym

548 2481 1947 134 noodigh ofte beyen met het winter saesoen ick

531 2562 2085 181 talder al goeden coop afscheyde ende naer groetenise

544 2695 251 147 blijvee

1802 2723 398 155 27 Jury

383 2752 915 162 Brusselle  van doch

507 2810 2029 196 seders beyde ue aengenaeme van 31 poert an 1 deser

528 2933 2054 169 geen occasie gehadt ue te schrijven voor ue remise op

496 3012 2006 150 sondreck augvels tot gent hebbe ue gecrediteert £27

529 3108 2078 170 wis: twijffele niet oft mollemens sal het restant van het

517 3153 2045 190 briefken voor ne betaelt hebbe ingesloeten remitteere

519 3238 2091 167 ue als aen den voet deser waeht door het noodigh gelieft

521 3333 2029 193 te besorgen ende in gecomen sijnde mij te crediteeren

547 3459 368 94 dal blijve

546 3418 2137 247 op Teerre moineir costij van 20 deser 3 weeke dato cous jan

534 3566 1247 145 op Gilliamtsal op sicht wissg:

2253 3591 337 125 ƒ 130

522 3635 1124 151 op bernard van de clooster wis g

2068 3655 492 150 £ 12:1314

2711 45 942 126 Brusselle Jouf: Janssens

4079 66 414 120 27 Jun

2805 133 2266 118 p vanden beroe heeft nu geordenneer voor sijne ieck op ue

2795 217 2260 103 te trecken ƒ600 vi dat heden gedaen hebbe in brief opic

2805 270 2240 117 betlen aen d'ordre p Jacomo de cleves dies conform

2808 323 2263 124 iet betaelinge te verheeren ende den ingisloeten brief voor

2821 426 2163 128 ditto hier vanden bergen op hall te bestellen ende voorts

2831 499 2229 125 ganck te geven want ick en wete niet weet het te seggens

2815 606 2240 91 dat de ieven van hier  heete met de boeden

2836 623 2192 159 s00 qualijck bestelt worden ue sal mij verobligeeren die

2850 727 872 147 naer groetenisse blijve

3988 766 673 184 27 Juy 1712

2721 823 941 149 halle N: vanden beryen

2814 896 2243 134 twijffele niet ofte mijnen brief van 21 deser ue wet sal

2859 1011 76 62 &

2826 991 2187 162 sijn terhant decoemen inde ue sal daer bij e

2830 1053 2229 172 hebbe dat ick ue brief staelen  te ordre  het virven

2837 1147 2240 133 van goet noyt een hebbe ontfangen ende tat ick de n

2873 1240 2189 138 dan ben verwachten ue verseeke rende dat ick dan

2857 1322 2215 180 goide soorge sal voor draegen ende van het alderst

2844 1401 2212 185 goet toe mplyeeren soo vernedat ue daer sapactx

2861 1496 2194 142 en goet contentement sal bij vinden het is seckers dat

2859 1573 2211 145 de goederen int cort meockelijck sullen op slaen mets

2851 1674 2212 147 ick heden de ƒ600 voor ue rck op ƒ1 Janssens tot messe

2852 1759 2190 173 hebbe gerrcken ende aen t saer moet advis geven

2851 1847 2106 162 soo sende ick ue desen brief onder naer u

2878 1935 2138 194 uijt vree demae mon voors aende briet

2870 2023 2143 154 oock niet en mochte sijn geeorden ende soo ver

2883 2111 1809 165 wacht ende d'eere van ue ant woot blijve

2746 2198 2300 175 Brusselle bernard van de Bloister 27 juny512

2810 2296 2190 150 het en gedenckt mij neet mecr dat het geluck gehadt

2807 2427 2203 127 hebbe ue te sien ofte het gelae gehadt hebbe eies

2835 2481 2102 156 deveredopen ick en weete niet om wat reden

2858 2620 2175 115 die mij soo comt te verlaeten i mij ue dat

2867 2673 2172 137 in alle occasien wel en trouw bedien hebbe ende

2864 2746 2087 151 als ue belieft ick en salder daer noch noet aen

2860 2851 2150 126 manckeren ick hebbe een soo daenigh en s00schoone

2862 2911 2133 161 sortiment van aldernaende wersche goederen ende

2846 2995 2195 164 neeuve moede  p aensche ende gemerste laet

2847 3083 2198 138 swaere fijne baren onder een als ue noch ijn leven

2831 3146 2210 163 sal gescan hebben wilt ue de soctheyt hebbe tegen het wenter

2837 3237 2179 140 talsoen mij de penninct te sonnen ende een scortiment

2841 3357 2196 148 by mi te coopen ick sal ue sijn gerief seer i

2858 3421 2175 135 laeten alhoewel de goederen genetael in ingelant be

2851 3477 2201 173 finnen te monteeren en op te haen ende noch ve e

2812 3561 2232 149 op slaen sas den vreden getroffen sal ueoen daer niet n

2841 3662 2195 151 aen getwijltelt en woort ick neme de libertijt van het lage

2824 3695 2142 148 tellaken van de 2 colchester beyen £12: 13: 4ue en sber
