5498 3889
551 19 2182 162 contmeer daus lea a a par vo rect ee done

562 100 2086 201 encor une fois prees tres heemblement a me

565 202 2171 147 vouloir remettre et me soulager en quilq ma

583 290 2157 175 neere car je doit faere de grosse remises en

596 370 2163 201 angleterre je mesfieray donca cela et p seray

623 468 2133 239 attendant cette grace ie veu bien vs du re quil

613 574 2143 230 ma fait de la pnne dappiendre  mad: ve

638 677 2105 244 espoure at este en ville sans me faire lhon

622 794 2123 219 neier de me venir voir je ne l eache pasa

642 940 2013 172 donne raison pr cela jespere  jauray

618 1025 2110 207 plus de faiecu pr l'avenir car il ny a per

637 1118 2032 227 sonne qui fait plus de devoir pr animer

658 1238 2070 206 ces halands q moy jpspere pr la grace de

642 1356 2098 224 Dieu q vas vayerans bientss fin de meser et

672 1496 2036 199 no auros la paix et le retablissement du

682 1621 2059 154 commerce personne n'en  plus mesme

679 1721 2076 154 her cette apparence et fondement les marcheen

693 1842 1974 191 dise accqmente de jou n jour en prixay

655 1957 2100 196 fait quely bonne proision et jay prix en

696 2065 2056 187 peu mes misures a l'advenanti sil vs plais

716 2205 2014 156 je vs enferay en cor participant au vieu prese

698 2292 1974 164 ayant toutte sorte d'assortiment qui l'on pour

709 2372 2008 146 voit souhaitter je vs salue de mesme q madi vre

720 2507 1943 111 espelise et vs souheuttant toutte sorte de bonheur

717 2570 2011 177 dans cette nouvelle annee je me dit en attendiente

448 2672 1044 132 mons Anthoini D'etoust

1905 2677 810 174 Ady 25 Janvier 1712

595 2768 2062 151 J'ay este chagrinde voir vre lettre du 6 ou courant

602 2902 2071 142 pr laquelle vous me remettez une bagatelle de 140 escir

595 2983 2127 183 ofaidant en argent de change £56:- et cela a sences

603 3103 2039 111 non obstant que m'avez promis depui 3 mois que

596 3156 2072 168 ramassiet de largent et tr avalliez a me faire de

623 3271 2123 184 grosse remise. ouffre ie vous ay escript pr ma denie

598 3370 2082 164 let vous donne a connoistre quil l ome fallot du sond

614 3476 2062 159 pour remettre en Angleterre et payeer me destes

594 3593 2022 179 pour de l'employe de consequence que i'ay fait

602 3678 2107 147 sur l'assparence de la paix. vous me sme vous me

2867 85 2199 163 divez advoncer que i'ay suiect et raison de meplaindre

2906 164 2210 158 vous avez l'experience que ii'ay fait aux occasions tout ce

2901 308 2231 127 qun honneste homme, suis faire pour vous rendre service

2901 365 1983 174 au moins faittes recproque quelque chose pour

2894 503 2176 111 l'et mons de moy puis que ie vous le demande car

2889 613 2202 122 ma fois on a tant de prenne pour ramosser de sont

2921 696 2091 145 ceste de quoy payeer ces debtes et le maintenir

2899 774 2201 168 wee honneur, que vous ne le leaurrez croire ie vous

2894 893 2247 160 en auray de llobligation et ie l'iestieneray particulie

2837 991 2198 174 =sement et pour ce quits 'offre pour vre service

2903 1113 2178 151 vous n'avez qu'a disposer de moy pr la gelee et le

2871 1234 2275 135 facheun temps que nous avons eusi l at este posside

2905 1328 2053 144 d'avoir tientes en presses les bayes que plavez

2887 1422 2258 140 ordonnee mais vous les aurez asteur au premies

2881 1542 2210 157 pr la grace de Dieur ie vous salue et surs priant

2837 1669 2278 162 de vendre dincluse pour le s. A. Gallonina port

2826 1751 833 182 mons H. Gallopin

4044 1751 983 209 Ady 25 Janvier 1713

2879 1874 2253 185 comme la gellee a cete de nuis quely jour set que

2895 1984 2230 151 lon commencoit hier a charaer la pre mierebar

2815 2082 2304 142 i que marchande pr brusselles je n'ay point vou

2854 2153 2205 165 le manquer de suivre vre ordre et d'enbarquer

2866 2250 2193 199 vre ballot qui est marque A8 et addrissee aussi

2846 2349 2195 159 henrj de pauw hoste de la faiste d'or au marché

2875 2490 2045 106 au grain a Bruxelles. sur celu et sans attente il a

2873 2584 2156 156 recommenice ageler cette mict tellement que ie ne scay

2881 2684 2258 179 point si la barque pourra partir. si la gelee ne contimue

2867 2770 2133 198 pas vre ballot sera pour vendredy p la grace de dieu

2842 2913 2234 139 la Brunelles vous heferez pas mal de parler a quelque

2889 2985 2181 140 chartier de vre connoissenge afin quit saddresse a la

2881 3083 2099 169 faiste d'or et quiil alle prendre vre ballot que ie

2887 3212 2200 124 ouhaitte qu'il vous purs parvenir aupremies vous

2868 3280 2135 158 trouverez les marchand ses bren conditionnee et

2884 3379 2169 174 araisonable prix. et j'espere que cela donnera bi'en

2862 3524 2001 112 pour la debster bientost afin de vous revoir et

2861 3587 2282 140 continicer p ensemble en negoce comme nous avons

2868 3703 2108 147 compience vous faisant offre de mes services pour

2855 3769 1840 83 tousiours et souhaittant toutte sorte du bonherer
