5420 3889
547 34 2178 132 samuell hall is gedepeeneert bidde seen tijt te versay men

559 95 2147 154 want het saeen voor het debiteeren de goederin avant

542 187 2139 158 eert seer oock niet naerte leeten van mij advis te ge

561 269 2117 153 vens soo dra der enge voorden hull schege als met

569 388 2111 152 james lasch van Lordon comende learriveren die

562 469 1775 162 met godts patie p eers te verwachte blijve

1889 526 471 164 8 gber 1712

408 537 950 188 Brusselle henry de Pauw

571 620 2081 204 hebbe van saterdagh & daegen sijnde 29 sber ue op beut

585 749 2139 145 schip geaddrisseet een clijn paxke gemeckt IM en tewijffele

590 809 2089 205 niet oft het is het sjnen bijde ue wel geworden den e

569 914 2148 199 van bergens pr Jaques masson schrijft het selfde nocht niett

577 1007 2133 204 hebben vernemen in gevale het noch net gedepecheerte n a

591 1103 2043 221 op ontfange deser bidde soo veal goetheys te hebbe de

583 1194 1959 178 voor de noodige sorge te draegen blijve van torte

1813 1300 460 150 8 gber 1712

423 1345 802 167 Brusselle C zegers

601 1387 2047 174 ue aengenaeme van 6 court hebbe wel ontfange ende

610 1531 2064 126 geene daer bij gesien dat ue mijne gesondene k cont

601 1601 2090 139 d'accord heeft bevonde trecke dan van heden opsecht

594 1662 2128 166 de geordonneerde ƒ300 te betaelen aen d'ordre D peeker

604 1752 2060 187 van dock die conform gelieft te verheeren ende van mij

604 1883 2126 126 in alle voorvallende occasien liber te disponeen i ver

606 1953 2096 205 hoepe met ue dat godt ons eyndelijck dangeneraele vrede

602 2062 2117 195 sal verlienen ende dat de negotie beter aveur sal mme

622 2153 2083 187 als ue mij sijn ealanditie te gonnen eest verseekert dat

619 2252 2057 201 ick noyt en sal naer laeten ue te seconderen ende naer

616 2389 2068 160 sijn genoegen te dienen het minste datter van ue dienst

645 2464 2067 120 comt voor te vallen bidde maer te commanderen hebbe

611 2549 2090 168 sortiment van alles n abondantie oock schoone waere

630 2663 2084 141 bayen D 48 a 650 blijve naer minsaeme groetenisse als

645 2751 691 154 aen s: ue beende

1928 2788 486 144 8 glare 1712

487 2833 874 177 Brusselle N douredam

637 2895 2073 176 ee brief van 11 past hebbe ick sijnen tijde ontfange all

629 3029 2092 121 de reden die ue bij binght sijn maer frivoil ende dies en

642 3106 2075 125 connen bj niemant die  handelt nu kent aengenoe

634 3229 2047 101 worden dat ue miscrabel is en geene negotie en conte

645 3281 2082 147 drijven dat magh ue syn selven impiiteeren ick hebbe

645 3380 2078 121 ue goede conditie overlanck genoch gepresenteert ende

645 3474 2031 118 dat ue intentie hadde gehadt om ue in ue cneditt te

653 3537 2076 168 et stellen giy sout die aeveert hebben maer gelijck ue

668 3622 2037 172 te voeren weynege daegen voor ue sallissement mijn

648 3737 2081 102 mijn goet met een quade conseintie hebt coemen aferin

2916 36 2186 91 daigh maechen en ashaelen soo soeckt ue e oock daer

2902 130 2206 122 mede te blijven sitten dat ick ue beloeve niet te sullen

2917 203 2194 102 dulden al waert dat het mij noch gelt daerby soude

2924 324 2178 95 costen ende dit is mede het gevoelen van rinden die

2865 361 2197 156 ien handel considerien en in sien ende mij selts

2939 453 2208 159 daer toeraeden daer sijnder noch in de werckt die

2926 540 2169 146 mal fortiene hebben gehedt ende niet te mentin

2954 626 2180 175 selve herstelt hebben maer die hebbe op een andere

2931 727 2180 168 manien geageert als ue met ue crediteren ende

2934 824 2141 164 princepael met mij comt te doen het is nu en

2957 890 2185 185 jaer datgemy soo met beloften geleyt hebt door daen

2953 1003 2141 175 en d'ander doen seggen dat ue eerste gelt dat ge conde

2951 1114 2152 138 maecken oft becoemen voor mij soude wesen ende wen

2937 1219 2153 118 wil al niet ne noch tot in ieber te wachten dat

2949 1312 2121 151 sijn bij mij nisgelijckx maer al worden is ue vin

2935 1398 2136 164 goede intentie ende is het de waerheyt dat ue een

2912 1493 2108 160 stuck laecken vercocht hebb ende mij dat gelt toe

2939 1580 2175 145 icht ende voor in seber het gelt niet en cont becoe

2926 1695 2207 149 men ue can daer voor  ren minstea een wisselde

2908 1791 2156 129 brieffen becoemen ende dat ue mij indoiseeren en

2933 1887 2173 136 alsenden oft wilt die vrient geen wissels reckenen dat

2914 1973 2205 129 hij ainwoort gest aen dh van doch dat hij aen hem dat

2913 2090 2209 124 gelt sal betaelen op den tijt gelijckt ue schrijft s preckte

2923 2156 2144 174 nen vrint en sprecht Dh van Gock hij sal geene niet

2929 2248 2113 143 ue gaen ten huysen van dien persoon en op s00

2925 2365 2176 133 eene maniere sal ick patientie nemen ende ander

2913 2428 2141 179 niet ick sal daer op in corte d'unge het effect ver

2917 2566 2173 103 wachten ende sien wat ue in sijn boehem heeft oft

2919 2618 2141 148 ue ber goeder trouwe nu voort gaet oft niet ende

2906 2696 2169 165 beloeve ue faute van dien datter mesure genoemen

2895 2829 2146 118 sijn ende intwerck gestelt sullen worden coste

2901 2891 2208 141 wat het wille die ue niet te aenge sullen voor

2902 2984 2152 137 coemen ick hebbe ne meer gedaen als ick uyt ch

2885 3071 1866 161 telijcke plicht schuldigh ben te doen blijve

4271 3179 326 110 3 gbber

2826 3153 890 176 Brusselle Lendekens

2826 3218 2288 177 ick verhoegie mijnen laesten van 22 passuchet sijne

2887 3331 2214 163 bijde welns geworden oock vervolgens de facture de goed

2895 3420 2132 140 deren soo als ue mij gerecommandeert heeft hebbe ue

2905 3515 2189 113 reck naergesien ende bevinde datter resteert viende 2 pas

2899 3578 2155 139 tijckens van 11 meert 1711 £ 86:15:11 ende van 28 sber 1711

2870 3708 2212 79 £23:15 te saemen £510:10:11 £60:10:11 die in dato heden

2865 3743 2233 85 pris trecke in assignatie te betaeln aen h p aetevn
