5650 3895
801 62 2075 145 quitantie geven ick en weete niet watter magh

817 118 2072 181 absteeren dat ick het faveur van ue calaudie

815 211 2088 188 niet meeren hebbe isser iets dat sich affreert

819 321 2042 183 ende ue can noodigh hebben weest wel ver

842 424 2072 156 seckert dat ue e veel sal bedienen ende dat

859 533 2052 157 ick tegen woordigh een soortiment hebbe van

865 638 2049 173 alderhande goederen soo schoon als men met

877 741 2028 205 oogen sien can altos tot ue doenst mij dan

840 887 1171 191 recommandeeren blijve

2048 989 527 162 28 sber 1713

719 1010 978 169 Amsterdam i Rousseau

837 1112 2086 190 hebbe ue op 25 court versocht op mj te trecken £5-

818 1226 2114 206 600 a ƒ800 in gvalle ne a  a ¼ prit het selfe

865 1324 2020 173 conde doen verwachtende tegens morgen terver

848 1426 2037 134 nemen wat ue dien aengaende sak hebben on

855 1514 2021 209 nen efectueeren mets in een port dagh al

858 1611 1987 217 van ue geen brieven hebben ontflaegen soo

886 1693 1971 201 en weete den cours van a costy op londen

870 1797 2046 194 niet neette men ingevalle ue heeft getrocken

869 1904 2044 200 ende dat ue mij os londen conde remitteeren

862 2023 1933 197 soo veel als die weerde importeeren ten

872 2113 2001 258 prijse dat die brieven pij met ue provisie

886 2248 1979 169 en coustagie soude connen op  35:9 a 10

889 2324 2027 251 uyterlijck bidde het selfde waer te nemen a

843 2480 939 217 soo blijve van hertten

661 2538 2135 266 Rotterdamm Dionys verburgh Ady 28 sber 1712

776 2688 1970 210 het is echter een wondere saeke dat ick geen

828 2814 1979 179 eynde van dat pack can becoemen daer en is

767 2965 101 88 6

840 2922 2001 215 geen landt in de weereldt oft men behoorde

771 3052 2057 175 op u tijdt ten minsten gehoorte crijgen

817 3154 2043 200 alhoewel tegens danck en wille soo vinde my

841 3283 2051 198 genestessiteert ue andermael de schrijven om

856 3343 2040 202 expeditie te hebben op de en maniere oft dandere

849 3488 2049 178 vetant daer is mij te veel aen dat serismentie

687 3599 2221 182 uhelegen omdat ue mij van tijdt tot tijdt ged.layeen

801 3731 2106 112 heeft soo hebbe ick het daer laeten op aenconen

2992 51 2188 140 en nn hebbe ick het selfse ten hooglesten noodigh

3000 177 1981 169 om andere goederen daer mede te doen

2995 293 2177 208 passeeren sa op de staelen hebbe ick er partije

3033 420 2179 167 van verlooft  het is een geval dat mij mijn leven

3022 587 2185 131 noch niet gebeurt en is ende daer in sinceritijdt

2998 669 2011 212 mij ongelijck aen gedaen wort wie ende

3015 799 2226 213 orrsaeke van is oft niet ick pardonneere het

3013 940 2221 164 hijn geerne maer echter niet mj nu ten besten

3005 1055 2138 217 moogelijck te redresseeren ende dat ick dat

3031 1193 2182 198 goet magh becoemen. iss niet door vrijs praie

3043 1303 2097 209 saet het dan door een redelijck accort weten

3042 1448 2168 192 bidde ue geen voorder tijdt magh voor bij gaen

3036 1556 2081 189 want ick en soude soo niet presseeren

3017 1687 2108 161 ten waere daer by soo groote preiuditie

2979 1794 2056 162 leede niet om het  det weerde

3001 1908 2072 199 maer principal omis sortiment oet

5035 2080 115 85 At e 16:

3005 2022 1795 227 ue et blijve in afwaghtinge

2990 2157 1385 189 Cortrijck wed. Peet Goetgebier

3013 2242 2171 244 geschreven aen hae doghterde Ady 29 gber 1713

3043 2412 796 165 wed Stobbelaer

2995 2477 2122 226 het is mij leet te sien de indispositie van ue

3002 2622 2135 180 moeder. ick verhoepe dat den goeden Godt

3025 2744 2152 166 haer noch sal spaeren ende tot gesonheyet

3000 2856 2180 193 herstellen. dat ick de facture niet gesonden en

3020 2986 2057 183 hebbe is ujtreden dat vandagh tot dagh ue

3010 3076 2139 167 ordre verwaght hebe voor de resteerende

2981 3185 2070 161 laekens ingesloeten heeft ue nu de selve

3005 3315 2134 162 bedraeghende in wisselgelde ƒ 756:9 ¾ alst

2999 3428 2138 169 ue belieft sal ick aen stons de voordere laekens

3015 3559 2160 183 afsenden met het gene noch verders tot ue diensn

3018 3701 2155 141 ich soude connen ofreeren. en twijfele niet oft

5250 194 101 142 ij

5270 592 241 191 lij

5328 736 172 187 n

5408 894 70 92 J

5403 1123 63 77 u

5234 1083 171 182 e

5237 1318 196 179 R
