5479 3943
424 91 2243 201 pr les faire embarque chacque dans un vaes sea

427 184 2248 213 appart pr rosterdam et quil y 'avoit justement

435 282 2161 204 2 vaisseau en charge pr le dit liee jen attend

429 460 2196 188 dont au premier les connossements et quels y

436 532 2200 209 ariveront bien pr la grace du jugneuracu

467 635 2189 254 regard de draps spuch et cenna de N9ts

453 777 2214 187 me plaisent a bien pr les couleures mais

460 896 2201 216 en N8 vs avez manque regardez mon ordre

464 1011 2151 238 je vs ayt ordonne ½ p couliures selvers

388 1144 2038 216 = gray n'accordent en au cunne maniere a

316 1261 2224 207 reschantillion que ie vous en ayt envoyee et

373 1366 2111 186 c'est le principal quil nous jault t iour cette

395 1443 2267 205 couleure tellement que ie vous prie le remedicer

389 1589 2182 193 pour le ballot resfant de mon ordre c'esta

382 1718 2190 177 dire envoyer le done a moine silvergray

382 1799 2260 179 et e moitie cinnam et siets vous porrez

350 1938 2263 162 longer vos draps faut qu'il vous laist ie les

415 2033 2242 196 trouve beaucoup moindres en qualite et

372 2158 2283 183 lais net que du passe et les plaintes que i'ay

373 2271 2274 185 touts les jours de condures et faultes qu'il y a

390 2422 2120 117 dans les draps me de solent enieremettt

401 2519 2138 120 il nous fault perdre apresces draps et

344 2615 2261 167 donner satissaeion a les gens dabord quitl

372 2733 2240 144 a les moindres fauttez dans les draps nous

392 2852 2241 151 sommes obligez a les reprendre et si on

397 2980 2245 168 vous le rabatteroit e compte que me diriez

388 3071 2284 151 vors= cependant vous ou voss gens les scavent

377 3173 2059 184 et voyeet bien avant que vous me les

393 3272 2214 171 envoyez et clest tres mal fait de deray pres

412 3383 2114 191 curieux a voir les bayes que me dittez que

356 3506 2272 184 vous aurez prest en ps datemps ie pluse que

387 3639 2140 154 vous  n'aurez pas mal prsx vos mesures

382 3723 2164 136 et que vous m'aurez bien entendue car ie n'ay

2725 108 2335 137 Nue besoing des bayes comme dans les golot N41 et

2708 174 2366 181 N1  ƒ 99 mars d88  30 et 36 comme deul

2722 291 2341 212 fois ont este celles de pieup es walensle, ie vous

2729 424 2280 143 remette ceiourdhaig 2 usences l £200:- a

2732 565 2319 121 charge sansim et seirnor et ie vous prie saus

2724 692 2245 154 perdre du temps a les faire accepter

2719 767 2308 158 et mien donner advis le fault choeng

2717 892 2149 179 cause ui l'ocy a plis mogen a profiser

2704 1000 2369 156 an y l'est incroyable comce nous somme

2708 1147 2311 153 miserables austre messt ie vous ordonnerois

2704 1212 2273 241 plus de merchandises cepeudant faitte &

2704 1354 2322 189 Moy scavoir si me pourtiez accommoder

2727 1442 1991 194 des draps seadb len greent et au mes

2733 1548 2299 193 cou leures et si cette sorte est si chere que

2706 1700 2372 159 les aultres mon lactures  posst et prnt

2726 1798 2276 232 que vous pigez le pouvois faire au plus

2727 1922 2201 225 soodt i dil ny a rien quii presse

2730 2054 2352 187 a  advenandt de vre responce ie prendrap

2740 2177 2099 185 mes mesures entre temps ie me dit

2704 2323 1079 180 Amsterdam Francois Rousseau

4232 2344 572 188 15 april 1715

2794 2439 2290 189 p ue aengenaeme 12 deser sent ue 11 d 22 dato op

2784 2549 2307 180 fmaria mcelles die geaccepteert heeft vlaems £400 t

2795 2649 2281 165 5¼ met banco £879:-: ue weet wat ick ue geschreve

2763 2745 2276 127 hebbe tot ue narreght het is mijn resiconiet ende me

2780 2829 2266 165 can oock van alles canten niet al evenveel affie

2791 2935 2265 167 rantie hebben oft het is om moogelijck te nefstiue

2798 3022 2278 167 ren de treckers nu en dan beeter dan d'acheptent

2793 3162 2269 133 en som wijlen de acceptanten beater dan de treckes

2787 3212 2282 180 voor mijn deel ick considereeren altijts aen wie

2788 3303 2257 199 ick afgeven ende en neme maer de acceptanten

2799 3448 2262 182 tot een uytvercoeren de £800 op Jollij sijn afgeloo

2767 3537 2267 221 he ende in casse ende ue voor gecrediteert de

2793 3634 2261 203 5oo resterende vallen op 29 deser doch p endor

2782 3769 2227 103 sement op ue van Jaques mondire qu soo deete
