5500 3943
471 81 2267 120 het hij morgen oft vrijdagh oft noch langer in dien ue  mj

498 172 2217 125 advantage te gemoet siet nopende de walvis baerden sien ue

492 261 2186 135 abus is hebbende inden mijs cout niet 75 maer 85 het en is

508 348 2238 113 noch geen tijt dn resolctie daer moet meerder veranderinge

522 450 2232 130 advantagie voorvallen a leer te coopen niet te men gelieft

529 530 2213 122 daer swel te mongileeren als oock op den waset hijn bre

539 620 2169 113 der de m: salf daer paert uoens mij in nemen in gevalle

539 699 1583 165 men tot em playe sal toe geracken blijve

1887 777 478 147 29 Jul 1715

474 801 652 151 Londen J: dedorpel

546 836 2180 166 naer 4 mael ue geschreven te hebbe becoeme candelijck ue ange

553 950 2198 125 naeme dato 4 deser doch tot verwonderinge sinder de geordonneer

547 1037 2216 115 de laeckens noch neet complet voor waer de engelsche mans

558 1121 2201 163 facture negotie voorlehtte voor de te lande light in haer

563 1191 2168 175 leyterste en sal soo daenigh tot niet coeme datter geene van

2543 1286 97 59 sal

548 1286 2186 128 ue korte van laecken niet meer vour die se quaertr ge

558 1372 2167 149 vraoght worde considereert wat tijt het geleden is dat ick

570 1461 2196 145 ue dat mmeserabel sortimentie versockt hebbe in te coop

552 1548 2160 135 ick diende het al over lainck in huys te helle en soo

561 1647 2220 110 daer noch eenighe wecke moet loepe soo can het mij mee

575 1716 2191 148 voor balast dienen want het saeroen voor bij gaet soo biedd

1071 1800 655 75 flanger te troegnenn

558 1812 2171 119 op ontfanck deser maer op te packe die ue gereedt heeft

546 1916 2140 118 en dito te depischeren dat sal te gemoet sien en blijve

2039 1988 478 120 28 July 1775

443 1965 779 158 Rotterdam D: verburgh

538 2030 2207 179 met ue aengenaeme 2s deser becoemen nu alleen een briefie van

550 2159 2209 131 & s0o op Jacobus hijvaert om noch eens te tenteeren van accepta

540 2245 2179 122 tie te becoemen hebben den inclosen, behandight ick wille wel

550 2307 2210 147 seggen het seer vremt is ende het niet als quaede inpressie no

543 2387 2214 116 de l'adriaen balgackeynde junior en can geven die luyden

542 2513 2198 116 hebe mj selfs coemen sprecken en staen seer verbaest en het en

539 2554 2227 162 can niet anders als credit van ditto balckeynde couromueren

1807 2637 208 76 poft nie

544 2648 2221 150 en schoe het ick het gederegeert hebbe en hebbe hien geen apai

550 2732 2212 132 sement connen geven 17 pretendeeren eerst quittantie van ditto

553 2830 2197 111 balckeijnde van hier gesonden gelt en ordre om desen brief te

566 2901 2200 157 accepteeren met belofte dat s het dan doen sullen daer op hebbe

539 2974 2209 133 ick het op gehoeede ue vrint can den to het versochte tegen

552 3109 2221 79 woendagh besorn het is wonder ue niet en mest en weet staet

570 3140 2171 163 ue mijne laeckens gevonden heeft sien de selve met het baey

570 3237 2204 155 pack p at ernout de roijte gemoet dat die calanten inde

550 3313 2215 142 coste schaede en intreste gecomeneert waeren en in geval

548 3437 2235 114 le niet conde voldoen wagh gesaeght wirden waeren seemood

552 3478 2230 163 geweest en ooc wel redelijck want men magh teggen wat raest

557 3572 2218 133 uale m'en sal a cesty onder vende wat preeditie des cmipt

536 3645 2219 165 saecke en die van di willens aen de transtoore goedee

518 3730 2250 151 sal oy brengen den imelose op londe gelieve voeet ganck te geven

4242 90 561 128 daugeeaty 1775

2824 92 794 138 Rotterdam D: verburgh

2870 188 2249 162 ue aengenaeme 30 post het is lastigh onkundege mersche

2863 314 2315 119 icts te doen begrijpen echte hebbe ick ten laste Jacobes heyvaer

2864 354 2212 138 aen d'acceptatie geeregen die ue hier ingesloeten venden

2846 434 2291 145 versockende aen st ue swaeger mijn dienst in alle occas ien

2851 524 2281 146 te presenteeren ende eue te vra t& niet en answor

2835 571 2335 181 de want hebbe wat stercke occaspatier naer mijns ordre

2812 641 2346 214 magh hij op den acceptant gereest wesen want sien het lhe

2834 739 2318 186 dan wesen die naer hien statsoen het wel maecken aen

2850 817 2293 186 gaende het verloste pack begrijne de saecke dheeren vaan de

2829 869 2320 222 ad meraletijt behoorde een ordre te geven conforme het

2841 966 2287 224 vonrusse dat gpaels te laeten passierere sonder transi

2857 1071 2256 200 voore pas port van quelitijt oft weerde anders can het

2845 1140 2321 224 het tacel gebeuren dat ue supponeert ende can u het

2831 1214 2342 236 soo voerniet wijgen soo sal men het op bredael sende

2835 1305 2322 239 van waer ick het met de voorleyden sal doen af coemen

2847 1404 2327 227 antwaerts liever dan die onkeylen subiet te wesen bidde

2826 1503 2273 209 hier op wel te refleiteeren want en soecke geen resccrte

2831 1584 2319 263 coopen nochte iets gedaen te hebbe dat strijdigh aen denvon

2830 1679 2334 215 nis van den raederoude wesen alhoewel het traign

2832 1817 2263 172 tardieren my pregiediciabel is door dien op ue schrijven

2811 1911 2352 180 het selfde verwachtende soo veel als partije daer van dese

2841 1978 2307 207 wecke hadde geengegeerf te lieveren soeckende oock het goet

2832 2144 796 140 maer te debiteeren

2841 2118 2226 238 amoet de voij is noch achter oock is het wonder thomes

2837 2253 2324 187 haworths met de baee  N15 niet op en schiet ganto hull vol

2841 2348 2324 219 gens advesen heden becoemen is door den brantgeconsiimeer

2856 2420 2291 174 vertrouwe godt de schepen sal hebbe bewaert de baele N17

2853 2521 2311 171 met allen carson van hull godt donck salve sijn sonoor

2845 2599 2320 179 scke carsegen op a 25 we geredceet weerde van 1105 -

2853 2701 2289 206 gelieft te doen als vooreggen ende het pack mij cito mijt

2857 2798 2305 165 laeten toecoemit naer proportie man den cours van amster

2862 2898 2278 144 dam op london noteet 3s cost schaedelijcker tot  36:10 niet

2858 2962 2289 165 temen bidde mijn goet vinde van mijn particceliere reet

2851 3065 2276 147 mits in taende derewaerts te remitteeren ende voor de

2848 3166 2301 162 mijne rec van one osten hebbe heden afgegeven doch

2852 3245 2300 142 en can ue don brief niet laeten afcoemen alsoo hij om

2858 3306 2315 167 acceptatie is gesonden ende eenige daegen te loopen heef

2848 3413 1298 181 die volght p naeste en blijve
