5463 3934
542 70 2176 158 Brussel Dh: Grimberghen Ady 30 sber 1716

600 191 2236 212 aen hebbe voor leden saterdagh ue geaddresseert p

618 286 2186 169 beurtschip een paxke gemergkt N3 p ordre ende

613 428 2205 163 voor reken van er nicolas van den Berghen tot

604 497 2236 194 hall dat verhoepe ns wet sal sijn geworden biddende

600 640 2058 197 daer mede sijn ordre te volgnen en bende

2336 741 237 129 D216

576 792 2256 200 Ghendt J Bapt De Saedelaer Ady 6 xber 1716

640 875 2207 171 ue aengenaeme 27 pasto hebbe wel ontfangen met

610 981 2233 200 remise van £130: foor s Parel haeck B sicht die

605 1116 2247 166 maer op gisteren geaccepteert hebbe becoemen reden ue

624 1223 2214 188 niet eerder hebbe geantwoort soo mij den briefnen

596 1331 2254 208 laste van Ste £100:- a 336:9 o14:3 deser te betaelen

648 1447 2174 217 voorcoemt sal die verkeeren soo welalt dien van

601 1586 2254 181 ste £1500p4 cour te betaelen geloove de wissen

625 1688 2157 198 heden sullen koopen Amsterd banes 2¼ a

603 1805 2255 197 cour 2 at London 2 usos336:- parjs s aent

1489 1912 207 82 53

509 1948 979 197 villen blijve

1700 2025 1022 195 d p sbre 1716

520 2035 895 184 London Daniel Kays

565 2148 2282 216 Jeme refere a ma derniere du 12 ou passé dejours j

618 2277 2060 153 obtenue acceptation de mons Peitier de vre

603 2438 2242 146 traitte en ma faveur sur ly de  £230:- a336:12

600 2506 2237 216 celleacy pour converte a la remise sin d van tran

598 2622 2089 172 a Gand  £100: a 36:10 protestee faue dis

597 2752 2219 199 payement avec protedt et compte de fraix dont &

606 2867 2250 194 vous plaira me crediter de  £164:12:- en suitte

583 2992 1808 168 de madnotice ie vous salue et frre

567 3098 1052 141 Rotterdam Deonge verbarghe

2207 3087 647 146 pmine & ber171

643 3130 2185 162 tue aennaeme 15 en 29 pasato hebbe wel ontfange oock

651 3281 2185 86 het laiste paxbe. N7 p lendert van den hoeck p door

646 3360 2182 111 den laeste de oncoste rck de geene sal maer sien en

648 3407 2180 111 ende het bevinde adviseeren aengaende  willen

626 3497 2162 116 affaiens hij is eenegen tijt omposselijck geweest soo

658 3605 2179 102 dat hem niet en hebbe connen mecken ditto hier an

669 3673 2182 125 woort mij dat een eerelijck man niet meer  ns

2911 118 2346 97 doen als sich aenvarbetrage onderwerpen ende dat

2910 158 2344 189 hij tot dien eynde ue procuratie gesonden heeft en

2909 260 2320 166 alles sal seekenen watter toe noodigh te maer niet

2926 329 2324 232 en pretendeert bij accomodat ie te willen luyste

2921 434 2308 193 ren of ick enwilliegen hij eyt prejuditie en

2947 537 2275 245 tyt partije niet daerom ist niet redelijckn dat

2938 671 2317 187 sulcke wat op gehouuwen een eenlijck man

2947 706 2343 215 en can niet meer doen als sechhonde women

2940 857 2336 133 en aen arbitragie sumiteeren ende dat schvo

2961 950 2280 177 de een eynde te nemen bidde daer wal a

2946 1037 2261 230 op te nemen den ingesloeten voorenge lant

2950 1146 2294 175 recommandiege ue ten hooghten sor conp ien

2957 1210 2313 247 goede exnediie gelieve te geve alsoo mij daer

2959 1371 1041 168 aen giligen is blijve

2905 1434 2338 231 Amsterdam Francois Roussau 1sber 1713

2930 1551 2256 180 de remises die ue imj sent  sijn ed missre

2921 1678 2321 191 dato 28 pas op Dh Jaque de v le ves tot Brussel

2918 1783 2283 189 in antwerpen te betaelen van 1 £200:36:5

2929 1861 2307 155 sber sber 2 usos moet naer alle opparentie

2908 1979 142 93 2

2909 1963 2284 155 wssen Jean de lene soo det die derswaet o

2906 2068 2315 159 d'acceptatie is gesonden cont gevolgh sal ue ad

2908 2161 2338 130 viseeren aengaende den acceptant ue beent

2904 2259 2361 179 can ue geen meer cclaisissement geven al ick voe

2916 2365 2352 154 nens gedaen hebbe  oint mer c als ape

2905 2479 2322 152 taele eijden sijnde die man van goede conte

2915 2555 2341 171 en alle probitijde mij selfs gegeeren teert geweest die

2917 2707 2302 92 veel hedens daer te doen moet om hien en hienne

2906 2763 2311 176 famillie te maintineeren sijn genogh aecht

2911 2859 2281 144 hier menghmael wat te en gageeren dat ick

2902 2943 2294 145 nochte ue niet doen en sonder en om wah roeden

2905 3058 2362 152 willen wij met soo clijnen intrest groote partije

2903 3141 2369 125 met achterdencken coopen die can ick niet vende

2898 3221 2317 156 nochte goet leeeren yu salfs als ick soude onder

2889 3296 2373 157 vinden datter de menste swaereghijf soude

2905 3388 2370 153 int geenee ue voor mij doet sal libbelijck ue al tijt

2910 3504 2334 115 mijne gedachten commie ne ceeren want wmeten

2917 3602 2357 106 diere ue in treck soo wel als mijne te rekent

2917 3705 2346 117 gen Godt heeft ons noch buyten m alheur bewa

2948 3743 2297 111 est hek hoepe het sijne geneede sal believe soo te
