5479 3943
414 90 2256 169 het sijnen tijde daer van preken gegeven ende geschreven

373 223 2324 165 dat ue soude sorghe draeghen datter geen embroulement

405 334 2279 158 en soude coemen ende gelijck ue het het gebeurt evenne

404 448 2270 197 ingesloeten dan nogh eens rekene van ditto twee

354 573 2302 156 parteyen s0o als ick die in mijn memoiiaell

362 672 2346 210 1 genoteert vinde die ue can naersien bidde mijne biekem

368 798 2317 202 niet te broulieeren want die gaet conform degene

364 895 2300 176 die ue my 31 xbre 1014 heeft gesonden aengaende

394 1076 2282 117 de wede van den Bussehe en Abraam van dan ldert

383 1162 2303 140 hebbe ue de reken gesonden die ie gelijck opingne

400 1244 2159 187 recken ste £88:1:11 a 38 sp ƒ is £ 37:8

424 1411 2238 129 waer van ue ingesloeten de versochte quitantie

416 1542 2273 118 toesende wel weesende als dandere crediteuren

426 1619 2276 132 niet meer en hebben genoeten nochte staen te

424 1761 2249 158 genieten ende dat soo met hun het volle accorte

404 1822 2285 170 il gesloeten dan can ue het geldt ontfangen ende

376 1944 2243 160 die overleeveren ende op myne lecken mij daer

423 2045 2192 166 voor crediteeren anders niet verders heeft ue

408 2216 2263 179 ingesloeten remise voor ue iehene gelijcke inde

394 2316 2166 186 hemorde van 16 deser 2 usos op

402 2415 2212 213 Deagh van stef £100:-:- diri het gene tick

397 2535 2220 176 voor als un offreert sijnde in het woleneraem

407 2681 2300 193 gauit geen affrreck principaelijck in de spaensch

344 2785 2350 166 laekens ende de witte dgoederen soo onder den

366 2920 2287 183 voet datte met de hooghe wissel geen rekenl

410 3035 2261 148 en connen rendeeren godt geve beeterniste

422 3162 538 167 at blijve

366 3167 2332 232 5 d laeste gesondene baele van voor leden aer

433 3337 1110 177 staet noch gepaekt

1919 3450 667 138 24 april 1715

351 3437 1047 185 Parjs houuscaux jen tiche

439 3521 2263 199 In antwoort op ue van 20 court venste wel het l

426 3638 2280 148 servement gehadt te hebben dat ue nu comt te geven

448 3711 2247 147 dan soudte men wat beetere precautie hebben con

2789 90 2235 167 nen nemen ue gelieve maer voorts te gaen

2789 177 2311 204 wordende ue conduite ten uytersten geagreet

2788 298 2326 160 ende den brief aen onss moura maer in tehoed

2765 444 2366 147 den Dr charpentier moet van mess hartoud

2775 561 2347 203 freres geconsulteert wesen want hy heft ae

2768 674 2327 225 Be seckmans de tanden coemen ne

2795 770 2316 284 ende schrijven al oft de pretentie oft de sau

2787 898 2325 229 een van  messierers in dis pictabel wa

2824 1048 2200 222 daer op heeft 1 Broeckmans hem geantwoor

2807 1163 2277 283 ende geschreven dat het des niet tusschen ue en

2814 1289 2311 254 hier haer niet en ractte a maer alleen aen

2815 1399 2293 288 s Cogels die gij de brieven genegotieert hadde

2850 1514 2254 332 gevende niet temen aen hem te kennen wat

2841 1665 2153 322 dien aengaende hier was gesoass eef ende

2814 1814 2258 299 seecke gelijck die in het sond bestaelt op dat

2826 1936 2234 363 hij soude oordaelen oft die voor die mess soo

2836 2081 2217 312 in des peettable goordeelt connen worden bij

2837 2208 2190 279 naer is haer brief van den selfse inhout als

2836 2360 2261 311 die aen mes moux onder ue dit schijve

2830 2521 2248 283 leene aen ue op dat ue daer van soude ten

2821 2690 2286 226 nisse hebben ende ue sigh naer gevenant

2813 2809 2253 254 connen reguleeren oft daer van iets te

2812 2949 2255 272 bert gnaeme hadde wij geweeten dat ue de

2786 3083 2338 274 saecke soo besteerde mensoude &He charne

2798 3226 2302 244 hier soo veele niet geschre hebbe mest imen

2817 3371 2310 212 het en can niet schaede want daer is due dat

2807 3506 2273 236 lijck genoch gementioneert. dat J: noeck

2785 3642 2294 220 mans haer die saecke niet aen endraight
