5479 3943
453 88 2313 147 van herten is het niet in de te laet het in andere

492 179 2127 158 voorvallen wesen want ue magh gelooven

456 286 2283 155 dat ick alles doen wat een eerlijck coopman

468 385 2290 200 doen can om te vercoopen ende calanten

487 500 869 172 te maeken

469 566 2292 214 Brussel Bernard van de Clooster Ady 19 Ary 1717

516 696 2160 222 Ick verhoepe cominuatie van ue gesontheydt

525 818 2159 127 mits ue mij versocht heeft ue, part te geven

512 928 2217 143 noopende het passeerende sn heete uisse polder

494 1033 2222 148 soto en can niet naer laeten  ue te adviseeren

541 1165 2066 115 dat de staeten van seelandt condelijck de

534 1222 2109 174 handt aent werck hebben gesteeken ende

518 1337 2086 171 aenbesteedt het groot gat te stoppen dat

504 1459 2097 118 dese weeke moet beginnen verhoepende

522 1531 2167 169 met Godts gratte alles wel sal siccederen

535 1659 2217 131 en twijfele niet oft ue sal al eens tegens soed

526 1764 2168 141 overcoemen en eenighe provisie noodigh

510 1881 2218 130 hebben: ick hebbe het meeste start van

526 1957 2211 178 mijne versche goederen ontfangen hodt dat

525 2089 2214 165 en hebbe soo schoon gerief van ales en sijn

526 2191 2231 143 goet als ue in tstverp en sal connen vinden

527 2299 2200 126 en als d'occasie sal ipresenteeren en sal

508 2406 2238 148 niet naer laeten alles te doen wat moogelyck

516 2534 2241 110 is om ue goeden coop te bedienen en soo blijve

422 2619 2308 197 Brussel Phristiaen Segers ady 19 Augusti 1715

535 2734 2205 202 ten weete niet wat het beduydt dat ue mij ten

525 2857 2228 146 minsten soo veel faveur niet en doet van te antwoor

475 2955 2285 157 den nu ue beeter te passe is en uytgaet oft ue de laeten

517 3044 2174 154 ende de bayen die ue heeft gecoght belieft oft niet

511 3142 2189 156 ick en hebbe imners dat niet gemeriseertt want

526 3224 2203 155 wie cander genercuser handelen als icken doen

509 3322 2205 138 laetende noch alles aen ue de liberatie dan soude

508 3430 2202 122 icker van connen disponeeren aengaende de

477 3545 2243 145 op aensche laekens mons. van der Borght heetter

490 3605 2246 182 drij stucken van een van ƒ 3:6 en ee van ƒ3:4

538 3707 2179 147 gelieftse maer eens te sien ende te oordeelen

2819 114 2025 144 oft ick te niet scandelijck goeden coop ue en

2808 206 2266 167 presenteere ick en weete nmet watter tusschen

2816 303 2341 166 speeldt dat ick ue niet meer en can vereropen

2800 417 2261 171 daer ick in sinceriteyet weete dat ue nergens

2840 553 2182 147 beeter nochte beeter coop en can bedient

2817 653 2275 134 worden ick blijve ns afwaghtinge van en

2807 748 1147 163 lester antwoort ul

2797 834 2291 237 Brussel n vander Borght Ady 19 juy: 1717

2844 1021 2164 145 ingesloeten heeft ue het faetierken van de drij

2819 1086 2222 226 spaensche laekens ue voor leden woorsdagh

2806 1203 2319 179 met het beurtschips toegesonden in een paxke

2843 1311 2281 217 gemerckt NW: bedraeghende in wisselgelde

2832 1418 2256 189 n330:3 waer voor mij gelieft te crediteeren

2808 1555 2253 205 ue weet ick van alles voorsien ben doccasie

2823 1669 2336 212 voorvallende recommandeere mij en ursen

2836 1786 2352 209 want ick doen al wat ue soude connen wenschee

2848 1925 2347 179 en soo blijve naer minsaeme groeteniste

2854 1983 972 153 alt aen ue susters

2803 2071 717 192 Brussel C. segers

3851 2058 1238 189 Antwerpen 2 meri 171:

2795 2221 2185 168 ain antwoort op ue missive van 20 cour. is het me leet

2824 2324 2278 117 ue noch al indispoes blijft en ue beminde opastelijck is

2831 2404 2294 180 geworden. ick vertrouwe door hodts gratie dat het van

2794 2493 2259 187 geen qualt gevolgh en sal wesen ende dat ue beijde p

2811 2595 2310 189 eersten sult wesen eerstelt conform ue ordre hebbe ue

2819 2705 2193 179 gisteren p Beurtschip in een paxhe gemerckt 3

2814 2797 2186 188 afgesonden de nwee gementioneerde spaensche entwee

2820 2948 2334 134 geperste aaekens nevens de drij bayen bedraeghende in

2795 2994 547 165 wisselgelde

3699 3002 1443 152 waer voor mij gelieft te crediteeren

2807 3100 2316 152 ende de selve eens wel te examineeren oft het niet en

2820 3203 2278 112 is gelijck ick ue geaffirmeert hebbe dat ue vergens nochte

2827 3294 2307 144 oock in langen teydt geen beetere qualheydt van laekens

2819 3393 2281 112 en heeft gecoght nochte en sal coopen: gelooft mij dat

2832 3505 2191 121 goet en con sijn meester geen intiest vendeeren. ick

2811 3553 2328 149 sal tot ue antwoort dan laeten segghen dieder noch sijn

2836 3657 2264 120 oft ud eenige eu rieuse carseyen affswaere bayen noedrge

2835 3748 2220 79 hadde ue en salder mede nerient tijndere noch schoonder

2819 3810 2275 69 becoemen en cander altijts al wast maer van ider een suc
