5479 3943
410 88 2275 179 maer voorts gaen want daer sal aen ditto heer

412 208 2239 176 charpenteer geantwoort worden dat het jouff

420 288 2237 182 broeckmans sacke niet meer en is dat sij de

414 405 2255 245 penningen ontfangen heeft ende het urp

424 547 2244 255 der selve onder anrest staet soo van Dh iche

432 691 2224 223 naerts hier procuratie hebbende als oock

424 822 2236 205 vande crediteuren ende dat hij in conseen

444 939 2238 230 tie niemant en magh favoriseeren of daer

442 1080 2243 209 in niets in het mensten doen en can wilt

424 1227 2240 179 ue ooch wel vermeyden van iemant con

421 1354 2214 207 fedent te maeken oft tennisse ergen van

430 1481 2220 242 te geven maer u alleen houden aen ue

434 1599 1060 224 principeiem blijve

1740 1791 479 150 4 meiy 1715

359 1754 1089 181 Dermonde Pierre de Baut

463 1887 2196 213 heden sende een clijn paxke gemerckt MS N beeert

449 1997 2200 190 schep opdermonde dat ue consigneere p ordre en

449 2103 2222 208 voor riet van mons mathu Branks tot ath gele

437 2225 2229 187 ue op ontfanck sonderuytstel het selfde aen hem

445 2325 2187 198 voorts te senden alsoo hij daer bij gepresseertis blijve

1856 2451 590 157 4 maij 1715

341 2425 977 205 haet marheue Brants

359 2526 2300 224 pr reponce a l'honneur de la chere vre du 26 du

360 2644 2245 199 passe je ne pouvois plus tost q ce jourdheey vs

375 2754 2281 201 envoycer la marchandise q me mandez en suitte

367 2872 2287 181 done a vre ordre je les ay mes sur la barque pr

371 2971 2302 157 termonde a l'addresse de pierre de aut dans un

380 3078 2279 218 jeetit pacquet marque N8 envoycy la facture

385 3184 2262 231 portante en argent de change ƒ 389:8 dont il os

393 3299 2267 213 plaera me crediter et me remettre quelq chose

401 3424 2202 180 a bon compte come me pro mettes vs excgee

391 3510 2274 199 beaueoup des conditions des marchandises il vs

381 3642 2292 207 plaist de considerer quil n'est plus comodes

2763 138 2331 150 plesses quelles sont plus cheres neapmoins vs en

2788 192 2299 210 ferez content car personne ne vs  puis piecus

2822 312 2232 240 server jespere q ns aurons l'honneur de vs

2804 468 2254 188 voir cette estee vs trouverez tres onassor

2812 591 2277 202 timent de toutte sorte de marchandises chaz

2798 713 2292 217 moy et je tacheray tousjours a vs bien ser

2789 835 2290 204 vir et entrete nir l'honneur de vre cha

2801 1016 885 198 landise et suis

2796 1146 2298 174 slas plaira d'escrere a ierre de Baut

2797 1237 2281 240 afin quil ne tardi pas a vs l'envoyees

2742 1336 2347 243 weds willeam Cockson 4 de may 1715

2791 1494 2293 240 je me trouve sans vre reponce jair 2 de

2792 1643 2292 186 neeres 13 et 25 avril pr les queles je vs ay

2788 1742 2281 214 remis  200 et  £100 ensemble  £ 300 de

2786 1843 2309 214 la derniere ay incluse la seconde grace au sicy

2799 1951 2296 201 peur sohn watson est arrivee avec le ballot

2782 2079 2277 152 N8 de draps et thomas walles avec  N10

2810 2203 2261 148 de bayes dont m envoyez le connossement p

2808 2326 2211 202 la chere vre du 25 du passez nais jenay

2824 2440 2253 167 encor rien apris de leter hierver avec le ballos

2805 2537 2285 247 NN9 de drap jespere quil arrivera bien toit p

2829 2652 2240 197 la grace du jicgneur jattend la facture etes

2823 2770 2259 197 chantillions die demier ballet de mon ordre

2809 2910 2262 181 pr des draps cinnamond moitie et moitie

2790 2999 2289 233 silvergray et q 'en aurez eu plus de soim cas

2798 3119 2277 201 les silvre gray dans N8 ne vaille nen ne ac

2822 3235 2258 157 cordint pas a l'eschantillion  vs agt en

2786 3331 2305 190 voyce ils doivent estre plus melangie de bled

2809 3428 2277 244 vs navez qa voir a mon eschantilliones

2793 3558 2292 177 teur receu cette la miinnens aurez la bon

2792 3671 2217 211 te depipares 4 ballot de draps chque
