5088 4009
404 103 2100 135 ontfinghe ick bidde ue ingelijckx te noegileeren

402 220 2017 152 om op londen voor ing cena s £600 af te geven

423 281 1975 144 ende de weerde te trecken want het is secken

410 388 1990 156 dat van langen tijt het avantagieuserisge

408 478 2083 167 weest betrocken te worden dan wel te remitt

418 588 2086 174 teeren met brieden gisteren van daer geerne

415 680 2054 223 veert woort genoteert de wissel op antwepen

442 813 1884 155 aent vallen te wesen en reets op  36:7 sos

425 922 2087 149 dencke het soo sal comen dat ue mijne comessee

422 1035 1975 182 sal connen volbrengen dat mij ditto remises

412 1139 1961 182 met prooisie het net boven de  35:10 a  36

421 1270 2055 196 soude coemen oock wensche wel ue gedachten en

425 1372 2032 190 sijnccelaties te vernemen oft ue geene veranderen

428 1479 2032 207 getusschen hier en amsterdam te gemoet het

436 1575 2011 188 want met laegh te wesen en isser geen vrecht

460 1677 2027 205 te becoemen als ue mij op gredelijcken intrest

459 1794 2011 221 op tijts soud connen remitteeren bidde geene

490 1929 1919 186 occasie te verseymen ue en can de weerde

445 2012 2042 189 maer trecken aen den voet deser den wissel coee

454 2173 298 171 blijve

1657 2192 501 148 7 Juny 1714

278 2227 931 185 Brusselle J: Beckmans

453 2297 1965 230 volgens ue aengenaeme van gisteren soo sende u

452 2411 2007 196 boede die desen avont ten acht heeren vertreckt het

430 2538 1985 204 quaert geel laecken dat ue mij ontbiet n een velle

433 2623 2034 193 sken met ue addres sijnde N190  21 ½ 2 £2:14

402 2719 1979 225 ƒ 76:19 wes: gelieft morgen op ontfanck deser daer

403 2810 2039 231 doen naer te sien verhoepe het ue wel sal te hant

411 2948 2032 149 coemen recommandeere ue mede mijne ratos

425 3069 1969 149 van heden sicht te betaelen aenden d'ordre Dhr

434 3152 1979 220 Jacomo Rousseau van £40 vlaems wis: op rect

384 3272 1567 195 3 ende naer offres mijns dinste blijve

321 3339 2099 239 Bruxelles Jacomo Rousseau Ady 7 Juin 1714

413 3474 2039 167 Jay bien receu en son temps lhonneur de la chore

356 3600 2088 155 vre du premies du cour. depuis ie suis saystait

436 3688 1900 148 de vres remise a charge R Lheureux de ƒ600:-

441 3763 2016 124 de change eschey au 61 may ie vous r'emitte cy

2647 101 2197 200 incluses estant trois de mes traittes payables a vre

2659 209 2173 146 ordras de £133:115:2 ensemble comme au pied de

2641 316 2302 155 la lettre doutre vous prie de vouloir faire procurer

2637 429 1723 148 le necessatree me crrediter et croire

2647 553 1521 182 a veue a charge h. Rijssels £50:-

2621 659 1524 193 a veul a charge Jean Peeckman„ 401:-

2624 774 1699 199 Jours edacharge Hasles Lindekent „ 43:15:2

2621 908 2259 192 Peetenisse y. verspooten ƒ133:15:2 8 Juni 1714

2696 1015 2231 214 &ict tegenst aende ue poscteve te losseen dat de maiy

2722 1172 2216 175 van meij niet en soude ten eynden gen geloopen

2728 1255 2178 192 hebben oft dat ue mij soude comen voldoen gootien

2736 1364 2193 186 ick dat alles maerwoorden en sijn ende det ue

2738 1470 2183 155 mijn discretie mis bruyckt ick coeme dan voor

2747 1570 2178 222 de laeste uiyse noch eens vrindelyck aensouten

2733 1691 2177 203 ten eynden van betaelinge en ue seggen dat ue

2712 1804 2204 190 selfs wel can considereeren dat ick andere med.

2703 1927 2208 157 delen sal moeten ter hant nemen die u

2718 2006 2217 202 voor coemen met redere te gebruycken ende te

2736 2111 2188 273 doen gelijck een pachter verobligeet is te doen

2743 2233 2164 244 sal verwachten oft ue dan sal opsien oft niet

2774 2429 343 163 blijve

2631 2475 2201 248 Bruxelles Jacomo Rousseau Ady 9 junii 1714

2735 2612 2135 176 Jefsp l'honneur de la vre dhier geavez bien reccu

2694 2724 2070 196 mes traistraittes et en obtenue acheptation au

2759 2840 2101 140 resquard deere remise& incluse qu 12 du courant

2756 2929 2107 188 a charge le sr P:heureux de ƒ700:- de change

2788 3048 2135 119 s'en procureray le necessaite en sontemps. ie suis

2668 3126 1201 145 Brusselle francois vanden hecke

4149 3139 535 145 3 gu £ 1719

2744 3215 2192 148 Iote hebbe ue aengenaeme van 1 Junij wel ontfange met remisse

2768 3315 2151 85 van £300 op r pietro roly die de selve geaccepteert heeft

2760 3379 2180 123 ingecoemen sijnde sal ue daer voor cwediteeren ende de nestvant

2770 3459 2168 132 geene ue mij schuldigh is met plaesir afwachten want jao

2726 3534 2200 125 als ue moet besenne wesen niemant i de wercelt sal

2740 3615 2174 134 doen dat ick tuer regarde gedaen hebbe ende dak om

2721 3679 2222 117 vrenschas te onderhouden en ue delandis ie te heben

2715 3775 2188 101 ende niet temen ue gont een ander den pennince en mij
