5479 3943
493 85 2125 170 van festen heeft godt danck ten mijn huyse

489 169 2184 149 wel gearneet wesen vertrouwe dat ue beter

482 286 2179 169 in staet sal oesen om ue van sortimen te

493 394 2102 182 connen fornieren ende dat het godt sal

495 519 2174 246 gelive dat ick wat meeder inganck en savelu

457 635 2086 194 bij ue salvende sullende in alles mijn

479 753 2113 224 beste donn dat in mij n macht is om ue

488 860 2175 231 calanditie te mogen onderhouden want

480 978 2201 284 het chagrineert mij dat ick sien dat mijn

454 1132 2220 269 houde calanten geen appaisement meeren

470 1261 2203 189 can geven ende dat die verloopen daer ick

442 1394 2230 284 soo genegen ben om de negotien te onder

462 1529 2198 271 houden blijve naer wenschinge van het

438 1691 2218 274 salich hooghtijt van passchen als mede

473 1883 848 137 aen G ue hesters

1882 1982 668 158 18 april 1715

378 1946 1209 247 Rotterdam Rouijs verbeugh

436 2082 2228 168 refere mij aen mijnen laesten 18 court naervele

463 2202 2213 138 moerten sende ue dan ingesloeten de gerequi reede

436 2308 2238 152 aftestatie in forma soo als ue versoeckt heeft ick don

430 2425 2248 143 ke dat ue voor nu van die gelijcke der coop lieder in

422 2522 2242 164 hollant voorsien sijt ende dat godt sal gelieve dat m

423 2640 2259 197 mij eijndelijck sal justitie doen ende desentresse

426 2733 2256 205 ren want het is buyten alle forme soo dat ick in

430 2848 2253 159 dese saecke getraehteert wnde godt vergeve het

424 2957 2253 218 hier gelijck ick geene vergeeve dieder de ooresck

420 3062 2245 167 van moogen weser want het sin saecken die n

430 3176 2233 175 in hollandt gehoort wesen dat men sulcke ce

413 3276 2274 181 cannes maeert ende de negotie soo drieckt geloot

415 3362 2261 249 vrij dat dese affaire alhier nue ruckt baer worden

423 3485 2243 202 soo daenige indt uck en aversie causeert dat nie

419 3626 2259 151 mant inclinieren wilt om lanckx hollant

418 3728 2182 133 te passeeren ende dat het groote schaede aen

2807 93 2236 172 het gepropcteerde en ue rekent alt lr

2820 210 2276 194 heeft gedien gelijck ick ue te vooren hebt

2808 330 2288 195 laete weete door den tijt sal ue de waerheyt

2822 435 2269 231 van dit mij n stellen ondernenden bidde

2804 569 2283 193 ue dan van niet laner teeder

2800 703 2286 209 dat ick eynde van afdere magh c

2805 842 696 163 en soo Blijve

2806 919 2292 225 oft John watson van heelle quaeme te arriveer

2830 1038 2261 230 bidde mij het selve instante

2800 1160 2295 217 hebbe daer mede 1 pack &N8 met dosyntien

4213 1281 868 186 1  april 1715

2788 1343 1179 191 Amsterdam S. Rousseau

2793 1419 2291 247 refere mij aen mijnen eeft van 15 cout wa

2799 1557 2278 208 y ue herbe geremitteert in 5 brieve ten la

2790 1662 2312 260 ditverse de somme in banco de som £1054:15

2783 1777 2281 244 s verhoepe de selve ue wel sal terhant ge

2799 1918 2237 193 come heden op costij wat willeger wes ende

2812 2052 2255 184 en vinde net ongeraede ue daer van ien

2817 2158 2280 276 mote te geven om dat ick bij de retoure

2814 2302 2288 208 wat magh profiteren want bij het gepas

2801 2422 2302 212 ssert is het slem genaee weest verwacht

2821 2565 2267 180 dan met de venditie wat sal connen aen

2815 2681 2286 245 treffen en mij remitteeren en soo blijve naer

2823 2782 2254 256 wenschinge van het saligh hoogheyt van pos

2834 2965 657 201 sehers soo bbij

2783 3053 943 181 ondon &. de Dorpere

3948 3044 1132 280 Antwerpp 24 April 1715

2796 3182 2162 211 met verwonderinghe hebbe ick becoemen beijde ue

3997 3319 398 99 28 meert

2794 3299 2241 193 misswes dato ½ tebruaris en  deser ende gesien het

2794 3406 2129 169 crieur datter begaen is ende dat mijne rekene nu

2800 3529 2251 195 wort gebroullieert met twee parterskens die voor

2788 3626 2205 160 ue reken hebben geweest ende ick hebbe voor ue

2784 3716 2273 130 ingetrocken ick en weete niet beetertoft ick hebbe ue
