5495 3943
452 90 2076 199 Ain Ignace horionAdy 28 xber 1715

557 197 2150 170 vre 24 cour reccu. le vre remise sur de landas a

537 339 2117 170 Bruxelles a jour le vene de ƒ360:- de change ie

535 440 2232 194 procureray le requise les souhaits de la nouvelle

517 562 2200 146 Aunce of recommand a rous pour la faveur

513 675 1148 153 de la chalandise bte

421 766 2138 159 mons JBapte Le BBleurAdy 30 d. 1715

535 920 2097 138 ie merefere a ma derniere  du cour. ie vous vire

523 983 2244 192 ceiourd huy a vene a lordre hieronime van scarembnge

509 1125 2159 157 les ƒ150:- de change que m'avez ordonne. offres de

491 1209 761 156 services e

423 1257 2280 238 Brussel heonmo Rousseau  Ady 20 ditto 175

525 1416 2246 165 conferm avec vous solde £187:13 quil me vres

479 1572 2122 169 de reste voyant que trouvez le coppte courant

517 1630 2244 197 vous envoyee de conformite pr la vre 24 du courant

524 1718 2140 212 manty iondre en a reccu la valeur de la

512 1805 2211 199 remised incluse sur de landas de vre ville a fous de

505 1935 1471 205 vene ƒ360:- de change de

416 1992 2321 271 Amtterdam franc. Rousseau Ady 30 ditto 172

513 2181 2218 163 viude my verkeert met ue van 1½ en 23 deser met

508 2271 2218 174 mijne reken. cour waer bij de partyen wel d'accord

531 2401 2230 142 bevinde dogh ue heeft vergeeten mij te creviteeren

503 2460 2257 190 voor £3:6:8 dat mij voor een maendt intrest van

524 2587 2243 141 1 famiarie tot februa laets leken te goet quaeme

510 2673 2260 189 verders abuseert ue sich in mijn presuditie noopenso

511 2803 2260 171 ue provese dat niet en can wesen van £ 5756:14:9

522 2871 2255 176 a 2 preta £ 38:15:6 maer uyterlijck van £ 5043:19:4

506 2979 2265 195 20 dittis doerdien de partje op dry weghen niet en

491 3091 2154 184 hebbe geprofiteert ar ter contrarre ue sonde

512 3197 2250 166 acceptaire in protest terugh gesonden den bidde

508 3299 2188 194 te redresseeren en my in nieuwe Rekene te

449 3411 2300 168 crediteeren voor banco £29:15:2 boven de £1000

426 3520 2307 157 die ue van myten vnderen is hebbende ende

467 3641 2272 181 daer ue p naesten over sal schrijven. iee

2224 3713 98 108 29

2366 3725 101 98 2

431 3751 100 117 d

2941 93 2255 225 Ad Maiorem Der Deiparcque virquis

3251 283 841 217 Marie

3049 438 1599 260 nonorem et Clordam

3341 648 867 234 Anio 1716

2827 822 2323 223 Amsterdam Fran RosJeau Ady 8 Januart 1716

2869 996 2230 193 conform ue 30 pasto hebbe geschreven noopende

2844 1111 2290 171 ue gesonden Rekeulcourant ntoet het vervinden

2824 1232 2355 198 oft stot my competeerende vet £23:3: 8 geangnen

2836 1332 2232 196 teert worden met £3:6: 8 voor  vant

2826 1450 2225 219 Juarss tot p februart en £3:10:9 my te weel

2846 1567 2229 149 in provisie be last sijndee dan £30:1:1 soo als

2836 1664 2283 209 ue in dato 30 xber 1715  i euwe aken hebbe

2840 1798 2303 189 gedebiteert en niet £24:15:2 dat u brisievelijck en

2824 1912 2207 179 met ter haesten is geschilt bidd dogfren te

2842 2008 2220 196 veranderen want hebbe e alsoo gedebiteert

2853 2113 2248 211 met voorder abanco £1000:-  ue van mij

2850 2223 2319 200 ten onderen is hebbende wj sijn het nmen wesaer

2831 2332 2323 188 ingesreden. ick wensch het ue van herten tavoudbe

2842 2438 2226 196 haer suel en lichaem ende dat goet gelieve

2834 2553 2299 178 occasie te verleenen dat het ans van meerder

2838 2686 2332 126 mit als de voorsaende magh welen : ick de

2826 2754 2366 167 ue mij soo veel plaiser te does dat ue een provs

2822 2849 2364 153 een ick een intrestien magh hebben en daerom

2847 2977 2220 129 te willen n gleeren alser iets van profedt

2827 3075 2331 142 voorvaldt. tright maer sichp lasse te weerde en

2820 3189 2374 136 remitteert  gene ue can aentresfen enhet

2846 3294 2296 96 sal mij altrott aengenaem wesen de veran

2821 3358 2277 177 deringhe der minte in vrenirrijck sal weel

2820 3481 2353 135 uhnie genoemene mesuret qpuelijck v

2836 3577 2318 152 ick swemme liever langhs ul ten als mij aen

2840 3633 2314 182 de ongestudenigheden £  e risueeren

2847 3746 2338 132 s het prootijdt clejn de schaede iasts al niet siierte
