5445 3934
694 101 2145 100 en levendigh te houde de actees in engelyent

679 140 2157 191 gaen wornderlijck oostendische compagriel ƒ65

672 258 2212 188 banque 140 fuyt 80 a 102 a 102 ¼ voor het

672 383 2165 172 geene daer bysgeintresseert wesen dan daer uy t

684 462 2153 151 eene schoone reck vinde en maecken doch

575 582 2286 177 & tot het vercoopen en can met reso veeren

657 679 2123 192 taute van en ploye ten waere reden ha

2566 754 306 129 Jun

651 786 2221 209 sulckx te doen ende daer om aen soecke ande

667 921 2167 158 te vrinde e irs vernemende ue

2659 1014 185 71 goeden

666 1029 2221 164 mij hier advis te adviseeren nevens henne

665 1119 2216 208 raet ende daer mede sal ue mij obligeere die

649 1253 361 170 blijve

2155 1322 652 177 22 sber 1718

584 1343 1358 242 Mechelen Pornneur td herbe

650 1472 2134 184 Ick hebbe ue ove eenegen tijt geschrean mijn dienst

642 1548 2220 247 e presnteert en aendocht het bagatille ken dat ue

627 1675 2218 202 mij schuldigh is mij te wille voldoen ick en

606 1776 2265 203 hebbe van het een oft het gander geen affect becoeme

620 1883 2137 193 redeme ue andermael oorende lijck  soo te

628 1960 2254 242 vernoch dat sal afwachten want men heeft sijn

642 2091 2144 253 selt met dese tijde alnoodigh en men weet

626 2191 2211 239 niet waer heeren oftwende met de brage betae

639 2281 2184 226 linge daer ick ue ceen dinst doen gelieft maer

648 2401 2183 196 te commarderen ben van alle orde van sgoede

656 2522 2034 183 ren seer wel voorsien tot ue dinste blijve

2048 2586 599 188 22 sber 1716

551 2675 1028 168 Brussels R doute dan

674 2681 2171 226 ue aengenaeme van gisteren hebbe wel ontfange

680 2813 2180 207 sent mij het ¼ blouw ratien ende ick sal aen den

674 2918 2201 178 beede die het mij t brengh ƒ4o voor ue ter hand

685 3015 2168 211 stellen alhoewel ick bij het vercoop geen gelt

697 3109 2162 222 en haygen nochtans daer en is my niet aen ge

677 3204 2162 213 legen om ue dienst te doen en mijn achter

683 3297 2192 186 sselle te becoemen aenaende het geeneu

682 3397 2178 198 my schrijft coopt wolle en stelt alles soo het ue

662 3483 2186 203 belieft voor ue iy ge ick als ue my rattienen

670 3613 2053 198 wilt sende sal die voor ue eek vercoope

2990 99 2292 166 ende ue geet sende ende ue sal op mijn goetver

2986 194 2297 132 de coste dat ue belieft dat de neet mij het beste

2986 248 2241 200 en oock voor ue eyge het profctabel te te wesen

2994 343 738 143 ende soo blijve

4286 421 925 144 23ap 8 sber 1716

2933 428 863 212 Gent J: Ardesaedelaer

2970 514 2308 175 met ue aengenaeme van gisteren becoeme remis e

2971 654 2238 120 voor die Ak op 8 comeles van wingen van 7:18

2961 724 2164 146 sber uyt conde res  £78:12:8  1:7

2939 830 2341 167 ƒ143:16: 8 waer voor op morgen het noodige tel besorge

4517 921 504 65 van anstendam

2962 930 2323 129 voorleden post wweert den se cugnotet

2956 1008 2249 154 2¼ a ¼ niet tegenstaende is alhier rge gisteren in

2957 1090 2285 169 banco 23 a ¼ hoe het met de brieven van d'aen

2941 1178 2347 160 desen aront sal af coemen can ue niet melde ock

2952 1264 2309 186 ter boven de 2 pert en can ue niet een raede

2959 1357 2312 165 daerwaerte brieven te accepteeren doch dit

2957 1432 2332 179 wille ue wel versoecke als ue brieven op ams

2949 1512 2327 224 terdam in bane op tijt contren de tot adva

2938 1624 2245 190 vantagie aadoenant dat het mij aenge

2939 1727 2273 188 naem wesen net sal die in mij hog en ue

2917 1846 2315 150 die goet doen sonder cortagie gelijck mij sal

2942 1926 2339 199 geoffrect worden ter borse londe 2us 35

2931 2014 2353 224 ƒ10: a11 comt van daer met de laeste breve

2938 2145 2356 184 15 sber N36.7 een selfs sicht pr cesse betoeke bet

2917 2233 2353 191 N36:4 voor em playe dat daer noodigh hadde con

2952 2334 2298 162 tant te betaelen in alle occasien gelieft maer

2947 2459 1452 193 te desponeren van die blijve

4337 2499 716 166 23 ober 1720

2919 2568 979 176 Bruxelle J de broyen

2959 2585 2305 222 neme de lebentije op ue te reen aen dondre h

2926 2705 1979 193 Jacomo Rousseau te bet acls o 8 daege sicht

2930 2761 2323 226 van ƒ800 wes: op reck dewensdecke ue g nief te

2930 2899 2366 129 recheere ens ue sal myj plais ir doen want en hebbe

2928 2975 2365 192 noyt soo daengen hijt belieft al tegen worde n

2936 3065 2335 181 daer en is togen wordigh met eenen se ver van

2932 3150 2346 144 de uyt taerde schelde te ontfange ofte eets ten

2921 3241 2375 151 moyde te vercoope daer men met veele goedere

2927 3342 2307 157 belast ben ick doen alles wat moogelye s

2917 3432 2282 140 om mijn calancke te gerieten aco ue m

2916 3535 2320 175 ick tot ue dienst nood igh beliet op mij te

2916 3648 2245 143 heijsen die naer cordiale geve en as

2931 3776 895 79 ue soe mende blijve
