5158 3978
390 75 2144 177 traitte d'une bagatelle quil me vienne a

394 179 2111 173 Dancel hays de londres surluy a veu dest £20

427 281 2076 194 il vs plaisie en faire procurerle payement

409 399 986 192 me crediter et croire

1744 482 460 201 16 July 1714

366 520 996 200 Rotterdam Dionijs verburgh

388 622 2193 193 Beyde ue aengenaem 6 en 10 deser hebbe wel ontfangen

432 738 2071 182 ende p ue ersten gesien dat niet tegenstaende ue de

431 813 2105 194 saeckke wegens mijn malheurens pack soo verre besteel

419 922 2146 178 heeft dat den raet de benaederinge ontseyt heeft en ue

434 1028 2124 161 de ontflaeginge echter tot nu toe niet en heeft con

447 1113 2093 177 nen obtineeren oeden van een hooft dat sich daer

463 1224 1995 177 tegens opp neert het sijn dereve eeneve dat men

444 1308 2143 146 menschen vint die tot een anders naerdeel hiern

470 1444 2093 178 capiciu willen uytvoeren ick hoepe dat den keere

470 1524 2107 193 het ten laesten tot een gewenst eynde sal brengen

473 1639 2095 204 wel ovvertugght sijnde van ue groote moeyten ende

482 1759 2080 157 devoiren waer van te nootsht ben ue de contine

481 1870 1953 182 atis te recommandeeren p ue laeste sien

478 1978 2056 192 Godt danck het geliecigh aprive ment van Peater

476 2088 2099 132 henter van hel mijne packen sijn &N1en dee

453 2192 2079 194 hertelijck versoecke op een vige lant soeurtman

457 2292 2096 202 p eersten op antwerpen gelieft te de pescheen

458 2392 2067 215 sijnde daer bij verlegen het sijn beijde dosijntiens die

452 2516 2132 188 op s ider moeten gereduceert en aengegeven worde

462 2623 2119 157 N1 is op  654 ¾ a 819½ costende sonder het bereyder

455 2739 2124 199 provisie oncosten ende de weerde der t cassiyen e

483 2854 2109 170 mijne niet en moeten aengegeven worden £111:11:11

479 2928 1967 178 ende met de voors: oncosten st£ 138: 2 N 3 is op

462 3023 2085 200 4 626¼ p835 costende sonder het voorschrevert s

459 3128 2103 148 136:38 ende met allen de oncosten contorm het

452 3210 2113 142 eersten netto  157:9 t ick geve ue de claere

460 3298 2105 178 nette specificatie op dat ue in alles naer reden sou

453 3389 2088 203 de menageeren ende oock mij buyten alle nocy

449 3512 932 208 elijoke houden blijven

4273 82 568 151 16 July 1714

2630 70 1254 156 Amsterdam Francois Rousseau

2697 211 2200 159 bij ue aengenaeme 42 deser ontfange ue 2 briefkens

2738 282 2185 195 op dh ffrancois ensillion en  ƒ1010 wisselgelde

2710 379 2227 191 waervoorens ue conform hebbe gecrediteert af5 prt

2716 476 2179 184 £ 159:18:4 het is mij leet soo weynighe orcasie voor

2741 518 2240 246 valt om my voorders te remitteeren sulckx blijft

2745 679 2194 254 ue niet te min gerecommandeert de weerde

2737 806 2209 277 daer tegens in mij treckendt aengaende de £1000

2740 912 2188 254 daer ue voor mij mits in staende gedisponert

2748 1037 2198 278 heeft op 20 augusti vallende for us a 2 pres

2747 1107 2231 271 ben tevreden voor  bie soo ue het beste gerae

2753 1235 2205 288 den vint te prolongeeren op de selve cond

2745 1347 2222 261 doch de maent van te voorens op seggen d'ende

2754 1482 2176 304 gereserveert te blijven andersents en can ick

2747 1593 2211 291 noyt bj faveur in wissel daer van profitie

2742 1709 2213 277 ven welcke cenditie ter swaeris gelijck ue mede

2757 1841 2215 248 moet advoiceeren ten vervalghdaege zoaue

2734 1945 2186 278 sal ue voor den intrest a rato 2 prt banco t2s

2742 2102 2219 202 debiteeren soo men mij seght ifter in hollant

2728 2243 2259 166 savorabele occasie om nu en dan van pennin

2734 2348 2226 254 gen te disponeeren in obligaties ten lasten de

2745 2445 2157 266 provinties die present seer laigh wesen ende

2737 2579 2166 213 jaerlijckx voor intrest 5 grt rendeeren soude

2713 2688 2239 168 daer inne wel t neculatie maecken te meer om

2763 2812 2210 214 dies wille die hooger in peys van caitael staen

2763 2922 2209 219 te coemen soo den generaelen vreden getreffen

2763 3029 2212 239 sal wesen ende de saecken geeijndeght daerom

2771 3144 2167 203 bidde ue dien aen gaende sich eens gelieft te m

2747 3253 2226 221 formeeren oock wel cke proventie de beste betaele

2743 3369 2233 196 en in reputatie wesen tot mijnder spiculatie en

2733 3492 2256 161 governo het is wonderr ue mij nogt iets en melt wegt

2748 3584 2228 192 de loterije ben in ver langen oft die staet ge

2728 3693 2262 133 trocken te worden oft 16 ap niet mets de wessel aen
