5523 3943
512 94 2245 143 Rotterdam Dionjs Verburgh Ady 10 februari 1716

601 225 2236 116 met ue aengenaeme van 7 deser wel ontfangen de twa

578 341 2252 133 gementioneerde remises van beyde ƒ1500:- selve dat

562 387 2272 190 1en 2 usos op de wedue michiel van Coolons tot mechelen

571 513 2259 163 als a  ƒ 1511:5 en a 1 ¼ ƒ 1518:15 saemen hollants courant

564 591 2253 151 ƒ 3030:1 hebbe die om acceptatte gegeven het geldt op

577 723 2239 136 onde binnen plaesschen en can men niet dien door te

548 800 2292 153 boeden laeten ontfangen en moet ycoste soo dat

584 910 2257 153 ick opsicht tot den self den prijs hadde connen trecken

563 1023 2263 138 als ue mij op uso remitteert hoewel ue dier de brieven

545 1147 2280 115 niet passeert soo dencke ue mijne voorige wel verstaen

566 1228 2240 155 heeft want sonder aveeren mijnder vrinden en onder

542 1336 2251 150 hebme ick die niet hier mede de Reken van wissel

581 1478 2205 136 gesloeten sijnde en wille het is niet meer verghen

538 1554 2007 142 sulende het laeten berusten dogh omdat ue

569 1651 2042 157 uytsseecht het afgeven voor londen ende dat ick

541 1692 2246 204 doergaents derrewaerts brieven noodigh hebbe soo bidde

558 1866 2147 167 mij eens voor al ue resolutte te laeten toecoemen

560 1971 2234 141 oft ue daer in a aen soude gelieven te cominueeren en

554 2088 2279 130 inne te staen oft niet voor andere plaesschen afsegeven

553 2180 2263 141 en brieven op tijdt op dese quartieren in te coopen

496 2271 2327 189 soude ue mj plasser doen rands van goede repitatie

546 2382 2268 179 acosty aen te wijsen die een man van goede condiite

529 2487 2298 173 magh wesen want luyden van groote maght als ue de

546 2587 2245 168 en facquet meyers mijn dom ue Piierman sion

517 2700 2324 214 sell wel het ver van den pos soeken ofte sehmijmen

564 2785 2240 205 en een provisie weynigh estimeerent ten requarde

543 2913 2265 171 van een ghiuristes en daerom moet men dan sich

580 3026 2097 150 aen wat minder gewicht ballanceeren: het is

563 3123 2250 149 wonder acosty nogh geen Engelsche brieven waeren

518 3230 2205 124 die arriveerende geloove niet London soo hoogh

512 3351 2216 125 soude wesen hier is wederom veranderinghe die

526 3458 2300 143 hollandt voorleden post tot  banco en 1½ courant

543 3563 2204 125 weynighe brieven. heden veele brieven en geen geltt

574 3623 2228 185 als tot 34 banco en courant 2 preto Parys 2 Nos 80

537 3734 1999 128 cort sucht wel 82 London 2 nsos 336:6 a 5-

2888 107 2253 157 verhoepe door Godts hulpe p houwlatson p eersten

2897 232 2327 151 sal connen arriveeren daer waeren diversche scheepen

2887 334 2067 160 voor de wal van iende en reets een binnen

2905 425 987 142 groete ue en blijve

4060 531 991 187 Ady 17 februarii 1716

2867 536 858 159 Amsterdam Rousseau

2918 614 2207 211 ue aengenaeme t0 cour. hebbe wel ontfangen dogh

2918 751 2231 164 leet wesen sien ick dat wy mach anderen vrichteloos met

2895 843 2155 158 schrijven aenhouden sonder eenigh het minsten effeet

2915 945 2269 149 die it brieven is waer voor ue opaennemelijck waeren

2922 1067 2162 140 t5¼ a 8½ usos toe daer wonder de 3  niet conde

2909 1195 2329 90 trecken misschien dat den gever geldt van eenen laeghen

2920 1246 2155 139 courr van 2½ preto ten onderen hadde anders is het

2922 1392 2265 123 on begrijnelijck van post tot postisser pretent veran

3820 1426 240 96 en hoe

2904 1461 2181 130 deringhe in de wissel can ick ue om advantagie

2919 1547 2254 133 te verwaghten remitteeren ten sy dat het wederom

2916 1666 2091 145 opt laeghste geoordeelt wirde hedn banco 2 a

2916 1749 2185 187 courant 2 t laeger coemende oft stant houdende

2906 1844 2159 147 sal echter een £1000:- at geven en ue toesenden

2906 1979 2197 154 maer dat is het werck doorgaents veele daerops

2909 2066 2330 135 invigileeren en als dan weynigh oft geene brieven aen

2907 2157 2284 131 te treffen en wesen. can ue met de weerde te trecken

2910 2272 2311 129 niet te recht coemen om daer tegens te remitteeren

2895 2383 2343 123 soo moet men patientie hebben want op specularie

2918 2457 2279 146 is het ongeraet saem gelijck claer blient in gevalle

2929 2541 2278 191 ue de £1000:- tot dien eynde a 3 ¼ hadde getrocken

2920 2663 2283 205 ick geloove de packet booten tot harweick door het is

2921 2756 2142 166 in ongehouden ende de oorsaeke is a coste de

2915 2843 2205 176 Engelsche brieven manheeren het welrck aldaer

2925 2943 2340 152 brecht aen eender een de mesures want men weet

2929 3063 2205 165 niet wat doen oft laeten het genede oorsaeke trick

2918 3159 2083 127 dit jaer derrewaerts noch niet eenen stuijver

2946 3262 2046 125 hebbe afgegeven: dat men wiste die wis sel

2938 3317 2300 182 trusschen de 335:6 a ƒ37:6 soude blijven soo soude men

2924 3420 2257 134 nogh al aess intresien moogen verwaghten met

2929 3522 1269 179 u wat afte geven. blijve
