5369 3972
399 82 2125 220 ie vous ay prie d'addresser une ineluse pour

400 205 2155 186 Bespaix pour un certain har les Bourgoies

424 309 2203 204 'espere que vous l'aures reccu en son temps

426 417 2211 186 et que vous aures eu la bonte de la faire tems

484 578 2151 141 l vos parens ie men ay non pss

404 674 2096 158 responce de luy sans doubte vous aures

426 773 2163 209 presentement bonne bebite de vos cartiers

380 905 2199 162 comme ie mr' mayine et p. consequeme

422 1012 2128 159 manque d'assortiment quoy que ius ques

415 1106 1834 187 aprresent vous ne m'ordonne rien

398 1242 2220 192 cependant si vous trouvez a propos de le

381 1351 2025 163 f faire soyes asseure que ie surs encor

391 1442 2169 200 fourne de tres belljs marchandiseg de

449 1566 2187 178 toutte sorte comme des draps bleux et noirs

441 1676 2241 173 et draps dhommes ¼ sarges vous asseurante

441 1804 2093 221 que ie feray touts devoirs possibles pour

420 1917 2238 174 entreteir et augmenter nre cortespondence

2597 2059 53 129 2d

453 2038 1398 200 et vous sabrant ie me dit

342 2128 2196 214 Leeds William Cooskson Ady 12 xbre 1714

426 2244 2197 222 depuisque ie vous ayt escript ma derniere le 3 gbre

420 2396 2230 184 Jay bien receu grace au seigneur les deux ballots re

423 2520 2226 117 et 6 mais as sont eneer touts vois em ballees comme

431 2628 2183 117 ie les ay receu cause de peu de debite quil y a il ny

431 2705 2168 162 a rien a faire que i'avoir patience. le change est

427 2815 2187 140 trop hault les marchandises trop cheres et le pir

429 2895 2179 184 de tout que la calite ne vaille plus rien de mes

439 3018 2239 154 trois ballots ie ne puis rien ditre car ie n'ay pas encor

427 3105 2262 151 veu les draps mais selon rapport des aultres ils le

456 3204 2227 208 plaignent touts de la pautrte calite des manufacture

475 3305 2186 167 il y a long temps que ie 'ays eu de bayes et farisees

445 3401 2199 173 is m'en faudroit un petit assortiment pour le propa

407 3508 2265 178 temps mais si vous ne me pouvez schoir des mellieu

444 3602 2217 176 sortes que vous en avez envoyée cette Annee icy a

468 3700 2173 176 beaucours de nre ville ie n'en veu point avoir

2708 124 2368 132 car il me fault de fimes laisnes et tres curicuses marchan

2701 188 2328 145 dises aultrement ie n'en puix m'ien defaire. mes chalands

2729 311 2254 169 sont accoustume a cesa. ilay laisse passer cette saison

2736 404 2282 189 mimaginant gapres lhiver il j'aura mojen d'avoir

2744 485 2268 234 mellieur assortiment quant la plus grande demande

2736 648 2187 172 sera passez aussj que le change apres la nouvelle

2725 757 2328 186 Annee diminuera. ce pour quoy re trouve a propos en

2732 846 2313 182 demander vrespeculation et sentimant. ie ne lis ay

2736 955 2333 223 Cesoing que vers le primtemps et ayant vre responce

2730 1087 2254 189 ie me regleray pour vous donner mes ordres vos

2737 1201 2323 202 vois lettres du 13 xbre 16 ditto et 15 gbre me sont

2728 1327 2239 207 bien parvenices mais il ny a rien a respondre

2742 1430 2305 163 datiltant que les ballots me sont autry parveux ces

2738 1556 2315 229 et pour liachapt des draps il m'en faudroit aussy

2740 1662 2316 188 quelques ballots mais la sai son ne parmette point

2736 1773 2284 235 d'en faire venir a cause qu'il lost impossible

2728 1885 2265 220 de let bien pouvoir apprester. eticy deux mes

2753 2019 2188 203 petittes traittes a vre ordre de  £25:- sur

2757 2122 2070 215 meslieurs seawen et stockdale et  £20:-

2740 2240 2154 213 sur mons. Danell hays ensemble  £45:

2757 2343 2230 246 il vous plaira apres les avoir receum'envoyeer

2752 2467 2322 205 en misme temps compte courant pour finir cette

2760 2569 957 185 Annce ie suis

2723 2665 2247 212 Ath Ignace hosion Ady 12 xbre 1714

2796 2785 2155 215 Dertain mons. nicolas de sessort de lessines

2784 2962 2188 158 m'est venue trouver disant quil woit ordre de

2741 3037 2208 185 vre grace pour me faire 1quir £1500:- argent

2766 3185 2283 142 coutant ie m'a suis et mains une ordonnence

2741 3255 2326 198 das estars de brabandt a recevoir chez leur receveud

2757 3363 2290 162 ot Auverx mons Jean Charles vande werve

2746 3516 2332 97 les ayant receu ie luy en ay donne ma quittence

2753 3584 2277 165 lesdits ƒ 1500 courant pour vre compte scavoir

2747 3697 2276 167 pour ƒ1000:- dont ie vous ay credite et d ƒ500:-
