5463 3934
659 93 2177 157 Gheudt JB De Saedelaer Ady 27 Arusti 1716

2460 201 55 62 2

725 188 2115 152 refereere mij aen mijnen laesten 25 cont gisuren is

720 296 2123 155 mij eijndelijck den brief taen laste van t £127:5:-

715 425 2093 191 gepresenteert die voor ue heken hebbe goetgedaen

714 524 2067 172 en betaelt a 337:2 £ 236:9:6 waer voor mij

682 629 1931 199 gelieve te crediteeren sijnde den selven hier

692 757 2141 169 ingesloeten voor ue twee briefies in banco en is

707 848 2122 186 mij maer 2 gevoeden hebbe raetsaem gevonden

711 955 1839 194 noch een posidagh opsehouden blyve

584 1058 2041 203 Brussel Jacomo Rousseau Ady 28x

697 1170 2158 197 ie me referee a ma derniere 23 du cour. incluse

635 1296 2209 186 ie vous remette a 5 jours de veus ƒ800:- de change

657 1405 2144 195 de sur les Pison dont ie vous prie procurer

662 1525 2149 202 le requis et n honnorer duu mot de responce

691 1682 635 125 et surt

537 1765 2155 232 Leeds mSames Jbbetson Ady 29 a 1716

634 1894 2165 198 gedraeghe mj aen mijnen laesten 18 past ben

660 2008 2192 185 verders sonder eenige van ue de hebben ontfangen

674 2121 2073 144 als alleen het connossement van m. nathau

2636 2188 213 129 ƒ66:

667 2231 2181 206 Rogers van hulls met syne missive dato ppsesor

691 2332 2149 148 van de baeli ½ gelaeden in josua instt

698 2453 2054 183 voor Brugghe die godt danck gearriveerti

704 2534 2098 173 ende de baele  ontfangen hebbe doch noch in

677 2695 2097 119 nochte de eerste en sijn noch niet geopent

689 2767 2164 178 reden van het slecht de biet dat godt beteere

692 2893 2125 138 engesloeten 2 remises beyde ot6 ns Edward

693 2971 2070 224 gebben in london van 7 deser 2 u sos als

643 3094 2115 143 stf £75 enst £83:14:2 waer voor

671 3177 2182 201 het noodighe gelieft te besorghen blijve

540 3281 2218 200 Amsterdam Franc Rousseau Ay 31 Ahuu 1716

642 3391 2155 194 en antwgot op ue aengenaem ue

644 3537 2132 104 legghen dat ue my meer en meer discourageere

669 3598 2178 120 Ick en weete niet wort het beduyt ich presenteere

629 3665 2235 150 ue alle bedenckelijcke condiies ande re en syn van

674 3774 2097 69 seene iutei niet meer als wij voor niet te

2896 98 2140 182 wercken niettenynich oordeele ese vrught doen

2906 171 2299 201 dat leert mij de daeghelijckxsche experientie selfs

2900 318 2193 170 door brieven by mij addres dicn ick verheere tot ue

2918 406 2253 204 governo daer om soude tot mjn seer weeken ign

2887 526 2337 175 selven verobligeert vinden dildaenigheee vrinden te

2888 667 2189 136 socken ingevalle ue contsneer niets te willen

2887 763 2302 156 ondernemen want ick wercke geer ue hoe weydeigh

2892 853 2313 179 daer aen dependeer oft niet ue conde met dese

2892 969 2339 193 wistel faciel tot advance al wast maer op eenige

2914 1074 2165 174 daeghen dato geremitteer en daer tegens

2909 1222 2328 179 deoccasie van cost sioht te trecken waergenoemen

2911 1304 2079 209 hebben hadde het ue belieft boijwe

3180 1420 128 98 ler

2880 1416 2281 179 Rotterd Drougs verburgh dy 31 Auriiso1 1716

2909 1538 2278 180 ue aengenaeme 3 en 14 pasto sijn  faute van occasie

2898 1672 2230 158 onbeant woort gebleven die opgevene packen syn

2892 1734 2346 219 sedert over ostende coemen: ni hebbe advies dat od

2910 1895 2338 156 met 34 ordinaire bayen op C15 gereduceert sa

2899 1963 2331 185 hulle pr francis Wilhinson op CCost, is afgelaeden

2912 2064 2208 171 wierde ƒ750:- en van london pramet utbert

2972 2191 2078 161 met 15 bayen van cxt raetspaire breede

2885 2210 110 175 e

2909 2255 2319 176 op a ps at p frisaert vramper weerde ƒ500:-

2901 2383 2325 157 diet en arrivemente dat hoot geve gelieve cito te

2912 2512 2288 149 depescheeren n mjnevens vande voorgaende de

2908 2579 2135 163 oncost Pieken te senden Dr willens bidn

2913 2690 2290 191 andermael ue gelieve de saeken afte doen alsoo hydaer

2898 2787 2317 175 by preniditie coeumt te leyden  le de can niet meer

2899 2921 2297 124 als sich selven aen arbiter onderwerpen ende het

2918 2988 2212 109 is wonder ue daer geen eyede van en coemt te

2910 3116 2302 108 maeken: ick bidde e blieft dat in considerarer

2912 3181 2268 134 nemen  n opende de wissel cours wensche

2915 3298 2316 157 mede wel  gedaghten te vernemen in blijve

4337 3367 93 77 46
