5435 3950
382 80 1253 180 Amsterdam francois Rousseau

1940 94 536 135 16 may 1715

412 212 2279 148 vertrouwe mijnen van 13 court ue sal sijn behandight met

432 310 2254 130 mijne remise banco £274:15:6 op Dh Baldewijn scheelten

443 377 2259 123 ontfangen ue aengenaeme van selven dato conform hebbeue

402 464 2266 120 trate van vlaems £600 sicht pr casse in faveur dh bBenpamiu

406 578 2294 128 die rij voldaen ende ue in niet gedebiteert tot 3 ¼ mijndersche

415 674 2291 141 de banco £577:10 daer tegens genoteef ue remise vansme

429 777 2286 108 10 weeken dato op JorisranBoma Brusselle in afwerpen

441 885 2254 101 betaelen addres sores wontes vlaems wiss £800 of 4½ ban

416 965 2222 132 £285:7:6 die van vlaems £466 van 13 deser 2 iss op rs

438 1028 2263 167 louis ffrancois de coninck sende ue teragge conform ce ordre

439 1133 2253 178 sonder potest dh d'acceptatie genfuseert hebbende ende bidde

436 1219 2257 172 mijne reck te dechargeeren door dien wat sterck op londen

439 1313 2239 150 moete af geven en as mijne convinientie present niet voor

450 1423 2235 152 d'offres die ue mij doet van voorin van £ 1ooote des poneer

441 1543 2237 124 noopende ditto wissel verneme geene ue gedachten hebbe my

456 1604 2205 144 vesconcery k op restterdam beter te recht gecoemen als ic

456 1700 2237 191 volgens ue notitie a cest hebben connen uyt eijfferen op Ja

449 1783 2248 223 veur van ue antwoort sal tegens naesten post mijne spe

437 1887 2240 160 culatie formeere als wan neer ue mede verders sal track

458 1976 2219 189 ten te remitteeren want hebbe te vergeefts heden costij & ½

432 2080 2181 198 voor corte brieven geoffreert de voorgaende t 800mt

444 2202 2246 155 brieven op Jllij tot brugge sijn geaccepteert groetenie blijve

1896 2300 478 124 16 mej 1715

348 2324 844 181 Rotterdam Di verbeergh

419 2364 2269 174 met ue aengenaeme van 14 court becoeme van den selven dato

415 2461 2269 142 ue tratos in 2 breeven 2 usos aen mijn ordre st 200 die ue stelt

407 2553 2219 140 ads hollants coeut ƒ2220 mits ue eygene tratos wesen ist con

381 2659 2282 162 stant ue miet de voorde selve caveeren hooger dan 1836:11

399 2739 2239 129 en maght niet wesen want de versche persoonen my ge

392 2808 2239 133 seyt hebben van costy geen andere notitie te hebben op londen

382 2903 2299 131 als N86:10 sijnde  36 511 a 10 noch vallende soo dat ue met

365 2990 2305 149 N 36511 ½ sijnder provisie is hebbende het comt van londi

390 3074 2277 151 merckelijck gevallen welcke brieven voor dato ue mest ue

380 3203 2283 144 acost waeren volgens ue geesetten en ap parentie van

389 3258 2282 180 noch te vallen gevallen gelijck is geweest mij ne sappoditie

406 3327 2266 199 dde remitteere ue ingesloeten als aenden voet deser in 3 brieven

409 3415 2253 201 te saemen hollants court ƒ 3937114 waer voor het noodigh

415 3513 2237 198 gelieve te ricureeren nvoe mende mij te crediteeren ene

387 3616 2284 152 mijne beste advantuyee waer te nemen volgens ue sal goet

413 3696 2266 158 vinden om het op londen afte geven ue necomenandierende

2781 104 2321 131 daer inne te doen als voor eiygen sonder ue te prest

2780 180 2315 145 de 2 baelen & N9 en 11 sijn mij godt danck sedert rernait

2789 264 2327 120 de roij wel geworden de en loster reck bidde mij te senden

2759 330 2289 185 sal ue voor die reck van oncosten particcilier remitteeren

2777 461 2309 122 want wat in welsel passeert hebbe ue versocht reck apa

2776 563 2247 156 te houde gelijck ick ue deen aengaende oppartiulier

2801 617 2231 164 debiteeren en crediteeren aengende de vraeght gelde

2800 717 2291 192 van rofterdem op ant werpen weet ue selfs wel menig

2834 834 2268 138 baken dosyntiens voor mij vernecormeert te hebben tot

2830 909 2263 188 ien rijck doehder pr baele ende de reste a l'advenant

2830 1067 2279 126 op de maniere al ue nu voortgaet soude die mess mee

4710 1150 252 85 gect

2822 1137 2266 187 van vraght als de schippers van londen selfs geneete

2787 1243 2266 169 het naere ondelijck een moderatie en oeglement ge

2780 1349 2312 159 nerael geschiede hoe eerder hoe liever oft bij bran

2806 1491 2215 105 t voor sonder weynigh eer coemen want hett in

2796 1559 2266 174 nmogelijck de oncoste te soittreeren aengaende

2808 1641 2260 149 het malhiereus pack daer en sal noyt geen vergae

2800 1742 2277 165 deringe wesen oft dier sal telleken d'een of donder

2777 1864 2276 140 absent wesen soo dat ue moet expidient vinde ome

2801 1970 2231 202 daer uyt te geraecken want ick en can die saecken

2794 2099 2307 155 niet als met chagren over dencken ende mijnerecke

2810 2216 2280 171 voerdige passie dien aengaende niet als met moeyte

2806 2289 2276 155 weder houde om bij de senne niet te extraageren

2803 2404 2275 159 dat mij leet soude wesen dat magh ick wel segege

2784 2508 2206 146 ende moet de gheele werelt mij toe staen dat het

2782 2637 2175 167 ien exqui tijt en is soo ick getrachteert wooden

2776 2711 2314 170 en besraet soo ick getrachterr warde bidde ue laethel

2800 2865 2210 105 doch cocte que coute een ede wesen maer met

2810 2934 1595 158 godts hceppe verwachte en blijve

4188 3026 557 124 20 mey 1715

2743 3026 996 157 Brusselle Jacomo Rousseau

2768 3119 2294 146 Jay bien receu l'honneur de la vre 18 du court je vs ay de

2762 3212 2318 145 bite pr le £25 de gros de change q me marquez d'avoirre

2761 3298 2245 172 ceu de mons tsas ir mon compte mevre remerede

2738 3384 2369 184 £93:18:4 sur Charle s haeck de 16 a yours de daitte jace y soire

2754 3476 1528 158 de procurer le requis et suis du doeur

4386 3528 717 167 20 maa 17151

2746 3574 820 123 nus selle h: de paceue

2743 3624 2344 152 voorleden saterdagh hebbe ue p beurts chip geaddress

2741 3749 2265 75 een pack gemerck S CN1 pr ondre en voor neck van mons

2744 3825 2348 79 tiernfre cois aft van perren dat met godts gratie morgen
