5020 3998
291 97 2148 147 claer en duijdelijck genoegh gespeuficeert is voor de

299 196 2125 184 fijnste soorte moet ue mij senden al het gene voor de

323 294 2144 137 nieuwste moede getrocken wort ende daer by heeft het

329 388 2059 149 ue wel voor de soorte van middel oft tusschen beyde

328 443 2127 222 couleuren schieren maer die moeten wel gemengent

322 618 2120 184 syn aengaende de gemeyne en spenst soo noure niet

340 708 2095 199 alst geene extravagante couleuren en wesen drght

345 800 1992 182 rogh goede serghe dat ick goede qualiteydt voor

320 906 2057 214 hunne prijsen magh becoemen oock wegens de

342 1027 2117 189 cottons tot de fardulurese dat ue nu soo meenighmael

331 1116 2127 230 gerecommandeert hebbe het is ongelooffelijck ue te

300 1219 2154 165 doen begrijpen met wat moeyte men sijn geldt

331 1324 2132 142 uyt de laekens can maeken en hoe sucht de biet

364 1460 2047 122 in de Engelseheis die van verviers en limborgh

339 1553 2124 126 Tournieren het gantsche landt tot merckblijcken

300 1680 2161 121 laegheren prijs als wij de engelsche connen geven

353 1754 2094 160 en gaet het soo voorts adieu voor d'engelsche laesten

327 1873 2055 157 gelieft wel te letten op het techenen der nombers

315 1978 2116 150 ende dat het merck op de packen verandert ende

308 2082 2064 151 de connossnenten aen ue ordre ende dan door

312 2190 2084 136 ue aen mij geendorseert worden oock dat ue de

320 2303 1951 143 twee baelen ider met een appaert schis over

303 2414 2153 159 Rotterdam aflaedt en niet aen boort en worden

336 2508 2115 185 gedaen voor dat ue weet de schippers eerstdaegh

354 2604 2105 154 vertrecken ende dat het goede el bekende scleypen

303 2725 2165 132 en schippers wesen verwaghte dan in antwoort

346 2825 2081 130 te vernemen wat dat sal sijn gepasseert ende

304 2919 2063 190 de staelen facturen en connossementen soo

299 3032 1952 167 haert moogelijck verhoepende ue my sal ten

328 3132 2081 156 consentement dese rijse bedienen ende dae godt

312 3245 2115 137 sal gelieven de goederen salvo te brenghen de

336 3330 2130 188 laeste laekens son slecht in qualiteyde voor hunne

303 3447 1658 171 prijsen blijve naer groettenisse

336 3562 2067 170 voortsglgken over hollandt onder convert van de

339 3703 1148 154 wedue Broeckmans

2930 101 129 71 Ms

2581 94 2036 187 Amsterd Tranc Rousseau dy 14 mey 1714

2673 186 2068 195 menue aengenaemen van 1 deser becoeme in y

2665 326 2228 160 brieven op de men ver parys £2000:- van 19 April

2664 428 2074 176 2 usos om voor ue reken in te trecken het welck

2669 590 2218 128 tot ue meeste advantagie sal traghten te effechieeren

2702 643 2085 157 hebbe de selve heden aen diversche maekelaers

2685 774 2154 151 opgegeven ende niets connen doen. alleen is my

2683 876 2149 132 van een vrindt onder de handt gepresenteet

2725 975 2138 135 hebbe die niet dan op 6¾½ gestelt te meer

2734 1092 2091 179 omdat goet gedaght hebbe tot morgen sijnde

2619 1194 2132 180 de fransche post te dilayeeren. vant succes

2677 1307 2091 176 sal ue tegens donderdagh advies geven de

2701 1416 2058 136 cours op spannen en soo laest niet gedaen

2711 1524 2149 138 is op cadix swille 123 en op madridage dogh

2677 1667 2130 113 brijdagh voorleden en was hier niet eenen

2731 1754 2089 151 brief te rescontreeren soo dat ue wel can

2684 1846 2091 208 afneeten het mij ommoogelijck sal weren ue

2636 1982 2195 174 derrewaerts reteuren te seuven sal niet naer

2671 2078 1945 196 laeten daer op te ewigileeren blijve

3857 2191 556 136 16 maey 4714

2583 2199 594 170 LeedsW: Cockson

2726 2285 2165 151 jay bien receu les 3 cheres vres du 31 mars 13 et 16 du

2706 2369 2179 159 passe pr le quelles me marquuz qu'aurez soing a me

2679 2445 2191 179 procurer a mon plus grand avantage et m'envoyee

2693 2535 2166 125 cito possible l'assortiment de draps que je vs ay tor

2690 2655 2216 101 donnei a quil est bien jay ausry je connossement

2701 2721 2172 116 d'une p de drap charge danof ssephen wood que

2661 2821 2215 104 n'est pas encor arrive mais je n'ay pasveu la

2692 2892 2216 154 lestra dont m'advise de m'avoir envoyee avecla

2685 2981 2142 188 facture tellement quil vs plair a m'en voycer

2696 3070 2175 178 une autre qi voulez vs que je fasse oe parle

2685 3163 2213 122 aux marchandsis leiery devez escrere et preferer

2715 3245 2186 168 la route dhollandes et consceller a ces battelier

2717 3335 2195 136 quils fassent expedition alors la route dostend

2717 3416 2183 217 sera bien tost en voue cu je vs dit tout francy

2714 3510 2144 204 que la route d'oostende est contraire a n

2698 3594 2167 164 intrest pr ccuse du pays de brabant mesme a

2666 3724 2213 143 vre intrest a cause que cet bradeurs d'anglois
