5479 3943
518 81 2186 162 uyt den doenikeren van seer cleyne mengelinge

501 157 2191 173 als oock plaisante wel ende fijne gemengelde

502 250 2194 187 couleuren ue heeft soo val difficultijt gevon

488 376 2212 200 den om mij die baele te proceureeren ende ick

508 486 2182 211 ende salder geen groote advantagie bij hebben

500 611 2206 175 soo als ue an considereeren maer ter contra

509 713 2188 196 ne  ben veroblegeert wederom van een

501 825 2149 220 ander sortiment mij te voorsien om aen de

492 935 2205 188 merckt te ekomen blijven ende ue een nu

488 1043 2205 224 te oordonneeren van 24 psr te packen  2

493 1160 2213 240 bacltiuns ider van 1at ende dan te saeme

395 1303 2298 228 in een met u cotton vrapper alst voorgaene

525 1402 2180 227 ue gelieve tock gode mesures te nemenen

496 1526 2190 217 reflectie te maecken op de couleuren die ue

484 1622 2217 267 hier boven speccficeeren ende geen ander daer

482 1767 2210 234 bij te socn dan die niede aldernieuws te mode

496 1884 2117 183 wesen en toch sorge te draege voor goede

484 1983 2215 234 wolle briede en goede qualityt oft men noch

470 2108 2223 226 het geue abandonneeren tot dien eynde soorteert

489 2219 2147 204 die laeckens van  8:9:10 soo als ue het beste

489 2339 2125 215 oordeelt de weerde naer advenant hiernen

488 2462 2148 245 prijs cont tresfen ick recommandeere ue het

498 2580 2193 222 ten uytersten gelieve dat daer toch op te letten

486 2699 2221 258 oft ick en can oft en magh ue iene commessie

499 2798 2183 270 naer senden blijve in afwachtinge ve ant

478 2945 2182 236 woort om mij naer advenant te regileeren

468 3094 1135 133 en ue ne remittieren

1949 3120 533 181 9 maij 1715

373 3184 946 184 Rotterdam D. verbergh

501 3239 2188 193 met ue aengenaeme van 7 deser remittert vem en

503 3332 2189 142 2 brieven ten laesten peeter franses wollaert jus

505 3448 2193 137 op oostende in antwerpen te betaelen addres Jacobs

523 3537 2135 149 de conincse van 19 meert usos als  382:1

485 3629 2207 171 130½ te saemen 432: 43 a 86 ½ hollants cous

467 3706 2212 167 ƒ9350by geroegt 2 pretƒ940:12 ick hebbe ue verse

2760 119 2304 131 op tijt ende niet cost te remisseeren op dat ick de

2778 168 2286 160 intrestie magh profiteeren nue niet begrijnen

2774 274 2309 186 oft dat ½ pt is schaede van de wissel ofte wel

2782 381 2273 190 ½ pret ue sprovisie dat mijne vrenden stor

2770 490 2292 184 tot staen is het schaede van wissel soo heeft u

2776 593 2296 192 considereeren dat die reomses mij geen ree

2784 707 2298 211 ven geven want dat dan moete ict schrijven

2785 817 2299 230 en vrijven cortagie en brieve poort toegene

2785 958 2283 236 niet meer hat o het remiteeren als pert

2788 1067 2254 224 bedongen hebbe Godt sij gebeudyt mijn in

2799 1201 2276 218 trest met peeter eenter en en thomas how

2819 1350 2260 199 we salvois & N9 sijn dountiens te reduueren

2809 1442 2270 238 op a 18 ider p al ordenaer soo als die a costy

2832 1581 2253 220 moete & aengegeven worden houde in ƒ91¼

2790 1700 2270 255 789 costende sonder de oncoste en 4 witte carsey

2790 1848 2301 212 vrappers tto  £15:6:3 ende de baelle & N11 syn

2764 1947 2328 194 2 witte bayen op C65 geredecert van iusto weer

2799 2082 2277 196 de  125 sonder a p caseyen vrappers enon

2808 2173 2251 212 coste gelieft de scleve mede cito te depescheeren

2817 2307 2245 187 het is droewet als men het meert gopresseert

2801 2392 2276 176 is men het langhste orderiaere maet wachten

2800 2519 2284 234 peeter willens moet niet verrocken wesen

2812 2621 2260 178 soo als ue mij geadvisert hhet want het waere

2795 2741 2272 224 onmogelijck want ick en hebbe tot noch toe

2821 2868 2261 194 geen avis dat het aen lillo is gecompareet

2821 2957 2261 209 ick bender so bij verlegen de laeste baele die

2826 3064 2226 220 ick provisioncel van heel verwachte is  a

2798 3192 2283 186 met dosjntiens p Jonathax bagwel hij met godds

2795 3338 2286 95 hulpe farreveerende sal ue advis tegemaet aenen

2807 3407 2275 142 ue ingelijck de de claratie toe sende vertroeuae

2764 3489 2301 145 toe eyndelijck een inspiratie sal coope tot mijne de

2794 3567 2284 165 fentie wegen mijn droeve en ongehoorde affairen die

2793 3653 2255 150 ick aen godt en ue de ligentie beveele het is weaer

2772 3762 2252 126 soo als ue mest dat men daer  er mondelingh soidt
