5438 3943
1979 85 593 128 24 guly 1715

402 90 938 132 Brusselle : van schoor

499 125 2209 177 referere mij aen mijnen voorgaende van 22 deser heden geen ant

514 291 2203 93 woot hebbende soo hebbe conform de p 5 laeckens opt beur

495 325 2139 131 schip scheep gedaen ende ue geconsdineert en en paxte

480 428 2238 124 gemerck5 bedraegende conform de facture aen den voet

451 487 2253 155 deser in wis ƒ 389:15½ waer voor mij gelieft te enditeeren

480 572 2242 128 ende het ingesloeten briefsen te accepteeren ende het sa

466 670 2238 161 nevens vande voorgaende partije mij te willen mant

463 736 2250 151 woort toesenden waer op mij sal verlaeten ue sal de bau

468 816 2250 156 seens wel bevinden ende soo goet coop als ue die ergens sal

477 905 2248 139 connen coopen gelieft ue dan meeder van die patye

475 1025 2218 123 en heeft maer te commandeeren als oock in alles wat

449 1101 2263 135 tot ue deinst voor tallen  sijnde seergenegen om ue ala

477 1173 2238 152 disie te onderhouden ende te vermeerderen waer op cont

464 1276 980 152 staet maecken en dat en

1770 1322 519 158 25 July 1715

351 1382 824 154 Rotterdam D verburgh

453 1418 2255 151 sal hoe wel de ue mij altijts aengenaem wesen soo magh

459 1507 2255 140 wel seggen die van 23 deser mij veel genoegen heeft gegeven en

453 1583 2241 181 mij verplicht ue van herte te bedancken voor soo veele op

441 1658 2278 210 eyndelijcke rui en moyten met offres mijnder dien te

452 1751 2256 148 in alle occasien daer capebel magh wesen ue edendge

470 1839 2243 140 aengenaemen te bewijsen ue bidde mij noyt te spaeren ick

445 1926 2254 146 de roge uyt deelouwen der wolven gechapeert dan met

451 2009 2222 182 Godts hulpe te gemoet verhoepende geene schaede aende

449 2096 2233 152 laeckens sal sijn overgecoemen ende dat ue ld de selve

450 2186 2195 155 voor op packen ende versenden was sal hebben doen

472 2282 2250 168 conditioneeren den heere si mede gedanckt over het dre

464 2368 2247 120 vement van Jonas coulandson de Baele aen sijn boort

469 2452 2247 132 N3 met 28 ½ p witte bayen op 65 gereduceert ende

472 2546 2250 110 2½ p frisaede op C4o geredeeert tot brappers aen te geven

461 2641 2250 118 voor ƒ1000 die costen st £ 115:13:5 sonder de oncootes

472 2742 2245 111 soecke mede niet genigh perijkel te loopen oft e erge

462 2802 2247 138 meer aen te resguetens gelieft voorden eens te informeere

462 2885 2258 118 ofter niet een pack van aflaedinge van Dhr¼winus

466 2994 2249 125 de Dorpere aen sjn boort is ick verwachte van hm

474 3074 2236 102 en weete niet wat te seggen is geen brevere dt advis

452 3136 2252 151 en hebbe aengaende ue versoc om acceptatie op de

454 3240 2268 132 2 briefkens op Jacobus heyvaert is mij leet ue ingesloe

469 3316 2250 134 ten die netour moete sende ende die niet en hebbe cen

469 3398 2253 160 nen noeureren ditto vrint geeft soo juffisante oed

461 3504 2265 114 dat daer op niet en veal eenige verdere propo

452 3580 2262 140 te doen oft te ergeeren seggende dat hj noyt betro

462 3681 2241 121 ien was nochte noyt en accepteerde maer al tijt

452 3740 2255 125 sijn voint provideerde dat hij geen reden van clagen

2776 110 2367 97 in hadde ende het selfde e neets gaddaen nad de

2774 149 2346 134 voor ditto partijekens waer van my de weerde heden

2793 218 2318 192 oft uyterlijck morgen soude becoemen dat ick sup

2798 307 2347 170 poneerde speties te wesen tot ue governo r willen

2802 398 2306 166 hebbe de facturen behandigh die niet verlangen

2804 492 2227 192 ue ad antwoort tegemoet met blijve van herten

2756 580 866 145 Amsterdam f Rousseau

4298 609 488 126 25 July 1715

2798 675 2301 152 vinde mij sonder eenige ue mij altijts aengenaeme redene mj referere

2806 776 2323 127 tot mijne laeste 22 deser die vertrouwe ue tijdelick sal sijn ter

2797 856 2330 117 hant gecomen met den brief op fore van bomma van £800 in

2782 942 2305 136 protest ende dat ue promtelijck sal wesen geremboeerseert

2774 1033 2320 139 waer va ue nouvelles, met plaiser tegemoet sien de wis

2798 1149 2280 124 als sijn in eenen staet als met mij nin voorgaende ue geno

2808 1219 2274 131 teert hebbe soo dat mij bedrogen vinden met het geenen ick

2812 1310 2312 121 op tijt in spicculatie hadde afgegeven ende ue oe

2820 1396 2294 130 sende in brief op dr John develle a costy gisterenvar

2806 1460 2305 119 vallen van t £500 a  36:2 banco £904:5:½ waer

2812 1569 2323 119 voor geline het noodefh te procuren y te crediteeren

2806 1642 2308 148 voorde werde van £1000 op 6 maende te disponeren

2806 1748 2334 144 a 2 met ory gelt soo als ue my veaccordeert heeft ende

2830 1824 2276 128 dan voor het restant op londen te remitteeren daer toe

2820 1908 2247 115 mij n beste advantagie wae nemen ioant hebbe daer dene

2804 1984 2290 125 waert iet noodigh de abondente walves vanght wort

2801 2064 2282 137 met alle gasette meer en meer gespeccfert ende gecon

2777 2174 2332 111 firmeest soo dat niet en trwjffele oft de baede sullen

2787 2266 2352 115 dit jaer wel coemen ten prijssen als ue voorleden jaer

2804 2356 2337 164 gedacht hadde verthouwe niet godts gratie daer eyndelijk

2787 2415 2285 151 eenen slagh bij sullen connen waernemen daer ue ge

2797 2505 2343 177 leeve op acht te nemen al oock bijden was en choche

2805 2587 2309 194 wille hebbe mijn broeder 1 m: gesprocken en sullen ons

2783 2704 2228 159 te saemen in compagnie daer op resolveeren als wy

2789 2761 2277 197 bude ue goeden raet sullen bierlange en soo blijve van

4176 2882 482 154 29 Juliy 1775

2788 2910 258 103 herten

2749 2968 943 142 ustere am Francois Rousseau

2795 2986 2300 191 beyde ue aengename van 25 en 26 court hebbe wel ontfange het is

2801 3100 2317 121 mij lief dat ue van de £600 op dons van bonme in priotist gerem

2800 3151 2330 173 bousseert dest hebben ue dans voor £583:17:7 gedebateert ingesoeten

2807 3229 2335 161 heeft ue dan den coief 24 vervaller op Jogh dor velle  £500 a

2786 3319 2347 151 N 36:2 bones f904 13:4 nu gehoorelyck door mij aen ue ge

2796 3370 2342 169 end orgent het is een allus geweert bj man quement van attentie

2795 3455 2347 174 gelieft dan het noodigh te rocureeren en mij te crediteeren voor

2784 3539 2339 162 £s000 sal voor  voor conform met ue aenteeskenen van 3 augusty

2806 3628 2312 139 toecoemende a 2 peut my gelde ende ue daer voor caverende yde

2801 3675 2344 146 ue gelieve mijne avance dan heer te sien en op londe te remitteern
