<?xml version="1.0" encoding="UTF-8"?>
<alto xmlns:xsi="http://www.w3.org/2001/XMLSchema-instance"
      xmlns="http://www.loc.gov/standards/alto/ns-v4#"
      xmlns:page="http://schema.primaresearch.org/PAGE/gts/pagecontent/2013-07-15"
      xsi:schemaLocation="http://www.loc.gov/standards/alto/ns-v4# https://www.loc.gov/standards/alto/v4/alto.xsd">
   <Description>
      <MeasurementUnit>pixel</MeasurementUnit>
      <OCRProcessing ID="IdOcr">
         <ocrProcessingStep>
            <processingDateTime>2022-02-11T21:33:03.451+01:00</processingDateTime>
            <processingSoftware>
               <softwareCreator>READ COOP</softwareCreator>
               <softwareName>Transkribus</softwareName>
            </processingSoftware>
         </ocrProcessingStep>
      </OCRProcessing>
   </Description>
   <Layout>
      <Page ID="Page1" PHYSICAL_IMG_NR="1" HEIGHT="3972" WIDTH="5331">
         <TopMargin HEIGHT="0" WIDTH="5331" VPOS="0" HPOS="0"/>
         <LeftMargin HEIGHT="3972" WIDTH="0" VPOS="0" HPOS="0"/>
         <RightMargin HEIGHT="3972" WIDTH="0" VPOS="0" HPOS="5331"/>
         <BottomMargin HEIGHT="0" WIDTH="5331" VPOS="3972" HPOS="0"/>
         <PrintSpace HEIGHT="3972" WIDTH="5331" VPOS="0" HPOS="0">
            <TextBlock ID="region_1637769249487_1326"
                       HEIGHT="3817"
                       WIDTH="2344"
                       VPOS="68"
                       HPOS="276">
               <Shape>
                  <Polygon POINTS="276,68 2620,68 2620,3885 276,3885"/>
               </Shape>
               <TextLine ID="region_1637769249487_1326l1"
                         BASELINE="380,210 487,206 594,204 702,202 809,200 917,199 1024,198 1131,196 1239,196 1346,194 1454,194 1561,192 1668,192 1776,190 1883,188 1991,184 2098,182 2205,178 2313,174 2420,168 2528,162"
                         HEIGHT="153"
                         WIDTH="2180"
                         VPOS="107"
                         HPOS="363">
                  <String ID="string_region_1637769249487_1326l1"
                          HEIGHT="153"
                          WIDTH="2180"
                          VPOS="107"
                          HPOS="363"
                          CONTENT="un certaan Sr Chailes Bourgoid. ie luy ays escript "/>
               </TextLine>
               <TextLine ID="region_1637769249487_1326l2"
                         BASELINE="368,332 476,326 584,323 693,320 801,318 910,316 1018,314 1126,314 1235,312 1343,312 1452,312 1560,310 1668,310 1777,308 1885,308 1994,306 2102,302 2210,299 2319,294 2427,289 2536,282"
                         HEIGHT="162"
                         WIDTH="2198"
                         VPOS="187"
                         HPOS="352">
                  <String ID="string_region_1637769249487_1326l2"
                          HEIGHT="162"
                          WIDTH="2198"
                          VPOS="187"
                          HPOS="352"
                          CONTENT="diverlet fois et ie ne recolde aucunne responce "/>
               </TextLine>
               <TextLine ID="region_1637769249487_1326l3"
                         BASELINE="398,450 508,444 618,438 729,432 839,428 950,425 1060,421 1170,418 1281,417 1391,414 1502,414 1612,412 1722,412 1833,410 1943,410 2054,410 2164,408 2274,408 2385,406 2495,404 2606,402"
                         HEIGHT="170"
                         WIDTH="2238"
                         VPOS="289"
                         HPOS="382">
                  <String ID="string_region_1637769249487_1326l3"
                          HEIGHT="170"
                          WIDTH="2238"
                          VPOS="289"
                          HPOS="382"
                          CONTENT="ie vous prie de la faire mettre et mains pquelque"/>
               </TextLine>
               <TextLine ID="region_1637769249487_1326l4"
                         BASELINE="380,572 490,561 601,552 712,545 823,538 934,533 1044,528 1155,526 1266,522 1377,520 1488,520 1598,518 1709,518 1820,518 1931,518 2042,518 2152,518 2263,518 2374,516 2485,516 2596,514"
                         HEIGHT="152"
                         WIDTH="2247"
                         VPOS="420"
                         HPOS="365">
                  <String ID="string_region_1637769249487_1326l4"
                          HEIGHT="152"
                          WIDTH="2247"
                          VPOS="420"
                          HPOS="365"
                          CONTENT="de vossetenis et lay en demander responce vous "/>
               </TextLine>
               <TextLine ID="region_1637769249487_1326l5"
                         BASELINE="366,682 439,675 512,668 585,662 658,656 732,652 805,648 878,646 951,642 1024,640 1098,638 1171,636 1244,634 1317,632 1390,632 1464,629 1537,626 1610,624 1683,620 1756,617 1830,612"
                         HEIGHT="180"
                         WIDTH="1497"
                         VPOS="539"
                         HPOS="347">
                  <String ID="string_region_1637769249487_1326l5"
                          HEIGHT="180"
                          WIDTH="1497"
                          VPOS="539"
                          HPOS="347"
                          CONTENT="m'obligerez qui suis de bon caus"/>
               </TextLine>
               <TextLine ID="region_1637769249487_1326l6"
                         BASELINE="324,828 433,817 543,805 652,797 762,789 872,783 981,778 1091,774 1200,770 1310,768 1420,766 1529,764 1639,762 1748,759 1858,756 1968,753 2077,750 2187,746 2296,740 2406,732 2516,724"
                         HEIGHT="340"
                         WIDTH="2217"
                         VPOS="554"
                         HPOS="307">
                  <String ID="string_region_1637769249487_1326l6"
                          HEIGHT="340"
                          WIDTH="2217"
                          VPOS="554"
                          HPOS="307"
                          CONTENT="Brussel Tranes Rousseau Ady 14 xber 1"/>
               </TextLine>
               <TextLine ID="region_1637769249487_1326l7"
                         BASELINE="402,926 511,922 621,919 730,915 840,912 950,910 1059,907 1169,904 1278,904 1388,902 1498,900 1607,898 1717,896 1826,894 1936,892 2046,891 2155,888 2265,886 2374,882 2484,880 2594,876"
                         HEIGHT="194"
                         WIDTH="2223"
                         VPOS="776"
                         HPOS="386">
                  <String ID="string_region_1637769249487_1326l7"
                          HEIGHT="194"
                          WIDTH="2223"
                          VPOS="776"
                          HPOS="386"
                          CONTENT="het is voor nij buyten verwaghtinge te vernemen"/>
               </TextLine>
               <TextLine ID="region_1637769249487_1326l8"
                         BASELINE="400,1044 510,1038 620,1034 730,1030 841,1026 951,1024 1061,1022 1172,1018 1282,1017 1392,1014 1503,1013 1613,1012 1723,1010 1833,1008 1944,1008 2054,1006 2164,1004 2275,1004 2385,1002 2495,1000 2606,998"
                         HEIGHT="184"
                         WIDTH="2238"
                         VPOS="892"
                         HPOS="384">
                  <String ID="string_region_1637769249487_1326l8"
                          HEIGHT="184"
                          WIDTH="2238"
                          VPOS="892"
                          HPOS="384"
                          CONTENT="ue arrivement binnen Brussel dat ue mij gelieve"/>
               </TextLine>
               <TextLine ID="region_1637769249487_1326l9"
                         BASELINE="404,1156 513,1149 623,1144 733,1140 843,1136 953,1132 1063,1130 1173,1128 1283,1126 1393,1124 1503,1124 1612,1122 1722,1122 1832,1120 1942,1120 2052,1118 2162,1118 2272,1116 2382,1115 2492,1114 2602,1110"
                         HEIGHT="185"
                         WIDTH="2228"
                         VPOS="1031"
                         HPOS="387">
                  <String ID="string_region_1637769249487_1326l9"
                          HEIGHT="185"
                          WIDTH="2228"
                          VPOS="1031"
                          HPOS="387"
                          CONTENT="p sijne missive van gisteren de communceeren"/>
               </TextLine>
               <TextLine ID="region_1637769249487_1326l10"
                         BASELINE="372,1280 482,1271 592,1264 702,1257 813,1252 923,1248 1033,1244 1144,1240 1254,1238 1364,1236 1475,1234 1585,1232 1695,1230 1805,1230 1916,1228 2026,1228 2136,1226 2247,1224 2357,1222 2467,1220 2578,1216"
                         HEIGHT="195"
                         WIDTH="2236"
                         VPOS="1131"
                         HPOS="356">
                  <String ID="string_region_1637769249487_1326l10"
                          HEIGHT="195"
                          WIDTH="2236"
                          VPOS="1131"
                          HPOS="356"
                          CONTENT="dogh mij aengenaem dat ick mede vant gelucke"/>
               </TextLine>
               <TextLine ID="region_1637769249487_1326l11"
                         BASELINE="438,1390 546,1383 654,1375 762,1370 870,1365 978,1360 1086,1356 1194,1353 1302,1350 1410,1348 1518,1346 1626,1344 1734,1344 1842,1342 1950,1342 2058,1340 2166,1340 2274,1338 2382,1338 2490,1336 2598,1334"
                         HEIGHT="172"
                         WIDTH="2192"
                         VPOS="1227"
                         HPOS="422">
                  <String ID="string_region_1637769249487_1326l11"
                          HEIGHT="172"
                          WIDTH="2192"
                          VPOS="1227"
                          HPOS="422"
                          CONTENT="van ue presentie tegent het midden deser weeke"/>
               </TextLine>
               <TextLine ID="region_1637769249487_1326l12"
                         BASELINE="414,1502 521,1495 628,1488 735,1483 842,1479 950,1476 1057,1472 1164,1470 1271,1468 1378,1466 1486,1466 1593,1464 1700,1464 1807,1462 1914,1462 2022,1460 2129,1458 2236,1456 2343,1452 2450,1450 2558,1444"
                         HEIGHT="186"
                         WIDTH="2173"
                         VPOS="1330"
                         HPOS="398">
                  <String ID="string_region_1637769249487_1326l12"
                          HEIGHT="186"
                          WIDTH="2173"
                          VPOS="1330"
                          HPOS="398"
                          CONTENT="sal participeeren. ick bidde ue sonder faetn"/>
               </TextLine>
               <TextLine ID="region_1637769249487_1326l13"
                         BASELINE="448,1610 555,1606 663,1601 771,1598 878,1594 986,1592 1094,1588 1201,1586 1309,1582 1417,1580 1525,1578 1632,1575 1740,1573 1848,1572 1955,1570 2063,1568 2171,1566 2278,1565 2386,1564 2494,1563 2602,1562"
                         HEIGHT="203"
                         WIDTH="2187"
                         VPOS="1469"
                         HPOS="432">
                  <String ID="string_region_1637769249487_1326l13"
                          HEIGHT="203"
                          WIDTH="2187"
                          VPOS="1469"
                          HPOS="432"
                          CONTENT="mij deere gelieve aentedoen van uu van mijn"/>
               </TextLine>
               <TextLine ID="region_1637769249487_1326l14"
                         BASELINE="444,1720 552,1716 661,1712 770,1708 878,1705 987,1702 1096,1700 1204,1698 1313,1696 1422,1694 1531,1692 1639,1692 1748,1690 1857,1690 1965,1688 2074,1688 2183,1688 2291,1688 2400,1688 2509,1688 2618,1688"
                         HEIGHT="204"
                         WIDTH="2205"
                         VPOS="1556"
                         HPOS="427">
                  <String ID="string_region_1637769249487_1326l14"
                          HEIGHT="204"
                          WIDTH="2205"
                          VPOS="1556"
                          HPOS="427"
                          CONTENT="huys tot ue logement int poftant te bedieven"/>
               </TextLine>
               <TextLine ID="region_1637769249487_1326l15"
                         BASELINE="428,1836 537,1830 646,1827 755,1824 864,1820 973,1818 1082,1816 1191,1813 1300,1812 1409,1810 1519,1808 1628,1806 1737,1806 1846,1804 1955,1804 2064,1804 2173,1802 2282,1802 2391,1802 2500,1800 2610,1800"
                         HEIGHT="189"
                         WIDTH="2211"
                         VPOS="1705"
                         HPOS="413">
                  <String ID="string_region_1637769249487_1326l15"
                          HEIGHT="189"
                          WIDTH="2211"
                          VPOS="1705"
                          HPOS="413"
                          CONTENT="ende verseekente te wesen, dat ben van herten "/>
               </TextLine>
               <TextLine ID="region_1637769249487_1326l16"
                         BASELINE="434,1950 539,1943 645,1938 751,1933 856,1928 962,1926 1068,1924 1173,1922 1279,1920 1385,1920 1491,1920 1596,1920 1702,1920 1808,1920 1913,1918 2019,1918 2125,1916 2230,1915 2336,1912 2442,1910 2548,1906"
                         HEIGHT="148"
                         WIDTH="2145"
                         VPOS="1826"
                         HPOS="419">
                  <String ID="string_region_1637769249487_1326l16"
                          HEIGHT="148"
                          WIDTH="2145"
                          VPOS="1826"
                          HPOS="419"
                          CONTENT="naer reciproque proetetusse aen merouve "/>
               </TextLine>
               <TextLine ID="region_1637769249487_1326l17"
                         BASELINE="432,2058 522,2054 612,2052 702,2050 792,2048 882,2045 972,2042 1062,2040 1152,2038 1242,2035 1333,2032 1423,2030 1513,2028 1603,2025 1693,2023 1783,2020 1873,2018 1963,2016 2053,2013 2143,2010 2234,2008"
                         HEIGHT="160"
                         WIDTH="1835"
                         VPOS="1961"
                         HPOS="414">
                  <String ID="string_region_1637769249487_1326l17"
                          HEIGHT="160"
                          WIDTH="1835"
                          VPOS="1961"
                          HPOS="414"
                          CONTENT="ue moeder en: gantt de familie en "/>
               </TextLine>
               <TextLine ID="region_1637769249487_1326l18"
                         BASELINE="306,2196 415,2191 524,2185 633,2180 742,2175 852,2171 961,2167 1070,2164 1179,2160 1288,2156 1398,2154 1507,2151 1616,2148 1725,2145 1834,2142 1944,2140 2053,2138 2162,2134 2271,2132 2380,2130 2490,2128"
                         HEIGHT="269"
                         WIDTH="2217"
                         VPOS="2001"
                         HPOS="287">
                  <String ID="string_region_1637769249487_1326l18"
                          HEIGHT="269"
                          WIDTH="2217"
                          VPOS="2001"
                          HPOS="287"
                          CONTENT="Brussel Jacomo Rousseau Ady 17 ditto"/>
               </TextLine>
               <TextLine ID="region_1637769249487_1326l19"
                         BASELINE="426,2300 534,2295 643,2291 752,2286 861,2282 970,2277 1079,2273 1188,2270 1297,2266 1406,2264 1515,2261 1623,2258 1732,2256 1841,2254 1950,2252 2059,2252 2168,2250 2277,2250 2386,2250 2495,2250 2604,2250"
                         HEIGHT="138"
                         WIDTH="2209"
                         VPOS="2171"
                         HPOS="410">
                  <String ID="string_region_1637769249487_1326l19"
                          HEIGHT="138"
                          WIDTH="2209"
                          VPOS="2171"
                          HPOS="410"
                          CONTENT="ie me trouve honnore de deux cheres vostres 15 et 16"/>
               </TextLine>
               <TextLine ID="region_1637769249487_1326l20"
                         BASELINE="416,2416 525,2411 635,2406 744,2400 854,2395 964,2390 1073,2385 1183,2380 1292,2376 1402,2372 1512,2368 1621,2364 1731,2362 1840,2360 1950,2358 2060,2357 2169,2356 2279,2358 2388,2359 2498,2362 2608,2364"
                         HEIGHT="212"
                         WIDTH="2222"
                         VPOS="2263"
                         HPOS="400">
                  <String ID="string_region_1637769249487_1326l20"
                          HEIGHT="212"
                          WIDTH="2222"
                          VPOS="2263"
                          HPOS="400"
                          CONTENT="du cour. pr la premiere vous me remettez ƒ600:"/>
               </TextLine>
               <TextLine ID="region_1637769249487_1326l21"
                         BASELINE="406,2542 516,2534 627,2526 737,2520 848,2512 958,2506 1069,2500 1179,2494 1290,2488 1400,2484 1511,2479 1621,2475 1732,2472 1842,2470 1953,2468 2063,2466 2174,2466 2284,2466 2395,2468 2505,2471 2616,2474"
                         HEIGHT="178"
                         WIDTH="2246"
                         VPOS="2361"
                         HPOS="387">
                  <String ID="string_region_1637769249487_1326l21"
                          HEIGHT="178"
                          WIDTH="2246"
                          VPOS="2361"
                          HPOS="387"
                          CONTENT="de change sul mon frere Daniell Gerards don"/>
               </TextLine>
               <TextLine ID="region_1637769249487_1326l22"
                         BASELINE="420,2654 524,2645 628,2637 732,2629 836,2623 941,2617 1045,2610 1149,2606 1253,2600 1357,2596 1462,2592 1566,2589 1670,2586 1774,2582 1878,2580 1983,2578 2087,2576 2191,2574 2295,2572 2399,2572 2504,2570"
                         HEIGHT="180"
                         WIDTH="2113"
                         VPOS="2480"
                         HPOS="403">
                  <String ID="string_region_1637769249487_1326l22"
                          HEIGHT="180"
                          WIDTH="2113"
                          VPOS="2480"
                          HPOS="403"
                          CONTENT="ie procureray le requis p. vre derniere vous "/>
               </TextLine>
               <TextLine ID="region_1637769249487_1326l23"
                         BASELINE="416,2760 525,2754 635,2749 745,2744 855,2738 965,2732 1074,2726 1184,2721 1294,2715 1404,2710 1514,2706 1623,2701 1733,2697 1843,2694 1953,2691 2063,2689 2172,2688 2282,2688 2392,2688 2502,2688 2612,2690"
                         HEIGHT="242"
                         WIDTH="2231"
                         VPOS="2581"
                         HPOS="397">
                  <String ID="string_region_1637769249487_1326l23"
                          HEIGHT="242"
                          WIDTH="2231"
                          VPOS="2581"
                          HPOS="397"
                          CONTENT="m'adviser d'avoir rrccu et donne quilfance d "/>
               </TextLine>
               <TextLine ID="region_1637769249487_1326l24"
                         BASELINE="428,2876 537,2867 647,2860 756,2854 866,2848 976,2842 1085,2837 1195,2832 1304,2828 1414,2825 1524,2822 1633,2818 1743,2816 1852,2814 1962,2811 2072,2808 2181,2806 2291,2804 2400,2802 2510,2798 2620,2796"
                         HEIGHT="249"
                         WIDTH="2224"
                         VPOS="2697"
                         HPOS="410">
                  <String ID="string_region_1637769249487_1326l24"
                          HEIGHT="249"
                          WIDTH="2224"
                          VPOS="2697"
                          HPOS="410"
                          CONTENT="pour mon compte dux guilliakeme t bas ce quil "/>
               </TextLine>
               <TextLine ID="region_1637769249487_1326l25"
                         BASELINE="416,2972 517,2968 619,2965 720,2961 822,2958 924,2955 1025,2952 1127,2948 1228,2944 1330,2941 1432,2938 1533,2934 1635,2932 1736,2930 1838,2926 1940,2924 2041,2922 2143,2920 2244,2918 2346,2916 2448,2914"
                         HEIGHT="188"
                         WIDTH="2062"
                         VPOS="2832"
                         HPOS="399">
                  <String ID="string_region_1637769249487_1326l25"
                          HEIGHT="188"
                          WIDTH="2062"
                          VPOS="2832"
                          HPOS="399"
                          CONTENT="est bien vous en ay ait debite. ie vous pri"/>
               </TextLine>
               <TextLine ID="region_1637769249487_1326l26"
                         BASELINE="380,3088 490,3084 601,3082 711,3077 822,3074 933,3070 1043,3066 1154,3062 1264,3058 1375,3055 1486,3050 1596,3048 1707,3044 1817,3042 1928,3039 2039,3036 2149,3034 2260,3034 2370,3032 2481,3032 2592,3032"
                         HEIGHT="228"
                         WIDTH="2243"
                         VPOS="2942"
                         HPOS="364">
                  <String ID="string_region_1637769249487_1326l26"
                          HEIGHT="228"
                          WIDTH="2243"
                          VPOS="2942"
                          HPOS="364"
                          CONTENT="ffaire vmer compimeuts a mons. vre frare franc"/>
               </TextLine>
               <TextLine ID="region_1637769249487_1326l27"
                         BASELINE="354,3192 396,3195 439,3198 482,3198 525,3200 568,3200 611,3200 654,3200 697,3198 740,3198 783,3196 825,3193 868,3190 911,3188 954,3184 997,3182 1040,3179 1083,3175 1126,3170 1169,3166 1212,3162"
                         HEIGHT="223"
                         WIDTH="892"
                         VPOS="3058"
                         HPOS="336">
                  <String ID="string_region_1637769249487_1326l27"
                          HEIGHT="223"
                          WIDTH="892"
                          VPOS="3058"
                          HPOS="336"
                          CONTENT="et suis dy caer"/>
               </TextLine>
               <TextLine ID="region_1637769249487_1326l28"
                         BASELINE="1696,3290 1741,3286 1786,3284 1832,3283 1877,3282 1923,3282 1968,3282 2013,3282 2059,3282 2104,3282 2150,3282 2195,3284 2240,3284 2286,3284 2331,3284 2377,3283 2422,3282 2467,3280 2513,3278 2558,3274 2604,3270"
                         HEIGHT="264"
                         WIDTH="938"
                         VPOS="3100"
                         HPOS="1681">
                  <String ID="string_region_1637769249487_1326l28"
                          HEIGHT="264"
                          WIDTH="938"
                          VPOS="3100"
                          HPOS="1681"
                          CONTENT="aAdj 17 br171"/>
               </TextLine>
               <TextLine ID="region_1637769249487_1326l29"
                         BASELINE="344,3356 389,3347 434,3340 479,3333 524,3326 569,3322 614,3317 659,3314 704,3310 749,3308 794,3306 839,3304 884,3302 929,3300 974,3299 1019,3298 1064,3296 1109,3294 1154,3292 1199,3288 1244,3286"
                         HEIGHT="229"
                         WIDTH="937"
                         VPOS="3184"
                         HPOS="323">
                  <String ID="string_region_1637769249487_1326l29"
                          HEIGHT="229"
                          WIDTH="937"
                          VPOS="3184"
                          HPOS="323"
                          CONTENT="Mons t urott"/>
               </TextLine>
               <TextLine ID="region_1637769249487_1326l30"
                         BASELINE="434,3460 542,3456 651,3452 760,3448 868,3444 977,3441 1086,3436 1194,3432 1303,3428 1412,3424 1521,3422 1629,3418 1738,3416 1847,3414 1955,3412 2064,3412 2173,3410 2281,3412 2390,3412 2499,3415 2608,3418"
                         HEIGHT="203"
                         WIDTH="2205"
                         VPOS="3305"
                         HPOS="418">
                  <String ID="string_region_1637769249487_1326l30"
                          HEIGHT="203"
                          WIDTH="2205"
                          VPOS="3305"
                          HPOS="418"
                          CONTENT="Jay este ravi de vou pr. l'honneur de la chere"/>
               </TextLine>
               <TextLine ID="region_1637769249487_1326l31"
                         BASELINE="328,3570 441,3570 555,3567 669,3564 783,3562 897,3558 1010,3554 1124,3550 1238,3548 1352,3544 1466,3542 1579,3538 1693,3536 1807,3534 1921,3532 2035,3532 2148,3532 2262,3534 2376,3536 2490,3538 2604,3542"
                         HEIGHT="164"
                         WIDTH="2306"
                         VPOS="3420"
                         HPOS="312">
                  <String ID="string_region_1637769249487_1326l31"
                          HEIGHT="164"
                          WIDTH="2306"
                          VPOS="3420"
                          HPOS="312"
                          CONTENT="vre du 8 du courant que le ballot des marchandise"/>
               </TextLine>
               <TextLine ID="region_1637769249487_1326l32"
                         BASELINE="444,3692 552,3686 661,3680 770,3674 878,3670 987,3666 1096,3661 1204,3658 1313,3654 1422,3650 1531,3648 1639,3646 1748,3644 1857,3642 1965,3642 2074,3642 2183,3642 2291,3642 2400,3644 2509,3646 2618,3648"
                         HEIGHT="184"
                         WIDTH="2207"
                         VPOS="3543"
                         HPOS="427">
                  <String ID="string_region_1637769249487_1326l32"
                          HEIGHT="184"
                          WIDTH="2207"
                          VPOS="3543"
                          HPOS="427"
                          CONTENT="que ie vous ayt envoyée vous estoit bien parven"/>
               </TextLine>
               <TextLine ID="region_1637769249487_1326l33"
                         BASELINE="428,3792 537,3785 646,3778 756,3773 865,3768 975,3763 1084,3759 1193,3756 1303,3752 1412,3750 1522,3747 1631,3746 1740,3744 1850,3742 1959,3742 2069,3740 2178,3740 2287,3740 2397,3740 2506,3742 2616,3742"
                         HEIGHT="175"
                         WIDTH="2218"
                         VPOS="3659"
                         HPOS="412">
                  <String ID="string_region_1637769249487_1326l33"
                          HEIGHT="175"
                          WIDTH="2218"
                          VPOS="3659"
                          HPOS="412"
                          CONTENT="mais que vous vous plaignez des carisees blanches"/>
               </TextLine>
               <TextLine ID="region_1637769249487_1326l34"
                         BASELINE="400,3872 504,3869 608,3866 712,3864 817,3862 921,3859 1025,3856 1130,3854 1234,3852 1338,3848 1443,3846 1547,3844 1651,3842 1755,3838 1860,3836 1964,3834 2068,3832 2173,3829 2277,3827 2381,3824 2486,3822"
                         HEIGHT="139"
                         WIDTH="2117"
                         VPOS="3745"
                         HPOS="384">
                  <String ID="string_region_1637769249487_1326l34"
                          HEIGHT="139"
                          WIDTH="2117"
                          VPOS="3745"
                          HPOS="384"
                          CONTENT="dont ie suis rs nnée estant les puis"/>
               </TextLine>
            </TextBlock>
            <TextBlock ID="region_1637769253988_1329"
                       HEIGHT="3788"
                       WIDTH="2378"
                       VPOS="63"
                       HPOS="2682">
               <Shape>
                  <Polygon POINTS="2682,63 5060,63 5060,3851 2682,3851"/>
               </Shape>
               <TextLine ID="region_1637769253988_1329l1"
                         BASELINE="2766,170 2874,170 2983,170 3092,170 3201,170 3310,170 3418,172 3527,172 3636,174 3745,174 3854,174 3962,176 4071,176 4180,174 4289,174 4398,173 4506,170 4615,168 4724,165 4833,160 4942,156"
                         HEIGHT="131"
                         WIDTH="2205"
                         VPOS="93"
                         HPOS="2752">
                  <String ID="string_region_1637769253988_1329l1"
                          HEIGHT="131"
                          WIDTH="2205"
                          VPOS="93"
                          HPOS="2752"
                          CONTENT="euticuses et les plus finnes quil y at eu dans "/>
               </TextLine>
               <TextLine ID="region_1637769253988_1329l2"
                         BASELINE="2794,270 2906,274 3018,278 3131,280 3243,282 3356,282 3468,284 3580,284 3693,282 3805,282 3918,282 4030,280 4142,278 4255,276 4367,274 4480,272 4592,271 4704,270 4817,268 4929,266 5042,264"
                         HEIGHT="202"
                         WIDTH="2278"
                         VPOS="156"
                         HPOS="2779">
                  <String ID="string_region_1637769253988_1329l2"
                          HEIGHT="202"
                          WIDTH="2278"
                          VPOS="156"
                          HPOS="2779"
                          CONTENT="toutse la ville de favers comme touts marchand"/>
               </TextLine>
               <TextLine ID="region_1637769253988_1329l3"
                         BASELINE="2754,398 2868,394 2982,392 3096,390 3210,388 3324,388 3438,388 3552,388 3666,388 3780,388 3894,388 4008,388 4122,388 4236,388 4350,388 4464,388 4578,386 4692,384 4806,382 4920,378 5034,374"
                         HEIGHT="184"
                         WIDTH="2310"
                         VPOS="276"
                         HPOS="2739">
                  <String ID="string_region_1637769253988_1329l3"
                          HEIGHT="184"
                          WIDTH="2310"
                          VPOS="276"
                          HPOS="2739"
                          CONTENT="quils en onten pmont advonce ie n'en ay plus"/>
               </TextLine>
               <TextLine ID="region_1637769253988_1329l4"
                         BASELINE="2786,506 2898,503 3010,500 3123,499 3235,498 3348,496 3460,496 3572,496 3685,496 3797,496 3910,496 4022,498 4134,498 4247,498 4359,500 4472,500 4584,500 4696,500 4809,500 4921,500 5034,500"
                         HEIGHT="201"
                         WIDTH="2278"
                         VPOS="384"
                         HPOS="2772">
                  <String ID="string_region_1637769253988_1329l4"
                          HEIGHT="201"
                          WIDTH="2278"
                          VPOS="384"
                          HPOS="2772"
                          CONTENT="et ie ne voudrois pas m'engager prssente "/>
               </TextLine>
               <TextLine ID="region_1637769253988_1329l5"
                         BASELINE="2732,624 2833,618 2934,616 3035,614 3136,612 3237,612 3338,612 3439,612 3540,614 3641,614 3743,616 3844,618 3945,620 4046,622 4147,622 4248,622 4349,622 4450,622 4551,620 4652,616 4754,612"
                         HEIGHT="208"
                         WIDTH="2051"
                         VPOS="496"
                         HPOS="2718">
                  <String ID="string_region_1637769253988_1329l5"
                          HEIGHT="208"
                          WIDTH="2051"
                          VPOS="496"
                          HPOS="2718"
                          CONTENT="ment vous en livrer parielles a 30:"/>
               </TextLine>
               <TextLine ID="region_1637769253988_1329l6"
                         BASELINE="2794,742 2903,737 3013,733 3123,730 3233,728 3343,728 3452,728 3562,728 3672,730 3782,732 3892,734 4001,735 4111,736 4221,738 4331,740 4441,740 4550,740 4660,740 4770,738 4880,735 4990,730"
                         HEIGHT="203"
                         WIDTH="2226"
                         VPOS="611"
                         HPOS="2778">
                  <String ID="string_region_1637769253988_1329l6"
                          HEIGHT="203"
                          WIDTH="2226"
                          VPOS="611"
                          HPOS="2778"
                          CONTENT="blanches les marchandises augmentant "/>
               </TextLine>
               <TextLine ID="region_1637769253988_1329l7"
                         BASELINE="2774,864 2881,860 2988,856 3095,854 3202,852 3310,852 3417,852 3524,852 3631,854 3738,856 3846,858 3953,860 4060,860 4167,862 4274,864 4382,866 4489,866 4596,866 4703,864 4810,862 4918,860"
                         HEIGHT="201"
                         WIDTH="2174"
                         VPOS="730"
                         HPOS="2758">
                  <String ID="string_region_1637769253988_1329l7"
                          HEIGHT="201"
                          WIDTH="2174"
                          VPOS="730"
                          HPOS="2758"
                          CONTENT="desjoerd en cour et plus cheres sout elles "/>
               </TextLine>
               <TextLine ID="region_1637769253988_1329l8"
                         BASELINE="2782,1002 2888,992 2994,983 3100,978 3206,973 3313,971 3419,970 3525,971 3631,972 3737,976 3844,978 3950,982 4056,984 4162,988 4268,990 4375,992 4481,992 4587,992 4693,988 4799,984 4906,978"
                         HEIGHT="215"
                         WIDTH="2153"
                         VPOS="862"
                         HPOS="2767">
                  <String ID="string_region_1637769253988_1329l8"
                          HEIGHT="215"
                          WIDTH="2153"
                          VPOS="862"
                          HPOS="2767"
                          CONTENT="plus moindres voit on les vous pouvez"/>
               </TextLine>
               <TextLine ID="region_1637769253988_1329l9"
                         BASELINE="2738,1124 2845,1115 2953,1109 3060,1104 3168,1101 3276,1100 3383,1100 3491,1100 3598,1102 3706,1102 3814,1105 3921,1108 4029,1110 4136,1112 4244,1114 4352,1114 4459,1114 4567,1114 4674,1110 4782,1106 4890,1100"
                         HEIGHT="180"
                         WIDTH="2182"
                         VPOS="988"
                         HPOS="2723">
                  <String ID="string_region_1637769253988_1329l9"
                          HEIGHT="180"
                          WIDTH="2182"
                          VPOS="988"
                          HPOS="2723"
                          CONTENT="te bien estre asseuree que de longtemps "/>
               </TextLine>
               <TextLine ID="region_1637769253988_1329l10"
                         BASELINE="2766,1224 2879,1222 2992,1222 3105,1222 3218,1222 3331,1224 3444,1226 3557,1228 3670,1230 3783,1232 3897,1234 4010,1236 4123,1238 4236,1238 4349,1238 4462,1238 4575,1236 4688,1232 4801,1228 4914,1222 5028,1216"
                         HEIGHT="202"
                         WIDTH="2290"
                         VPOS="1087"
                         HPOS="2752">
                  <String ID="string_region_1637769253988_1329l10"
                          HEIGHT="202"
                          WIDTH="2290"
                          VPOS="1087"
                          HPOS="2752"
                          CONTENT="vous n'aurez plus jolie assortiment que "/>
               </TextLine>
               <TextLine ID="region_1637769253988_1329l11"
                         BASELINE="2772,1338 2878,1341 2984,1342 3090,1346 3197,1348 3303,1348 3409,1350 3516,1352 3622,1353 3728,1354 3835,1354 3941,1354 4047,1354 4153,1354 4260,1352 4366,1350 4472,1348 4579,1345 4685,1342 4791,1338 4898,1332"
                         HEIGHT="154"
                         WIDTH="2156"
                         VPOS="1231"
                         HPOS="2758">
                  <String ID="string_region_1637769253988_1329l11"
                          HEIGHT="154"
                          WIDTH="2156"
                          VPOS="1231"
                          HPOS="2758"
                          CONTENT="ie ne vous ayt envoyce. au resquarde de "/>
               </TextLine>
               <TextLine ID="region_1637769253988_1329l12"
                         BASELINE="2780,1464 2885,1466 2991,1466 3097,1468 3203,1470 3309,1470 3415,1472 3521,1474 3627,1476 3733,1478 3839,1480 3944,1480 4050,1482 4156,1482 4262,1480 4368,1479 4474,1476 4580,1474 4686,1469 4792,1464 4898,1456"
                         HEIGHT="214"
                         WIDTH="2147"
                         VPOS="1341"
                         HPOS="2766">
                  <String ID="string_region_1637769253988_1329l12"
                          HEIGHT="214"
                          WIDTH="2147"
                          VPOS="1341"
                          HPOS="2766"
                          CONTENT="Dayes frnnes de  30   3e p'en as"/>
               </TextLine>
               <TextLine ID="region_1637769253988_1329l13"
                         BASELINE="2774,1584 2885,1585 2997,1586 3109,1588 3221,1589 3333,1590 3445,1593 3557,1595 3669,1598 3781,1599 3893,1600 4004,1602 4116,1602 4228,1601 4340,1600 4452,1598 4564,1593 4676,1589 4788,1581 4900,1573 5012,1564"
                         HEIGHT="198"
                         WIDTH="2266"
                         VPOS="1473"
                         HPOS="2760">
                  <String ID="string_region_1637769253988_1329l13"
                          HEIGHT="198"
                          WIDTH="2266"
                          VPOS="1473"
                          HPOS="2760"
                          CONTENT="plus ayant en voyce passez peu de jourz mes"/>
               </TextLine>
               <TextLine ID="region_1637769253988_1329l14"
                         BASELINE="2758,1702 2872,1702 2986,1704 3101,1704 3215,1706 3330,1708 3444,1710 3558,1712 3673,1712 3787,1714 3902,1716 4016,1718 4130,1718 4245,1718 4359,1718 4474,1716 4588,1714 4702,1712 4817,1706 4931,1702 5046,1694"
                         HEIGHT="120"
                         WIDTH="2315"
                         VPOS="1609"
                         HPOS="2745">
                  <String ID="string_region_1637769253988_1329l14"
                          HEIGHT="120"
                          WIDTH="2315"
                          VPOS="1609"
                          HPOS="2745"
                          CONTENT="dernieres pour Brruxelesf et mons. ne vous"/>
               </TextLine>
               <TextLine ID="region_1637769253988_1329l15"
                         BASELINE="2808,1824 2914,1824 3020,1822 3126,1824 3232,1824 3338,1824 3444,1826 3550,1828 3656,1828 3762,1830 3869,1832 3975,1832 4081,1834 4187,1834 4293,1834 4399,1834 4505,1832 4611,1831 4717,1828 4823,1824 4930,1820"
                         HEIGHT="172"
                         WIDTH="2153"
                         VPOS="1746"
                         HPOS="2792">
                  <String ID="string_region_1637769253988_1329l15"
                          HEIGHT="172"
                          WIDTH="2153"
                          VPOS="1746"
                          HPOS="2792"
                          CONTENT="plaignel pas de la fri sette cas de lay fait"/>
               </TextLine>
               <TextLine ID="region_1637769253988_1329l16"
                         BASELINE="2764,1958 2869,1952 2975,1948 3081,1945 3187,1943 3293,1942 3398,1942 3504,1943 3610,1944 3716,1946 3822,1948 3927,1950 4033,1952 4139,1952 4245,1954 4351,1954 4456,1954 4562,1952 4668,1950 4774,1948 4880,1942"
                         HEIGHT="199"
                         WIDTH="2144"
                         VPOS="1825"
                         HPOS="2750">
                  <String ID="string_region_1637769253988_1329l16"
                          HEIGHT="199"
                          WIDTH="2144"
                          VPOS="1825"
                          HPOS="2750"
                          CONTENT="pour conserver vos marchandises vous"/>
               </TextLine>
               <TextLine ID="region_1637769253988_1329l17"
                         BASELINE="2728,2054 2840,2052 2952,2048 3064,2048 3176,2046 3289,2048 3401,2048 3513,2050 3625,2052 3737,2054 3850,2056 3962,2058 4074,2060 4186,2061 4298,2062 4411,2062 4523,2062 4635,2060 4747,2058 4859,2054 4972,2048"
                         HEIGHT="209"
                         WIDTH="2273"
                         VPOS="1925"
                         HPOS="2713">
                  <String ID="string_region_1637769253988_1329l17"
                          HEIGHT="209"
                          WIDTH="2273"
                          VPOS="1925"
                          HPOS="2713"
                          CONTENT="n'auries pas este content de voir u bllot "/>
               </TextLine>
               <TextLine ID="region_1637769253988_1329l18"
                         BASELINE="2746,2172 2860,2168 2975,2166 3089,2164 3204,2164 3318,2164 3433,2164 3547,2166 3662,2167 3776,2169 3891,2171 4005,2173 4120,2175 4234,2176 4349,2178 4463,2178 4578,2180 4692,2178 4807,2178 4921,2176 5036,2172"
                         HEIGHT="179"
                         WIDTH="2323"
                         VPOS="2057"
                         HPOS="2730">
                  <String ID="string_region_1637769253988_1329l18"
                          HEIGHT="179"
                          WIDTH="2323"
                          VPOS="2057"
                          HPOS="2730"
                          CONTENT="mal conditionnee et gattee. il ne faisoit en "/>
               </TextLine>
               <TextLine ID="region_1637769253988_1329l19"
                         BASELINE="2780,2278 2892,2276 3005,2276 3117,2274 3230,2274 3343,2274 3455,2276 3568,2276 3680,2276 3793,2278 3906,2279 4018,2280 4131,2282 4243,2284 4356,2286 4469,2288 4581,2290 4694,2290 4806,2292 4919,2294 5032,2296"
                         HEIGHT="151"
                         WIDTH="2285"
                         VPOS="2193"
                         HPOS="2764">
                  <String ID="string_region_1637769253988_1329l19"
                          HEIGHT="151"
                          WIDTH="2285"
                          VPOS="2193"
                          HPOS="2764"
                          CONTENT="ce temps la que de plu voir du mat in sus qus "/>
               </TextLine>
               <TextLine ID="region_1637769253988_1329l20"
                         BASELINE="2760,2382 2875,2384 2990,2386 3105,2388 3220,2390 3335,2390 3450,2392 3565,2392 3680,2394 3795,2394 3910,2396 4025,2397 4140,2398 4255,2400 4370,2402 4485,2404 4600,2408 4715,2410 4830,2414 4945,2418 5060,2422"
                         HEIGHT="152"
                         WIDTH="2331"
                         VPOS="2294"
                         HPOS="2745">
                  <String ID="string_region_1637769253988_1329l20"
                          HEIGHT="152"
                          WIDTH="2331"
                          VPOS="2294"
                          HPOS="2745"
                          CONTENT="au sohe voley la factune portante en argent "/>
               </TextLine>
               <TextLine ID="region_1637769253988_1329l21"
                         BASELINE="2760,2502 2874,2506 2988,2508 3102,2510 3216,2512 3330,2514 3444,2514 3558,2516 3672,2516 3786,2518 3901,2518 4015,2518 4129,2520 4243,2520 4357,2522 4471,2522 4585,2524 4699,2526 4813,2528 4927,2529 5042,2532"
                         HEIGHT="154"
                         WIDTH="2310"
                         VPOS="2420"
                         HPOS="2746">
                  <String ID="string_region_1637769253988_1329l21"
                          HEIGHT="154"
                          WIDTH="2310"
                          VPOS="2420"
                          HPOS="2746"
                          CONTENT="ege ƒ860:13½ pour qu'elle somme il vous"/>
               </TextLine>
               <TextLine ID="region_1637769253988_1329l22"
                         BASELINE="2768,2618 2881,2622 2995,2626 3109,2628 3222,2632 3336,2632 3450,2634 3563,2636 3677,2636 3791,2638 3905,2638 4018,2638 4132,2638 4246,2638 4359,2638 4473,2638 4587,2640 4700,2640 4814,2640 4928,2642 5042,2644"
                         HEIGHT="178"
                         WIDTH="2305"
                         VPOS="2523"
                         HPOS="2753">
                  <String ID="string_region_1637769253988_1329l22"
                          HEIGHT="178"
                          WIDTH="2305"
                          VPOS="2523"
                          HPOS="2753"
                          CONTENT="plaira ne crediter. les cariesees sont tientes et "/>
               </TextLine>
               <TextLine ID="region_1637769253988_1329l23"
                         BASELINE="2738,2736 2851,2738 2965,2738 3078,2740 3192,2742 3306,2743 3419,2744 3533,2746 3646,2748 3760,2749 3874,2751 3987,2752 4101,2754 4214,2756 4328,2758 4442,2758 4555,2760 4669,2762 4782,2764 4896,2766 5010,2768"
                         HEIGHT="179"
                         WIDTH="2302"
                         VPOS="2647"
                         HPOS="2722">
                  <String ID="string_region_1637769253988_1329l23"
                          HEIGHT="179"
                          WIDTH="2302"
                          VPOS="2647"
                          HPOS="2722"
                          CONTENT="seches en peu de jourzelles seront presses et ie "/>
               </TextLine>
               <TextLine ID="region_1637769253988_1329l24"
                         BASELINE="2774,2850 2885,2852 2997,2854 3108,2856 3220,2858 3332,2860 3443,2862 3555,2862 3666,2864 3778,2866 3890,2868 4001,2870 4113,2870 4224,2872 4336,2874 4448,2876 4559,2880 4671,2882 4782,2884 4894,2887 5006,2890"
                         HEIGHT="165"
                         WIDTH="2261"
                         VPOS="2760"
                         HPOS="2760">
                  <String ID="string_region_1637769253988_1329l24"
                          HEIGHT="165"
                          WIDTH="2261"
                          VPOS="2760"
                          HPOS="2760"
                          CONTENT="ne manqueray pas vous les expedicer iro"/>
               </TextLine>
               <TextLine ID="region_1637769253988_1329l25"
                         BASELINE="2724,2968 2840,2968 2956,2970 3072,2972 3189,2972 3305,2974 3421,2976 3538,2977 3654,2979 3770,2980 3887,2982 4003,2985 4119,2988 4235,2990 4352,2992 4468,2996 4584,2999 4701,3002 4817,3006 4933,3010 5050,3014"
                         HEIGHT="141"
                         WIDTH="2356"
                         VPOS="2878"
                         HPOS="2709">
                  <String ID="string_region_1637769253988_1329l25"
                          HEIGHT="141"
                          WIDTH="2356"
                          VPOS="2878"
                          HPOS="2709"
                          CONTENT="possibe mats pour les draps pos ne tom beut"/>
               </TextLine>
               <TextLine ID="region_1637769253988_1329l26"
                         BASELINE="2748,3092 2862,3090 2977,3090 3092,3088 3206,3088 3321,3088 3436,3088 3550,3090 3665,3092 3780,3094 3895,3096 4009,3098 4124,3100 4239,3102 4353,3104 4468,3106 4583,3108 4697,3110 4812,3110 4927,3112 5042,3112"
                         HEIGHT="177"
                         WIDTH="2322"
                         VPOS="2988"
                         HPOS="2734">
                  <String ID="string_region_1637769253988_1329l26"
                          HEIGHT="177"
                          WIDTH="2322"
                          VPOS="2988"
                          HPOS="2734"
                          CONTENT="pas fustementt onform vos eschantie es ons "/>
               </TextLine>
               <TextLine ID="region_1637769253988_1329l27"
                         BASELINE="2762,3198 2873,3198 2985,3200 3096,3200 3208,3202 3320,3202 3431,3204 3543,3205 3654,3206 3766,3206 3878,3208 3989,3210 4101,3210 4212,3212 4324,3212 4436,3214 4547,3215 4659,3216 4770,3218 4882,3218 4994,3220"
                         HEIGHT="118"
                         WIDTH="2260"
                         VPOS="3112"
                         HPOS="2749">
                  <String ID="string_region_1637769253988_1329l27"
                          HEIGHT="118"
                          WIDTH="2260"
                          VPOS="3112"
                          HPOS="2749"
                          CONTENT="en couleure envoyey des montires de ceux"/>
               </TextLine>
               <TextLine ID="region_1637769253988_1329l28"
                         BASELINE="2750,3308 2864,3310 2979,3312 3094,3312 3208,3314 3323,3314 3438,3316 3552,3316 3667,3317 3782,3318 3897,3318 4011,3318 4126,3320 4241,3320 4355,3322 4470,3322 4585,3324 4699,3324 4814,3326 4929,3328 5044,3330"
                         HEIGHT="206"
                         WIDTH="2325"
                         VPOS="3192"
                         HPOS="2734">
                  <String ID="string_region_1637769253988_1329l28"
                          HEIGHT="206"
                          WIDTH="2325"
                          VPOS="3192"
                          HPOS="2734"
                          CONTENT="que ie vous puez envoyeer. faime mieux eu paraa"/>
               </TextLine>
               <TextLine ID="region_1637769253988_1329l29"
                         BASELINE="2720,3432 2827,3432 2935,3433 3043,3434 3151,3436 3259,3436 3366,3438 3474,3438 3582,3440 3690,3440 3798,3442 3905,3442 4013,3444 4121,3444 4229,3444 4337,3444 4444,3444 4552,3442 4660,3442 4768,3440 4876,3438"
                         HEIGHT="149"
                         WIDTH="2185"
                         VPOS="3347"
                         HPOS="2705">
                  <String ID="string_region_1637769253988_1329l29"
                          HEIGHT="149"
                          WIDTH="2185"
                          VPOS="3347"
                          HPOS="2705"
                          CONTENT="d'en avois vre sentrm d vre dil vous"/>
               </TextLine>
               <TextLine ID="region_1637769253988_1329l30"
                         BASELINE="2766,3548 2880,3548 2994,3550 3108,3552 3222,3552 3336,3554 3450,3556 3564,3556 3678,3557 3792,3558 3907,3558 4021,3558 4135,3560 4249,3560 4363,3560 4477,3558 4591,3558 4705,3558 4819,3557 4933,3556 5048,3554"
                         HEIGHT="203"
                         WIDTH="2310"
                         VPOS="3433"
                         HPOS="2753">
                  <String ID="string_region_1637769253988_1329l30"
                          HEIGHT="203"
                          WIDTH="2310"
                          VPOS="3433"
                          HPOS="2753"
                          CONTENT="em anque d'aultre assortiment ayez la bonte me "/>
               </TextLine>
               <TextLine ID="region_1637769253988_1329l31"
                         BASELINE="2774,3666 2875,3664 2976,3664 3077,3664 3178,3666 3280,3666 3381,3668 3482,3668 3583,3670 3684,3672 3786,3673 3887,3674 3988,3674 4089,3676 4190,3676 4292,3674 4393,3674 4494,3672 4595,3668 4696,3665 4798,3660"
                         HEIGHT="202"
                         WIDTH="2054"
                         VPOS="3550"
                         HPOS="2760">
                  <String ID="string_region_1637769253988_1329l31"
                          HEIGHT="202"
                          WIDTH="2054"
                          VPOS="3550"
                          HPOS="2760"
                          CONTENT="liondonner et soyels pas suade que ie vous"/>
               </TextLine>
               <TextLine ID="region_1637769253988_1329l32"
                         BASELINE="2746,3768 2857,3770 2968,3772 3079,3774 3190,3776 3301,3778 3412,3778 3523,3778 3634,3778 3745,3778 3856,3778 3967,3778 4078,3776 4189,3774 4300,3772 4411,3770 4522,3766 4633,3763 4744,3759 4855,3756 4966,3750"
                         HEIGHT="113"
                         WIDTH="2249"
                         VPOS="3676"
                         HPOS="2732">
                  <String ID="string_region_1637769253988_1329l32"
                          HEIGHT="113"
                          WIDTH="2249"
                          VPOS="3676"
                          HPOS="2732"
                          CONTENT="serviray tous er avee une exfactitude et a tres"/>
               </TextLine>
               <TextLine ID="region_1637769253988_1329l33"
                         BASELINE="2806,3846 2915,3849 3024,3852 3133,3853 3242,3854 3351,3856 3460,3856 3569,3856 3678,3856 3787,3856 3896,3854 4005,3854 4114,3852 4223,3852 4332,3850 4441,3848 4550,3846 4659,3845 4768,3844 4877,3842 4986,3840"
                         HEIGHT="103"
                         WIDTH="2211"
                         VPOS="3762"
                         HPOS="2790">
                  <String ID="string_region_1637769253988_1329l33"
                          HEIGHT="103"
                          WIDTH="2211"
                          VPOS="3762"
                          HPOS="2790"
                          CONTENT=" vrix ie m'est a ipre que al vour servis pls"/>
               </TextLine>
            </TextBlock>
         </PrintSpace>
      </Page>
   </Layout>
</alto>
