5479 3943
1837 98 529 119 13 July 1715

399 94 449 109 Leuven Jnys

482 170 2276 178 het is mij seer leet geweest dat op ue laeste over coemste ue niet en hebbe com

492 264 2235 131 vercoopen daer ick niet anders en sochaitteere als ue caandisie toe

494 335 2262 129 moogen onderhouden oft ue nu een sweert drap de dammes noo

475 403 2269 147 hadde ick hebbe een soo cuneus en goeden coop gihier sijn qualitijtals

479 514 2253 151 ue soude connen deserieren oock alle soate van swerte en bloeuwe

468 596 2262 133 intlantsche laekens ende versche patyen van geperste en spaen

485 682 2260 148 sote laeckens van alle nieuwe moede couleure en prijsen ontfange

478 753 2263 149 als men imetoogen he can tot ue dien te bidde mij maer te schrijve

504 856 2234 118 ic oertrouwe dat het debiet soo slecht niet en sal blijve ende dut

490 948 2227 110 ue voor het winter saesoen nochal eens sal over comen om wat pro

494 1004 2236 157 visie te coopen Ick hebbe nock schoongeeef van carseyen bay en de

488 1093 2259 142 venter bayen en colchester en frisaeden tuen diente mijrecomman

466 1167 521 137 derende blijve

1930 1194 492 180 15 July 1715

402 1221 829 171 Rotterdam D: verburgh

439 1286 2233 169 t sien p ue aengenaeme 12 deser John forster alleen voor mij in

476 1416 2204 110 heeft & N:6 met 4 580 a 785 ¼ soo dat voor het aengeven 44 do

501 1503 2191 106 sijntiens op 18 a ider genoch is daer ijn bijt geel pca sjn dese

475 1573 2271 131 bace cost wat meer als devoorgaende sonder de vrappers en oncoste

487 1654 2233 120 £104 ordeelt de ƒ1100 te weynighcont de selve voor weerde

456 1768 2279 106 ƒ1200 aengeven weent en willegenquestie met de engelsche brieven

480 1826 2253 125 gisteren gearriveert hebbe de connossementen becoemen de baele

466 1883 2272 163 N15 volght ppr thomas haworth die godt geleyde nevens 1 saele

477 1948 2244 183 r Jonar Roulaudson van london  N3 arriveerende met deaen

492 2060 2199 152 goeden went bidde mij c advis te geven vertrouwe ue de goet

470 2116 2260 152 heyt sal gehadt hebben mijne 2 incloses voor engelant voor le den

471 2184 2224 157 vrij dagh voortsganek te geven blijve met versoeck van mij ue

483 2296 1901 130 en dan den cours op londen van a costy te noteeren

2073 2365 460 127 15 July 1715

372 2371 1098 145 Amsterdam Francois Rousseau

475 2421 2250 167 vertrouwende ue desen mijnen niet ons maeckelijck voor coemen en

480 2532 2262 120 welle niet naer laeten ue te adviseeren dat den brieven op toeus joly te samen

442 2594 2307 123 als00 heden den laesten dagh mij geordonneert wot quittantie te stellen door

447 2686 2312 96 dh andre neytier bij wel de selve addres wesen soo dat ue aen den voet deser moc

468 2733 2283 117 de betaelenge verhoepe te adviseeren die buyten twijfel sal volgen ick denc

478 2789 2221 124 dat albest Jacob Ploos van hamster voor de £ g00 addres ores wouters

481 2881 2262 109 soterdagh toecoemende den laesten dagh oock sal sorgen ende dat du

467 2930 2260 116 heden 5 daegen niet en sullen moeten seeeren ende dhet ue dan de

487 3022 2253 89 ragie sal hewatten om ue en dan iets te remisseeren voor het stil

457 3058 2275 128 op ue missive dato 11 deser vande ueeynigh te antworden als dat ue

476 3122 2259 124 natie voor de wed: ferdinando van pruyssen betaelt hebbe ander ue daer

468 3184 2262 120 voor gedebiteert banco £8:16: 4 aengaende de walvesbaende dat saleden

467 3275 2209 99 tijt moeten uyt vraysen het wasch op ƒ 66: is vrij noch hoogh evenwel

476 3320 2255 140 daer op bidde gelieft te reflecteeren op dat ick en een slagh magh

476 3386 2269 132 in waer nemen want het is een onbederffelijcke waere courante ne

459 3472 2221 159 gotie en daer selden schaede op valt ende daer nuu cortelinghs al

450 3540 2299 154 groot gels bij geavancert is aengaende de cochenittie die geeft wel

464 3607 2242 126 en nemt oock serck ende alle vrachten sijn risquant doch by

469 3701 2253 110 excessiven laegen pus en can men geen quaet het ien en het

458 3805 2279 62 ander blijft ue bevoelen Ick hoepe dat ue wat vigulant. sal wede

2773 90 2379 113 want veele spiecelatie sonder oyt affeet en can geen

2803 196 2351 103 geven de fransche attaerens loopen seer desl de banque

2803 226 2340 152 roeten vennenigh vildige daegelijckx alleswort nue geartre

2828 297 2245 155 bueert aen e schaersetjt van gelt en voor soo veel de in

2827 428 2292 128 trinsique weerde de snetie aenden cours van wissel ditte

2831 468 2324 162 reert soo is dat misterie genochraem te nen ick vree

2816 578 2288 130 voor eenen onverwactten s lagh naer de laeste de miui

2821 658 2336 119 de fransche negoties gaen sonder foudoement en het en nie

2826 739 2321 159 te beuijden dat due negotienten cortelinghes weest hebben ge

2800 829 2329 181 profiteert alhier is op parys gen cous corty banco  a ¼

2816 944 1432 169 cour 12 a  London N36:8: a7 blijve

2813 1035 968 151 ps: de £800 sin betaelt

4258 1101 517 179 159 July 1715

2797 1150 925 120 Brusselle M. van Schoor

2854 1187 2286 174 inant woort op ue aengenaeme van gisteren wenste weleede

2831 1312 2271 155 goetheyt gehadt hadde van mij mijn stael brief weder te sende

2860 1412 2294 111 ick bidde in antwoort deser niet te willen manqueren want

2846 1473 2297 143 hebbe die en hooghsten noodigh aengaende ditto laeckens en hadde

2830 1582 2327 112 niet getwijtelt oft ue soude een parcke gecocht hebbe weent het sijn

2837 1637 2312 131 alt mael ditterenende couleuren en differente prijse en als

2839 1725 2319 153 ue die in het sacroen sal noodigh hebbe en sal ue lecstelijn

2818 1816 2328 151 sor schoone soriment niet connen crygen niet te menelu

2847 1910 2302 171 de 5 p sende als ue geen meedere en gelieft tegens den prijs

2834 2006 2310 159 en behoorde ue niet te seggen want salle die per ceviel en

2834 2098 2316 175 wille voor ue calandise alles doen in alle occasien wat in

2820 2183 2333 191 mijn maght sal wesen ende daerom sal liever der stagvern

2829 2290 2321 191 passeeen om ue te animeeren vervolgen verwachten tegen

2827 2393 2251 144 woons dagh ue antwoort om mij te connenre gulee en

2826 2489 2291 215 schey doen endede laecken die ue noch maghresolveren

2809 2576 2289 206 om te heesen wensc e e veel gelieck met den coop van ue

2835 2652 2296 183 huys en dat den heere ue deaer inne alle segenen benede

2829 2750 2315 226 tie gelieve te verlienen de conditie die ue mij senteert

2838 2871 2264 152 soude veele persoonen aengenaem ween maer ick laete ue

2833 2937 2266 151 oordeelen oft ick tegenwoordigh mijn niet in mijne negotie

2852 3008 2305 174 niet noodigh en hebbe soo dat ue mij daer inne moet gelieve

2855 3104 1946 170 te eeccuseeren die ue antwoort afwachtende blijve

4430 3181 448 151 16 July 1715

2806 3234 953 158 tournay livin vratte camp

2826 3281 2277 175 Japuis q je me suis donner lhonneurvs escrire le 9 davril derniir

2849 3378 2295 146 je nayt eu de vos nouvelles jespere neannoins q jouissez tousjours duns

2850 3444 2288 150 parfaitte sante ce quil me sera tousjours agreable d'apprendre come

2850 3558 2282 86 vs gs ma donne a lonnoutre pr la demiire  soutraittez been a con

2835 3601 2253 112 tiniicer avic moy et q je ne douté pas qne ferez le voyage it ns den

2844 3691 2298 113 drez voir en pe je ne veu manques a vs donne advis q jay reccu quan

2839 3765 2312 119 tite des nouvelles mar chandises d'angliterre et q jattend en corpartie
