5523 3943
608 123 2250 88 vs mesme lettre de  £143:9:8  18 mars 2 usences

616 185 2256 110 lees Jacomo de pret il vs plaira men crediter le change

595 255 2259 145 tourne contre opinion je voudrois bien 5 a 6 pr de swa

603 353 2259 156 seins bayes £0 argent et quilques ps de flanelle les plus

626 440 2197 126 finnes mais ji souhaitte de scavoir au paravant le

629 519 2200 160 prix de mesme que vre opinion touchant le cours

598 591 766 154 de change et suis

1914 641 836 149 20 april  1716

548 658 1211 175 Rotterdam BRongs verbargh

624 754 2218 136 ue aengenaeme ¼ en 10 coure hebbe wel ontfangenen

623 852 2240 135 gecreifert partee  k an onosten voor de laete

622 939 2151 156 baele ƒ 52:7 ence ge de chatget voor dersignatie van

581 1006 2203 163 ƒ 67:10 die ue mij wedersent pet londen ben ick reet

610 1132 2229 136 bedroegen aen te geven dewaert hebbe afgegeven soo dat

597 1213 2241 107 ick dat varder wille aensie want moetemijne brieve

593 1320 2235 123 peets afsenden  mijn gelt daer vrechte loep laeten

585 1381 2264 157 segger Ick hebbe ue ommers langs gesohreven dat mij een

602 1524 2251 124 en het selfde is oft ue mij in brieven op tyt op antwerpen

592 1604 2247 162 brussel gent ete remitteert als de cours naer advenant

609 1702 2152 148 is maer hoemen brieven op tijt tot 2 pis can nemen

601 1798 2195 131 daer men hier cou niet boven de 2¾ a  heeft connen

592 1882 2274 148 averisccerend en miet bedencken wand heerde wat

549 1969 2268 137 advantagie gevonten soude ue verders hebbe geremitteert

575 2068 2271 120 daer condinuel op inwige leer want heden en watter ven

584 2135 2180 142 de 2 piete niet te bedinghen. de ingeleyde voor London

594 2267 2204 111 recommandeere prompt voorisganck gelieft te geven

589 2324 455 150 en blijve

2000 2469 594 157 20 april 171

565 2414 1125 195 Amsterdam Frencois Rousseau

634 2555 2174 150 mijnen laesten is 16 court ue van selven dato brenght

632 2662 2212 91 mij remises als s £150 op Pedro van Diest die geaccepteet

624 2712 2201 149 is 27 mars 2 usos a  36:7 £274:7:6 en op de walfe tot

629 2820 2175 113 gent in antwerpen te betaelen oock van selven dato 2

612 2884 2169 158 susos  230 du m acceptatie hebbe gesonden a  36:7

576 2938 2255 153 £420:14:2. samen £625:1:3 af 3 ½  pres banco £669:27

608 3075 2201 143 10 mijnen iver ende affectie voor negotie is soo groot dat

612 3131 2217 150 ick selfs wille wereken en besigh wesen met de alder

612 3241 2243 138 geringhste winste ende dat het mij plaesern doet maerae

612 3309 2212 140 ben echter wat op mijn reppitatie en hebbbe geeme dat

604 3423 2240 130 rij nevrinden vooreen esen ende dat ue de reden dat

617 3508 2203 125 ick waltuts e socht daer tegens te trecken

592 3599 2251 160 meer endeels oock om dat ue soude connen saut

592 3636 2207 219 maeken. ue heeft wel geweeten en consien

2911 100 2355 178 afmeet en datter vermoeringhe in e  waeh

2907 237 2290 149 ue en noteert my geenen cour hoe can ue mij

2906 323 2206 170 dan met een goet gemoet noteeren datt ic

2888 422 2314 169 ue daer tegens tot advantagie dan better soude

2886 539 2293 173 connen remitteeren daer ue west hot difficiel

2907 642 2223 202 present onse borze is neden ick ue reche

2895 755 2311 157 bekenne dat ue my in risice stelt eensdaels om ue

2906 867 2326 172 noeydt te reprockeeren ende den tweeden dan

2928 1025 64 84 6

2911 978 2318 202 ue te fondnieren dat ick de ingeleyde remite

2926 1109 2331 165 tegens ingnete danck hebbe aenveert daer den

2911 1230 2183 185 iours is cst 3 prito en geen brieven op de

2894 1336 2082 171 conditie dat voor d'acceptatie niet en sal

2921 1452 2329 198 betaelen sjnde die banco ƒ600:- van heden

2898 1542 2337 246 18 d. dato opp jan e seen wegh over suckx en het

2917 1673 2193 176 niet naer de acceptatie te besorghen en dat

2912 1794 2340 178 tegens vrijdagh te adviseeren verhopende sae

2898 1905 2367 160 men ay seght ditto acceptant van satiaeste

2903 2011 2346 175 te wesen dat met laisir sal vernemen om

2917 2107 2308 164 mij bij andere ogdasien daer van te connenn

2908 2215 2279 150 bedienen en en aeru t stellen dat het niet

2914 2316 2285 145 en waere om te farliteeren ick en soude daer

2932 2431 2188 151 niet eens op willen de neken. gelieft bij het

2927 2537 2208 174 oekoemende mij meerder t faerbrteeren

2934 2640 2329 203 verhopende met den vercoop van de cwinge

2905 2742 2147 156 meerdere occasien tot het remitteeren

2924 2858 1469 184 sal voercoemen en blijve

2932 2955 963 195 Ghedt Jacobus Baus

4121 2950 1023 197 Ady 22 April 1716

2914 3078 2319 224 de ƒ97:6:8 op jodogne sijn ingecoemen ue verdere

2892 3219 2271 177 trato op en selven in myn faveur  deser 4 dato

2896 3341 2365 172 die ue my p missive dato i9 remitteert ƒ713:2 hebbe ont

2898 3442 2330 171 acveptatie gesonden en sal het noodigh voorsorghen

2895 3546 1537 166 synde in alle occasien van herten
