5523 3943
1969 86 615 137 11 april 1716

510 77 834 168 Roeds James Ibbetson

610 153 2216 135 ue aengenaeme et meert hebbe wel ontfange ende gesce

602 290 2222 102 ue mijn ordre voor  ps sal volbrengen en in coopen

606 345 2195 105 o de conditie daer by vemelt sal die afwachten ue

605 417 2171 113 meet dat ick een eerlijck man 6en ende dat ick geene

596 503 2227 102 chicas en sal ins soennen ende dat sul me

576 570 2248 143 is ende en dient om wel bedient te worden het besta

598 671 2207 122 daer in dat de laeckens wel beryt ende gecondite

587 787 2252 133 oneert wesen ende daer voor hieft m. william Cocksen

602 858 2236 174 extraordinaen sorge gedraegen en ons wel bedaent

607 943 2201 167 Ick magh ue als eerli man seggen dat ick tegen

607 1056 2218 153 wordifte van ue laeckens noch bij hebbe die en sigh

573 1163 2224 158 selven conteimeeren ende die ick niet en can quijt

581 1233 2248 149 worden ofte vercoopen ende dat is de reden uet onse

586 1350 2224 113 corpespondentie is af gebroeten gelieft maer op de be

588 1413 2248 137 reijdinge te letten het sal voor ue danmeerdere p

571 1494 2248 180 het wesen grent het is mij in different wee  en

558 1633 2265 147 ployeeren can ue carseyen coopen van sooue saude

2147 1693 230 80 rde

562 1700 2256 185 tot  38 wille wel to hebbe sal ue ordre geven soo

586 1798 2248 142 dra de laeckens becoemen die ick ue tot eene prieve ge

598 1913 1034 150 ordonneert hebbe blijve

2015 1957 535 180 13 april 1716

509 2005 1226 131 Amsterdam Francois Rousseau

574 2082 2236 134 ue aengenaeme 6 courte wel ontfange met de laeste brie

550 2181 2227 121 ue coemt londen noch gevallen ja daer sijn vrinden

558 2236 2228 127 al hier op 2 uso tot 36:4 betrocken soo dat ick niet en

576 2313 2224 145 can sien tot advantagie van daer reroiere hebbe te ven

558 2394 2280 142 waerte Ick hebbe hett tot N 36-5½ iets in getrocken ende

558 2490 2272 139 dat ue partijen 2 a 3 brieven hadde geweest houde

530 2570 2307 179 te mede faceder connen afsetten en besolveeren in te

562 2664 2236 150 trecken w'ant ick vreese noch meeder sal daellen men

552 2751 2225 180 is gedegonsteert en niet sonder reden want alles gaet

567 2848 2263 174 generael tegens opin ende het en can anders soch nu

551 2899 2240 177 wesen want daer en is geene negotie ende sonder die

527 2983 2251 153 moet het nootsaecke lijck wesens  datter gien wesselsen

539 3084 2274 140 connen susisteeren dat de oorsaecke is mij nergen et

542 3150 2284 150 en derve resqueren goederen bij de compein te coopen

546 3253 2257 142 alleen op hoeste van een intrestien en can voor mij

533 3336 2251 126 niet raetsaem wesen niet meer dan op spaenneen

559 3420 2243 157 af te geven want hadde ue sulcke op voorle de ordre

549 3510 2285 147 seeffectiueert dat soude nu sonder vrucht hebbe uytije

525 3567 2310 174 vallen ende waer langhs ue hoepe heeft van beter nesscot

512 3662 2310 131 ue dies u de painsche nigotie en wissel dat en n e

2907 13 2294 210 d Ae Ladelon n Ate Rrustlomo st

2902 157 2297 188 t present seer sca breus correspondentie de romte

2903 240 2317 179 maecken. dat ick al daer suffisantzs corpespondenten

2896 331 2345 188 hadde gelijck tot londen ick en soude niet naerlae

2903 438 2339 184 en decrewaerts een  2000:3 a  te remitteeren ende

2907 540 2295 169 laeten leggen messchien soude de vren de sommy

2896 643 2299 166 len meddelertyt de vrught van een infrestien be

2894 729 2365 198 schatten bij de hoege van eenigh goet retour want

2890 832 2350 174 ic desesperere hier te lande meer en meer van

2881 934 2348 184 icts te connen vangen het blijckt naer de mael van

2903 1014 2350 198 ue det coopende jaer maer 2 partijekens hebben con

2880 1114 2356 170 nen becoemen niettemen schjue campo largo het

2897 1213 2325 171 te gegeven en op den intrest moderien aen en

2903 1306 2313 176 dere sacken en deve mij niet en gageeren want

2894 1387 2290 198 isser nets te wernen oft slaegen te maeke soo

2898 1482 2324 169 en magh men niet malaop os resqueren sende

2902 1591 2271 149 ne engesloeten 5 brieven ome acceptatie die mij

2894 1671 2345 200 geacmpreert gelieft weder te senden en ue ue ce ro

2882 1745 2315 272 delijck wenschende het saligh hoogheyten blijve

3904 1894 1067 163 Ady 14 April 1716

2883 1930 627 156 Loeven p nys

2904 1963 2281 226 het ot wonder datte met het voorsier niets tot ue dienst

2898 2132 2251 164 vooren valt. ick cwene ue echtet eens laeten weeten

2885 2258 2251 125 dat ick van alderhande goederen voorsien ben ende

2912 2322 2304 171 versch sortiment van alles becoemen hebbe. iets noodigh

2901 2412 2240 176 hebbende gelieft mij maer te commandeeren sal ue

2893 2528 2316 152 altijdts wel bedienen. aengaerde de rekeninge sullen

2896 2614 2304 147 die op ue eerste overcoemiste te saemen lighideeren

2917 2735 2188 168 het gene ue pretendeert sal ue geerned safaltie

2904 2870 2312 137 niet reden geven maer ick en can datt op myne

2913 2941 2009 145 boecken soo niet stellen gelijck ue dat versoecht

2916 3019 2215 164 niettemun het een is het ander ende het moet ue

2912 3143 2298 183 genoegh wesen als ue contentement can heben waer

2894 3247 2253 161 aen ick noeydt en sal mankeeren hebbe oock seer

2920 3337 2309 168 schoone swerte en blouwe drap dhourines en draps

2933 3426 2233 147 de dammis tot ue dicusie als de occasie voorvalt

2916 3538 1166 186 groete ue en blijve
