5158 3978
415 75 2121 168 vallen wesen soo vertrouwe ue mijne commessee

417 184 2174 155 voor londen eerst daeghs iets sal connen effectie

429 264 2116 155 eeren al hadde ic provesioniel maer 1 £1a

428 368 2133 198 £200 ende dat die mij eina a ƒ 36:2 a 3 soude

444 472 2121 182 coemen te staen ue sal mij groot ulaeser bidde

436 571 2166 221 daer wat op te invigileeren hebbe die grootelij

453 696 2076 209 noodigh met onse laeste brieven van daer

450 798 2045 180 becoemen wort op amsterdaem maer  35:

1747 925 219 86 selme

460 922 2023 221 genoteert sijnde de dato  guy en hebbe tot

436 1039 2105 198 dato d'eern niet gehadt ue gemelde vrent te ver

456 1145 2129 211 nemen die met alle rnsmeet sal onthaelen blijve

1902 1282 482 130 17 July 1714

367 1281 820 181 Gont J:b de Saedelaer

407 1364 2131 197 sedert ue aengenaeme van 29 meij laest en hebbe geene

376 1446 2178 190 naerdere te beantworden met den selve hebbe wel de

429 1554 2118 175 retour becoemen de eemelde wish geaccepteert waer

429 1648 2124 135 over ue danck baer ben biddende den ingesloeten

2157 1750 174 91 leeng

440 1739 2135 167 van £ 70 door Rolston uyt londen g julij

437 1848 2132 182 in ue getrocken ingelijckx willende verheeren te

430 1959 2141 186 accepteeren ende mij weder te senden ae claeght

436 2060 2105 176 over het laeste gesonden sweert drapd hoohme

454 2166 2050 152 en can noet bedencken uijt wat reden dat de

410 2291 2135 159 manicfactieren dierder wesen is ue soo wel als

436 2379 2125 168 aen mij bekent ende dat doen ons daeghelijck de

429 2474 2183 220 Engelsche goederen sien het is waer dat het deffeert

444 2580 2144 185 is de menschentfeffens aen den opslagh te rygen

448 2692 2134 154 echter mits het generael is moeten sij evenwel

441 2810 2134 132 daer door passeeren ick denck dat het voor ne

446 2919 2067 188 sal gedebiteert wesen als mede iets van mijne

457 2994 2065 182 restanten ende dat ue mij p eersten daervan

454 3096 2122 227 sal connen reck senden en occasie hebben om iet

442 3201 2143 196 naerders te ontreeden dat mij altijts sal aenge

442 3302 2079 181 naem wesen het is presente wesen de wolle

430 3423 2161 160 negotie soo slecht dat men coste wat het wele

434 3511 2169 185 daer sal moetene uytgeschleyden want nauwelijck

1627 3598 938 151 Capitael uyt te maken

437 3632 982 137 en isser den in st vant

1628 3708 629 110 deren en blijve

425 3730 952 110 dat godt wille laete veran

2651 73 864 178 tournay J. f hevenaerts

3983 88 747 140 18 gullet 71714

2773 183 2121 187 pr reponce a l'honneur de la chere vre dhiers

2763 298 2146 192 pouvez venir quant il vs plaira je suis en estat

2748 412 2141 179 pr vs faire voir tres jolu assortiment de touttes

2752 524 2211 199 sortes de draps et autre marchandise et je tache

2768 625 2202 155 ray de vs rendre content et d'in frerene laion

2766 721 2199 200 noissence sur quoy pouvez faire fond et & i suis

2757 839 1341 172 come a madi vre compagne

2740 957 187 73 halle

4161 961 553 136 19 July 1714

2653 940 1349 178 ocarille Nicolas vanden Berge

2705 1032 2180 157 ue aengenaeme van 3 deser hebbe wel ontfangen

2710 1176 2197 85 neven 3 staeltiens voor de 3 bayen en ordre voor 2

2715 1227 2237 178 blouwe cargeyen voor de geverfde carseyen sal i

2732 1325 2260 134 de staele verwachten tegens dat ue sal goet vinde

2731 1409 2198 195 die te senden ick vertrouwe dat het nu naerden

2758 1514 2183 174 oost sal beteren ende dat ue soo goet vertie sal

2743 1616 2171 190 hebben dat ue en si ue beminde voort winter

2739 1744 2138 227 jaisoen noch al eens sal over coemn s de

2729 1843 2242 219 soe heeft mij in dato 10 deser voor ue rek getal

2706 1970 2273 212 £33:11 ƒ201:6 ick wenste neoens mijn huys vron

2703 2068 2272 201 ul te saemen continuatie van gesonthuyten blijve

4195 2196 697 204 19 Juullet 1714

2654 2249 1288 192 Brusselle Jaxomo Rousseau

2722 2346 2235 206 jay bien receu lhonneur de 2 cheres viis du 9 eti7

2715 2436 2148 188 die court en suitte de la premiere je vois q les

2703 2526 2250 240 beydaels at aquitte ma traitte de ƒ 100 a sachargg

2722 2644 2259 255 et qv. q m'en a crediter la seconde vs me remette

2708 2763 2261 185 a 2 iusence du 8 du court su le s s l'hecereux ƒ900

2709 2885 2232 197 payable e 29t jen auray soing en son temps et suis

4233 2964 606 169 19 Judy 1714

2651 2998 760 158 Brusselle de kaegens

2691 3029 2279 199 neme de libertjt ue te adveger dat sis ue alstreeten

2705 3142 2249 210 op reck te betaelen op  sicht aen d'ordre Dh Jaco

2710 3240 2242 154 mo Rousseau ƒ300 ils die van herte versoecke ue de

2698 3333 2270 157 goctheyt gelieve te hebben van cofonpis te verheee

2698 3417 2282 167 niet teyenstaende ue mij in den behonne wan gaer

2720 3501 2254 188 beloeft hades eens partijcken tecoemen coopen soo

2712 3593 2178 207 in hebbe wy te saemen naets s daen dan aele 2

2722 3678 2265 163 coschister bayen ue 15 april pr baurtschs afison
