5401 3930
408 61 2297 188 valter des voor tot ue dienste ick houde my gerecome

362 157 2245 251 manseert: ick hebbe reets seer schoone nieuwe

395 285 2159 203 moede couleure spaensche en geperste laekens

427 335 2192 226 van alle prisen ontfrangen en noch eene partye

396 477 2057 200 onder wegh die valdireerssen verwaghte

430 556 2204 274 verhoepe int cort deere sal hebben van ue eens

407 681 2106 211 overtesien sal ue dan meerdere satisfactie

335 796 2371 195 conmen geven middellerwijl versoeke te verheeren

430 909 2280 232 ƒ300:- wisselgelde die on ue trecke te betalen

411 1022 2250 217 aen d'ordre Dh Jacomo Rousseau en ue sal

416 1149 1944 188 mij verobligeeren die blijve van herten

362 1235 2253 244 Amsterdam franc. Rousseau Ady 4 meert 1715

403 1352 2257 204 daeghs naer mijnen laesten is mij ue missive van 15

417 1485 2232 191 past. behandight sijnde door ue met myn addres op

405 1583 2265 208 Brussel gestelt bij ne aengenaeme 25 ditto sien ue

423 1709 2258 173 mij voor de geretourneerde brieven op dryweghen

426 1820 2129 143 met  provisie en brief porten hadde gecrediteert

444 1889 2241 239 vanck £311:12:8 dat eonform hebbe genoteert beijde

407 2005 2125 197 ue remises ten laste Lours jolly tor Brugghe te

407 2135 2262 186 saemen £800:- aƒ0 grets £360:- banco hebbe

423 2215 2270 205 ous acceptatie gesonden aengaende sijne suffisantie

420 2357 2247 162 een can ue niets melden. hij heeft voordesen op

430 2437 2270 182 comptois van Jacques de lerff geweest ende naer

438 2518 2203 242 sijn afsterven gelijck men can oordeelen in sijne

474 2617 2196 215 affairens gesrccedeert die mij onsekent sijn wat

460 2689 2234 251 voorsientigheydt te gebruyken, ende den trecker mede

454 2834 2211 212 te considereeren en can noeyt uaet wesen ende

444 2942 2226 172 noeydt te veel eyeren onder een nieme zeygken.

456 3010 2100 213 niettegenst aende ue de wissel noteert 4 prets

450 3108 2214 222 en is hier niet minder te recht te coemen redene

424 3220 2200 229 speculeere ue in courant te remitteeren op den

435 3305 2248 190 voet van ue notitie van den agio van 4 soo tot 1

430 3402 2231 228 a 18 mijn advance ter borse can aentrefsen dat ue

452 3506 2240 199 aen den voet deser sal noteeren soo nmet heeft ue e

466 3632 2192 172 van protijdt gelieft tot de £1000:- aemenemen

488 3696 2206 154 en op my te trecken wo hebben hier gisteren eenen

2774 79 2246 139 seer swaeren storin en waetervloedt gehadt met

2777 171 2223 145 alnen noort west ten westen. het waerer heeft

2779 269 2131 186 meer dan de helft van de stadt voorvloeyet

2776 368 2296 169 dat geen menschen gekenghen swaerder te hebben

2796 498 2231 199 gesien en heeft considerabele schaede bij gebracht

2789 608 2254 199 onder de borgherge en winchels van ons spolders

2780 714 1997 184 vernemt men diversche deur breuken ende de

2788 856 2208 151 waeteren hebben over de dijken geloopen hodt

2787 927 1744 177 wilt de geintresseerde vertroossen

2784 1035 2103 155 hiet ingeslooten brief Lilboa 8 Januaris 4 uso

2776 1130 2310 185 op Bartolomes de groot a os van crusadis

2792 1249 2261 155 1500:- a 49 ¼ die ue can op maeken alsoo den

2778 1354 2130 213 tijdt niet hebbe. London is wat stapper

2821 1489 489 142 blijve

2774 1519 2234 241 Rotterdam Liouys verburgh a 4 meet 1715

2788 1680 2232 182 gedraeghe mij aen mijnen 28 past de Engelsche

2772 1782 2320 148 brieven dic ons een gerurmet tijdt genasiqueert

2798 1925 2276 137 hebben sijn gisteren avont eerst aen gecoemen

2774 2011 2181 151 bij de selve vinde van London afgelaeden te

2782 2127 2226 171 wesen een pack  N1 int schip cliner schipper

2782 2217 2293 193 Robert ostiaen die  ebrua de revier was

2795 2323 2191 156 afgesacht soo dat die al lanck dinde brnnen

2788 2461 2328 133 geweest te hebben dat met godts gratie vertron

2768 2572 2302 148 anders sonder wel connen swaercheydt wesen

2758 2661 2267 148 voor den swaeren ftorm van gisteren die ons

2782 2771 2254 115 eenen soo daenighen waerebloet ge

2758 2869 2147 144 heeft en schaede als menschen gehenghen

2775 2984 2316 117 bj naer de halve stadt was overstsoomt ondes

2778 3091 2246 111 en huysen ja destraeten selfs. in gevalle ditto

2773 3175 2301 129 schipper door Godts hulpe salvois gelieft he pack

2779 3244 2304 140 citos te depescheeren den inhout is van de gemeijnse

2790 3361 2302 163 soorte van laekenen geljck dat in qu'estie. Engelsch

2766 3456 2275 121 laekens in de wolle geverft en op de spaensihe

2769 3530 2339 129 maniere ge maeckt de455 te reduceeren

2869 3660 2030 127 nde te saemen &:652 ¾ a 800 ¼ weerde ste

2785 3735 2295 112 £186:18: de costons vrappers trappers soo dencke
