5523 3943
849 89 265 91 27

542 97 2186 167 Amsterd franc Rousseau Ady 2 meert 1716

619 227 2188 170 met ue aengenaeme 1z patt. becoemen ue remise

585 358 2152 189 400:- op fm: muller 2 usos a 4 ¾ baneo ƒ 383:

628 439 2195 202 die geaccepteert is. ue tratos als £50 voor mijn broeder

596 563 2238 220 Jan mieniel hebbe voldaen endie van £300:- de mij door

607 705 2161 171 der Jacomo in mijn selven geremitteert haddende

576 807 2215 189 prompt aen Dh steps ue broeder geschreven om

596 933 2227 167 sich aldaer te aadvisseeren soo dat ue voor  ƒ330:-

578 1039 2070 138 Laeman in banco a 3 proto hebbe gedebiteert

585 1166 2229 119 £38:18: hier sijn doorgaents weynigh oft geene

596 1249 2232 198 bieven alleen hebbe die ingeleyde als aen den voir

602 1381 2114 182 deser tot pprets col aentresfen. sal sienoff

610 1491 2221 184 naesten post beeter te recht sal geraeken niette my

626 1609 2146 155 als ue can remitteeren gelieft maer altijdts te

620 1721 2164 174 trechen met het open waeter laeder lichtelijck

616 1842 2206 154 wat meer voorvallen laet ons op den roogetten

606 1988 2225 133 intrest met staen al soude het maer gesalveert de

572 2086 2260 157 provisie ½ int jaer uyt maeken het is even beeder

581 2172 2217 162 voor ue en mij als sttelitten en middeller tijdt

584 2288 2090 159 can het beteeren wensche ue reciproque

589 2369 1695 161 den salighen vasten en blijve

468 2508 2226 178 Brussel JBapt Baydaelt Ady 3 meert 1716

582 2569 2249 172 vermits voorleden gaer het faveur niet gehadt en hebbe

539 2704 2297 139 dat ue eenigh goet gecoght heeft soo ben van opinie dat

584 2825 2241 145 ue nu met het aenstaende lairden een goet sortimens

574 2959 2264 144 sal noodigh hebben tot dien eynde coeme ue adviseeren

553 3038 2267 152 dat mijn versche goederen Godt danck gearriveert w

597 3120 2239 154 en dat ick het schoonste gerief hebbe van spaenscheen

554 3239 2279 162 segiste laekens in alle prijsen die ue soude moogen

548 3333 2274 174 desireeren oock dat ick ue goeden coop sal bedienen

550 3442 2282 174 die naer cordiaele groetenisse als aett ue beminde blijve

2854 94 1987 172 Rotterdam Diouys verburgh Ady 5 meert 1716

2854 198 2350 184 ue aengenaeme 1 past. hebbe het sijnen tyde wel otfan

2855 340 2353 162 dey. de geremitteerde brieven en hadde ick niet preffeereert

2862 433 2312 151 datine Antverpen te betaelen waeren voordersen sal

2870 539 2271 168 ick ue niet presseeren dan alleen sotyis te command

2858 662 2395 123 deeren te willen waernemenaet ue iets van sufisamne

2867 777 2321 135 voorquaeme het afgeven voor sondon dat ue coemt

2864 855 2353 125 te ggreeren en sal mede van soo groote importantie

2863 940 2093 131 niet wesen echter soude wel een £50 £600-

2854 1048 2374 144 desireeren biddende mij den cours tegent saterdagh

2854 1170 2138 141 eens te willen noteeren ende us eerget

2873 1217 2290 176 noopende ditto wissel cens te laeten toecoemen

2885 1385 2248 128 uissiaen Perquin is my van lange jaeren beskent

2872 1454 2221 169 schoewel met hem noeyd tiets gedaen en hebben

2870 1575 2087 165 ick wenste maer van ue een man te weeten

2882 1661 2289 178 van goede conduete en probiteydt die se veel om

2866 1745 2315 197 syk ooren niet neeemt elt den bovengemelde vint

2869 1862 2238 122 doet ende dat soude my aengenaem wescn ende

2863 1954 2260 133 een soodaenighen mede accommodeeren want ick

2864 2056 2344 173 weete wel dat vrijd en van laffisantie hun soo et

2876 2148 2244 148 en laeten in wichelen ingesloeen remitteere ue

2868 2277 2306 116 een briefken van ƒ 1178:14 op & sicht waer voerens

2883 2389 2324 121 gelieft de acceptatie en verder het noodigh te besorghen

2863 2429 2247 195 en my in mj ne particuliere reken te crediteeren

2880 2560 2263 143 ofte faute vau d'e en ent ander prompt met protest

2880 2634 2224 158 te renvoyeeren: het is wondert dat van hoo lasson

2884 2772 2269 120 van London nogh nrest en verneme daer de maete

2882 2833 2268 121 Liber is en continueel schipen tot ostende van

2889 2950 2306 144 daer arriveeren ick verhope hj met goott grane pr

2888 3051 2247 141 eersten sal arriveeren. p Willen versoeckt fms

2886 3166 2300 109 ue lde te recommandeeren eynde van syne sacke

2878 3223 2341 140 te moogen hebben voor leven en stoven hy sal ve

2870 3328 2268 161 sae terplscht wesen midde terwijl blijve

3486 3411 492 136 25 5 a1725

2863 3400 647 215 Theet

4063 3440 1055 174 Adye marj 1715

2867 3577 2305 155 conform ie aengenaeme van 3 br lat hebbe ue

2878 3662 2169 144 gedebigeert oor de 12 aviseselse die charlete

2875 3750 2356 106 Bourgers ue voor mijne rekene getolt hadd ingesloeeyt
