5401 3972
481 87 2227 118 commencer un nouveau et que vous au riez occasion

434 172 2249 208 pour cela a cette fin is vous offre mes marchan

396 286 2210 194 1 dises et mon service vous asseurant que ie

435 385 2266 223 feray touts mes de voirs possibles pour entrescair

449 486 2257 172 le commirce et connorssence en touttes occasion

436 614 2138 182 ayez labonte m'escrire ou a me venir voir et

447 724 1241 199 vous ene trouverez

367 806 2273 226 Brussel nicolas Dousedan Ady 15 febbuarii 1715

426 906 2247 224 met ue brief 1s Januarii 1714 adviseerde ue mij danne

434 1089 2211 119 al soude doen wat in ue maght was om mjiets opp

443 1150 2213 174 rekeninge te betaelen ende die groote beloften sijn

446 1261 2229 195 geweest ƒ 40:- courant gelde gelijck mij dir van

403 1386 2297 142 Roeh geadviseer heeft voorders en soude ue niet

417 1518 2207 136 hebben naer gelaeten te doen wat in ue uyterste

458 1563 2250 226 maght soude wesen van tijdt tot tijdt ende dat is in

423 1708 2287 176 soo een jaer aengeloopen sonder dat ue my geschreven

444 1768 2227 221 heeft oft verders iets betaelt heeft alhoewel ick ue

431 1941 2277 147 niet en hebbe geschreven soo en laete ick daerom ue

439 2015 2249 207 niet indaghtigh te wesen oft ten laet mij niet te

447 2130 2113 162 smerten het gene ick aen ue de goet vinde uyt

429 2221 2281 182 dusdaenighe conduites wat dunckt ue dat ick moe

422 2351 2289 194 oordeelen: wel met wat conscientie can ue leven

448 2445 2102 177 oft senicht ue te sterven= is dit ue crediteuren

437 2565 2257 170 belooven die soo sincerelijck ende compassieur met u

431 2661 2269 208 gehandelt hebben en ue niet anders en vraeghen als da

397 2775 2309 160 gemetterteydt nu en dan ue schrilt soude afcorten

405 2852 2302 212 mij dunckt dat ick ue niet en moete veel schrijven

424 2957 2278 184 want dat hebbe ick voorigh gedaen in alle termen

412 3051 2287 163 die de reden can mede brenghen evenwel wille ick

433 3175 2241 157 ue nogh wel eens te hennen geven dft ue sich soo

431 3268 2257 153 verre vleyde dat ick ue p avonnur vergeeten hadde

406 3362 2301 152 dat ue sich abuseert ende dat men den houdt torght

417 3473 2279 167 toe dat hij beydt ende dat ue dickmaelt een onver

363 3574 2342 201 =waghten slagh salover den hals coemen daerom

429 3685 2237 105 voldoet het gene ue beloeft ende dat versoeke ick

443 3780 1937 87 ue in vrint schap en beijve in at waghtinge

2742 84 2279 155 Amsterd: franc. Rousseau Ady 18 februarri 1715

2789 224 2312 142 ben gesupreneert my twee posten de suite te vinden

2757 347 2356 175 sonder ue antwoort op mijnen van heden aent daghen

2754 446 2199 171 waer by ue geschreven hebbe den staet van Jan

2755 556 2221 164 Bapt va dreweeghen nevens de remises op

2769 638 2309 193 den selven van £350:- in protest en twijfele niet

2761 780 2293 208 oft die is ue wel geworden en achter volghens oock

2749 858 2080 191 verembourseert a hebbe hem selfster

2774 986 2250 186 post comptoire tijdelijck stelt doch is den brief

2761 1086 2239 140 int suckelen ende ue niet geworden gelieft het soo

2753 1215 2289 144 redirigeeren dat ick tegens woorsdagh met sur

2749 1293 2210 185 hollandt ue advies magh becoemen ditto ue

2738 1400 2172 182 antwoort af waght ende is heden voorleden

2773 1498 2105 198 donderdagh ue ed. misseve van i1 niet hebbe

2756 1599 2289 224 beantwoort oock omdat daer weynsghe stfe

2768 1720 2219 221 ve hadde want alhoewel ue abus heeft van 4 ¾

2759 1814 2170 199 en hier niet gedaen was als 3¼ sooen is mijne

2767 1942 2212 184 intentie niet te trecken maer dat ue mij op

2758 2053 2346 184 tijdt soude remitteeren de occasie vooresoemen

2738 2118 2242 193 te want en hadden de breven met moeten

2775 2249 2297 148 keeren soude ue dien dagh ververs tot dien eynde

2768 2330 2323 182 safs geremitteert hebben dat nu sal schicken naer

2784 2438 2314 148 dbenant ne ed. advies en antwoort sal becoemen

2751 2562 2320 127 middeller wil ue van herten groetende soo blijve

2743 2646 2281 257 Brussel Peter van Boch Ady Jebruapi 1715

2756 2779 2337 209 sedert ue aengenaeme 30 churijt: laest ene van ue

2747 2899 2322 189 vernoemen siende dat het het allen negoue secht

2765 3045 2194 125 gaet en vervolgens geene brieven van jaisfactie

2747 3119 2316 198 op tijdt oft salden voorvallen en hebbe ue versers

2743 3214 2318 207 niet geremitteert wel wenschende dat het dese

2758 3350 2216 183 heere geliefde wat beeter commettie voor dese

2743 3479 2338 152 landen te verleenen want men heeft gewenst naer

2751 3549 2264 135 den vrede in hoepe van beeternsses daermen nes

2755 3666 2317 146 contrarie sicn shiccederen want in oorlagh watter

2743 3757 2270 114 noch iets te doen daer nu alles  met het
