5479 3943
464 89 2261 114 die ue mij p te conde heeft geremetteert als ne

476 196 2237 183 de dat ue de geordonneer de £1000 sal hebbe

489 294 2193 192 connen in miy trecken ende daer tegens op

486 402 2229 191 tijt remitteeren want onder de A pret en was

493 528 2183 187 als doen hier niets cort aen te treffen oft

503 666 2209 227 heden mede niet te doen hebbe daer toe ge

492 768 2230 230 resolveert om ue niet buyten soudte laeten

488 917 2228 203 voor de £600:- ingesloeten van heden

447 1037 2251 238 dato op 9 &ingenbergh en bosch a costy

517 1178 2190 232 waer voorens het noodighe gelieft te besor

504 1305 2215 203 gen en miy te crediteeren de laeste £500

517 1418 2186 178 die ue met joly heeft loopen inde te sater

523 1547 2123 218 dagh betaelt worden verwachte dien

506 1665 2218 233 tegens moroijn en sater dagh te versienne

498 1792 2135 179 wat ue sal hebben connen affectiueeren

486 1932 561 217 en blijven

1808 2020 679 207 2 may 0715

361 2073 1118 163 Brusselle h: de pouw

466 2198 2142 197 hebbe voorleden dijnodagh opt beutschep

481 2339 2200 184 schepp gedaen en ue geconsineert een pack

484 2440 2249 220 gemerckt N 5 dat verhoepe ue wel sal gewor

430 2562 2287 172 den bidde de noodige sorge voor te draegen

440 2678 2286 189 de de ordre van den eygenaer mons anthi

451 2812 2221 180 d'aoust van bergen te volgen biey ten trwijfel

452 2952 2273 225 sal hij tot brusselen passeerendeue dien aen

456 3077 1849 191 gaende al hebben gesprocken blijve

1944 3236 715 168 2 mey 1715

388 3198 1141 184 Brusselle J. B alexis

400 3322 2320 235 ick verhoepe desen mijnen op ue goet retoer

428 3460 2301 213 sal terhant coemen de 3 laeckens hebbe dan

431 3558 2302 241 op gepackt en ue voor leden dijns dagh p beut

432 3683 2301 173 schip af gesonden in een clijn paxke gemerck

2806 5 2280 258 Jn

2802 223 2292 167 geworden ende dat ue die naer ue cone

2814 293 2263 242 ment sal bevinden  hier sonder de fae

2799 436 2298 167 tiere bedraegende in wes: ƒƒ72 113 waer

2811 569 2246 256 voor mij geelieft te crediteeren en dits en

2810 705 2249 184 ders tot ue dienst voorvallende mij u

2806 847 2296 212 calandisie te willen sonnen ick hebbe

2825 979 2302 179 wederom schoone pakijen goederen on

2803 1107 2314 261 derwegen oock alle sorten van bagen

2802 1239 2296 198 en carsey en tot ue dienste de ƒ240 wis

2804 1375 2311 218 die ue my gepermitteert heeft te trecken

2789 1496 2320 236 sal ick tegens maendagh af senden aen

2793 1632 2333 276 d'ordre r Jacomo Bousseau te betaelen

2791 1773 2327 284 die dan conform gelieft verheeren blijve

4090 1965 665 170 2 maij 1715

2767 1937 1047 251 Brys houseau ett Righe

2785 2056 2331 214 verwondert sijnde dat van het gepasseerde geen

2809 2181 2273 168 het minste adis en becoemen soo en can ick

2822 2284 2261 183 niet anders oordeelen oft de bekende mett en

2838 2404 2276 200 soecken maer te de layeeren ende daerom moet

2859 2529 2233 167 ue pousseerin om ue remboursement ue ge

2842 2621 2261 215 atenteerde saecke staet mijns oordeeli seer

2846 2719 2284 188 wel pousseert di ende en declineert in gien

2831 2850 2309 239 derlye pointen oock oft ue iemant gnaeme

2859 2970 2270 227 de fongeschabben oft dien aengaende spreken

2862 3129 168 91 wi

2846 3129 2283 189 wet het soude moogen wesen oft niet gelieft

2835 3220 2270 177 voorsachtigh te wesen want magh ue wel

2822 3329 2324 166 seggen dat ir charpentier uyt heennen naert

2845 3456 2244 184 begint uyt te coemen ende middelen van

2861 3583 2247 222 gecommodement te sieggereeren doch dat

2832 3708 2241 159 moet ue ignooteerer en secriteeren ende
