5523 3943
612 86 1784 169 Amsterdam Franciseo Rousseau d Juny 1716

695 180 2183 163 met ue aengenaeme 28 past becoeme den seconda van den brief op dht

689 300 2145 138 kend muller aen mijn ordre door ue geendosseert van £300 aƒ 4 pret £288-

689 365 2200 124 de negotie blijft desolaet genoch mits ue niet buyten die treckens dit gaod

671 416 2203 182 jaer en can aentreffen ende ten waere om ue versoeckte voldoen soo en oix

679 481 2183 176 den geen couragie om te connen schrijven dh J:B:V: is een jonck ne

664 562 2186 157 gotdant cortelincke getrouuyt met een dochter van sijn porticer in con

618 626 2260 218 ditie en meddelen beyde hunne onders naer hunnen staet in repectate

676 765 2169 126 ende bemiddelt van sjne conduites en can niet oordeelen sijnde sjne

671 797 2208 192 negotie mij onbekent hierter borse in credit gelijck nieuwe negotiende

676 888 2201 206 connen wesen guaede ofte te groote asseurantie en can ue niet geven

661 971 2221 185 ue moet sich iet cercomspectie gedraegen want het is een alte grade

653 1111 2124 144 vraege om te connen antwoorden van in alle gerustheyt met ue

668 1211 1735 145 mans. te morgen: correspond ren blijve van herten d

556 1245 2266 249 Brugghe Willis van Coppenolle Ady 9 Juni 1716

702 1390 2124 193 blijde ue aengenaeme 3 Januaris laesten 18 deser

664 1524 2226 136 hebbe wel ontfangenop ue eersten niet geantwoort

691 1637 2183 177 redene geen encouragement voude noopende: delijfreme

706 1722 2097 198 want ttn soeke geen employe als de betaelinge

688 1840 2135 153 niet prompt et volght niette min gelieft mij noch

666 1943 2205 175 aens te noteeren oft die sorme compsett is ende

650 2059 2241 199 oft wmen nn noch daer by soude t connen paert nme

660 2166 2141 185 aent weeden gesien Roger hall van hul a costy

666 2257 2180 184 Gadt danck gearriveert was het is waer aen sijn

631 2421 2082 193 boort voor mij eene baele soron1 met 22p

654 2511 2194 214 dosijne laekensen 3 p witte carsenen din gelieft

630 2621 2220 198 aen te geven ende te doen als voor andere vrinden

678 2755 2064 167 ende mijn oncosten de menageeren dogh my

641 2843 2182 188 buyten aenslaght oft quettie te houden want hems

674 2960 2068 189 myn eersten paek dat ick Laught Brugghe

650 3076 2062 190 elijcke ende dat nogh caspeelijck. want ic

649 3181 2217 177 vinde beeter reken enexpeditte over hollandt

647 3304 2238 174 ende aen soo veel voodlijck heden nier subieet

663 3398 2053 209 gelijck dick verneme indere de costy vaeren

659 3509 1337 216 groete ue en blijve

2938 104 2012 193 Leeds thomas teate Ady 10 juni 1316

2992 191 2274 193 desen tot canvert van seconda van £4 £ 110: & msy

2967 331 2304 151 2 uto op du fres nay en laussen in londen waer van

2977 429 2291 177 de pima ue  deser hebbe geremitteert blyve

2932 561 2189 154 London schonnens en Edwards Ady 10 ditto

2954 645 2188 185 sedert mijnen laesten, en hebbe deere niet gehadt

2996 767 2142 196 eeniger ner mij altijdts aengenaemes ontfangen

2992 912 2212 132 de jonghste brieven van costj notceren de wissel

2978 995 2302 204 ƒ37 met apparentie an noch te monteeren daer

2957 1100 2311 157 op is mijn versoeck d'occasie waer te nemen alsrue

2955 1222 2144 152 het advantagieuste sal oordeelen en mij mijn

2963 1335 2132 119 advance optydt te willen remitteeren mits

2945 1432 2150 153 caveerendde voor de selve blijve van herten

2924 1533 2044 208 London Danell hays Ady 10 suin 1716

2948 1657 2308 245 Jay vene pr l'honneur de la vre ƒ davrir que mes

2937 1778 2375 194 remises vous estoient bien par venue faute d'occasion

2947 1882 2206 206 ie ne vous ay fait responze les devnieres lettres

2934 2043 2350 167 marquent de hey vous le cours de ƒ37 avec apparence

2951 2128 2242 171 de monter. cset le suinet de la presente e pour

2934 2215 2322 211 vous prier a vouloir inviyiler la fin que me voudries

2941 2363 2249 217 remettre mon advance lors que vous a sigerez

2970 2427 2242 252 au plus hault et le plus favorable moyennayt

2938 2541 2158 239 vre quarant pour les remises ce que ie seray

2922 2663 928 179 affendant  Surt

2927 2716 2261 255 eght Jile van Crgerole aAd 12 Juni 1716

2962 2885 2311 189 op datter geen mantiencent soude wesen van mijn

2959 2998 2334 231 pack met den eersten binlander te hebben soo sende

2960 3153 2270 121 ue ingesloeten in antwoort van ue van gisteren

2938 3237 2350 162 het certificat en om alle mogelijck heydt te ewiseeren

2923 3325 2367 166 sockende positiet geene questie doe sal mij aen de

2952 3421 2260 170 middelmaet gedraeghen d helft onder de ƒ 40:

2945 3510 2133 204 ende de hetst ondere ƒ68:- sjude maer

2944 3636 2346 178 anchelle gemengelde dosijntiens. blijve n awaghtinge
