5479 3943
491 94 2192 166 saecken tach in doedt boeck piet geraecken noch

500 174 2224 162 niet beraste het geene is ue oetmoedelijck bidden

481 287 475 151 de blijve

1809 360 533 187 13 meij 1775

407 397 1066 192 Brusselle Jacomo Rousseau

491 484 2165 207 Jay reces l'honneur de 2 chere vre 9et 11 du coeut

481 583 2161 198 p la premiere advris de la reception de mes 2

505 675 2108 204 remises a charge le s alex  £40 et ½ qui l'et

469 806 2206 208 acquite en suitte et £66:13:4 sur le S paaelode

487 892 2123 263 broger que aura satisfait de mesme come

458 1042 2136 221 jespere pr vre remises de N700 a 81¼ de

488 1139 2085 245 mange £238:8:9 de 16 mars 2 usance sir

455 1256 2212 229 mons proly je procurera le necessaie pr

459 1373 2140 206 le 22 du cours et suir en toutte occasions

1846 1481 453 165 15 mey 1715

374 1549 662 205 Leedr W Cockson

1174 1632 268 96 derniere

456 1613 2258 234 semin fen ah a minne di e 4 du cout la quille jespere

466 1741 2249 157 vs sera bien pervinice et vs aurer soing pr mon ondre vs

465 1830 2225 174 donne du nouveau pr 90 p de draps a scavoir

458 1915 2257 179 2½ pr bauttes couleur draps d'une jele pettite melas

475 2024 2217 197 qemes trop brun ne trop clais de couleures de  3:10

412 2125 2304 140 a 4 n'excedant pas ½ p de N5 aux en virons 22

450 2209 2267 177 de 4 a N4:6 et 2¾  de  3:10 a  4 n'eacedant

455 2288 2258 206 ce que je vs confinne et prie de choisir les plus joli

444 2416 2278 192 et nouvelles couleures q londemande p ce uartie

454 2507 2261 207 et q les draps sont dune bonne larquer laistie et qua

443 2619 2282 201 lité aussy bien tondue et appressees q' lon nerois pa

458 2723 2258 241 les filleures enfin je vs le recommande si fort & je

482 2824 2228 262 le puis faire sear plus q je debite plus avec vs de me

471 2942 2222 202 commissions car en sincerite je nemplose ps

474 3047 2234 228 d'autre q vs pas pr un denu pr an tellement st

474 3157 2224 251 vs estez plus oorigie a mos q a touts autres et veut

480 3258 2245 232 vre intrest q me servez bien jattendray vre nes por

479 3356 2216 256 ce au premier jay bien receu vos 3 cheres lettres de

469 3452 2249 267 puis du 13:16 et 28 avril il est bien q misremite

458 3581 2253 195 ensemble e £300 vous soient pervenices grace au

427 3675 2244 183 Leyneur les ballots N9 et 11 sont depuis aussy

2779 37 2327 206 AtDhedMamen. mo coesn

2780 171 2345 181 N12 pr Jenathan baywelle e suis rave q me mar

2782 256 2336 201 quel q les draps flent come rouges se adbleuerverd

2811 383 2292 176 dont li bon marché il m'en faudra quelq pr je

2819 519 2324 106 vs le marqueray pr on a prochainne a quelmen

2783 611 2364 177 faut entretemps je vs remette cy incluse en 2 letre

2813 690 2332 194 a charge Edward coleman a londres du  du cou

2796 786 2336 178 £ 200 dont il vs plaise procurer le necessaire

2810 888 1048 203 et me crediter et suis

3980 1054 556 152 15 macl 1715

2765 1050 659 171 Mons eA Gallonen

2826 1153 2271 142 ensponce a l'honneur de la vres du 7 du court ie ne

2811 1259 2295 171 vs aet envoyée qune je de drap le plus a prochant

2815 1344 2303 165 jajt trouve a vre eschantillion pl le message

2809 1474 2323 148 Jonnaert N22 g 26 ¾ a 34 ¼ a ƒ 2:8.. ƒ82:4 de change

2806 1550 2335 185 jespere q vs l'aurez bien reccu avant cette la mienne

2832 1658 2271 184 vs me mandez de draps de 46 je ne vend pas si bas prix

2794 1749 2306 186 je souhaitte bien vs accomode et pr iene pr ou zie

2806 1913 2306 149 n'est pas une affaire mais la sorte de draps come

2817 2025 2295 139 celley la je ne les vende pas moins de 51 a 5 a patsas

2812 2116 2306 145 au regard de 2 cariscer je n'en ayt aurune conform

2814 2188 2315 187 en couleure la coculuere n'appoche pas et leroug

2824 2298 2304 212 est trop en foncce aussijn en ay je tientes de la meel

2824 2388 2290 190 lheure sorte cara n'est pas la faison sen doit

2837 2500 2299 200 donner en tiintare pr mons d'aoust et caniot pas

2831 2614 2313 219 en en voyeray 2 jpce to quelles seront prestes jespere

2836 2731 2253 145 au moins q me viendrez voirs cette annie come les

2818 2824 2297 179 autres marchands de mons et quil y aura quelqchose

2828 2937 2222 195 d'avantage pr vre service croyez q je vs serviray tres

2803 3048 2303 127 honnestement et tris bien en toutt es occasions et

2812 3174 2294 149 jay e belles et s2 plus marchandises pres entement

2819 3243 2223 213 de touttes sorte q ns en trouverez parcill assorte

2797 3362 2204 203 ment dans tout nre pays je vs salue et suis
