5458 3927
1047 49 612 154 Declaratie

613 84 2295 232 een panke ISN1 et gengelsehe lackens dnt Pannels

1503 255 668 171 4 makens siof

2326 259 581 149 segel geeelt

1522 363 1392 180 4 inlanssche lackens met Anwer

1544 489 640 167 6 icken steff

2303 492 527 171 Leus Jun

2216 599 692 153 fa brigue van

2306 716 368 109 Lanst

934 725 1937 200 33 N2 met ortingessche roshens getebt

1609 853 1134 182 nt den nkx Degels

1931 953 859 265 Adij 1 Jaenle 1691

578 985 1122 259 Amster di frans Rousseau

708 1126 2185 204 het is mij seer gevoeligh en gaet mij ter herten gesien

723 1247 2145 216 hebbende p na geeerde 4 deser Ant va silvay

738 1394 2161 185 t recker der geprotesteerde brieven ƒ400: en 3o

737 1462 2135 189 ue niet en conde rembourseeren. hadde ick sulckx

736 1587 2091 174 geweeten en soude de partje niet ertrocken

743 1676 2159 185 hebben maer ue die oonieuwe secken my laeten

723 1793 2155 217 vergoeden hebben. de saeke valtuyt soo als ickte

742 1901 2154 179 my van den eersten iustant aet magineert hebbe

757 1992 2096 194 het mijnen brief datto 29 sber dogh ue heeft mij

725 2090 2168 217 sedert dienaengaende met sijne missives biyten opie

716 2221 2186 163 gebrocht, de geprotesteerde brieven noodigh te moetn

720 2312 2131 242 s enden alhoewel sulckx tegens stiel waere eehter

732 2449 2156 175 en soude het niet geholpen hebben want de secontes

738 2550 2163 195 hebbe aen der 10 B roeder Steph gesonden van we

717 2651 2186 204 tot tavee missioez hebbe becoemen mij meldente

739 2761 2139 225 hij geenen nicolas van den Bergh tot Brussel can

750 2890 2144 206 iuoen die ditto brieven soude geaccepteert hebben

731 2997 2133 202 not weeden date 3 cour geeft wat versachtinge

712 3097 2188 248 ick wensche en hoepe dat het magh succedeeren

732 3239 2179 180 ende dat ue magh gerembourseert worden daer

676 3340 2228 190 seer naer verlange ue biddende niet naer te laeten

700 3442 2205 238 van my het passeerende te adviseeren. de ƒ11 en 8

708 3571 2177 168 cedeere niet alleenelijck geerne maer in seat ue

733 3699 2121 107 coemt te verliesen en begeere niet eenen

2996 72 2246 186 Sougver avance oft erwissel op ditto partije niet

3015 171 2124 189 temin verhoepende dat Godt ue daer voor sal

3023 287 2138 213 gelieven te behoeden: net het sormeeren mijnde

3004 404 2233 202 nieuwe boecken hebbe soo veel werck dat geene

3000 512 2115 194 rekene en sluioe als de noodighste het eerste

3024 638 2129 158 op dat ick toude connen voortgaen reden ten

3016 745 2113 210 hogh open staet echter sal het tegens naesten

3016 852 2253 217 doen en ue adviseeren middellertidt soo blijve

2963 973 1095 204 Brussel Steph. Rousseau

4346 968 735 206 10 anujard 1713

3045 1082 2136 226 hetis mi leerte sien p ue d mstives dato en te

3033 1220 2147 190 coyr: ue den acceptant der geproesteorde brieven

3032 1332 2196 192 niet en contvinden hetis inutiet aen st Jean

3029 1443 2062 173 de Doencher b voie die addres ordinair waeren

3018 1574 2291 172 daer naer teinformeeren door dien het mj cousteert

3006 1672 2263 187 hij sijne provisie van Amsterd: ontfinge ick geve

3016 1784 2167 174 kennisse daer van aen Der ue Broeder Franco

3001 1888 2199 217 gelijck niet en twijfele ue mede sal hebben gedaen

3038 2038 2305 172 godt geve gj wegent den trecker magh gerembous=

3006 2144 2325 145 leert worden volgens hij my adviseerde dato 7 deser

3029 2240 2193 175 hoepe te hebben want wegens den acceptant

3004 2355 2188 151 diynckt  tot mijn leet weesen niet en salte

3042 2485 2112 126 becoemen wesen . in alle occasien daer

3040 2559 2224 160 capabel soude connen wesen ue dd te dien en

3051 2670 2190 200 gelieft Laeber te disponeeren van die ben met

3031 2783 992 181 alle sinceriteydt

2974 2819 2288 248 ruxeles como Rousseau dd 1fferen 17 1

3042 2953 2248 161 ie me refere a la mienne 4 du court le s sas madvize

3043 3080 2256 122 vous avoir compte ƒ150:- ayant vre advis ie vous et

3034 3197 2274 124 debiteran cy incluse deux remises ma traitte en vre

3028 3312 2181 127 faveur pours de vere sus le s. Michiel vanschoor

3033 3403 2255 131 ƒ400:- lettre sors jacques de herpen 17 abre 2usences

3040 3462 2194 168 ƒ285 ensemble en argent de change ƒ685:- dont is

3020 3600 2288 110 vous prie vouloir procurer le requiset me donner un

3045 3668 1986 153 mot d'advis qui suis tres parfaitte met
