<?xml version="1.0" encoding="UTF-8"?>
<alto xmlns:xsi="http://www.w3.org/2001/XMLSchema-instance"
      xmlns="http://www.loc.gov/standards/alto/ns-v4#"
      xmlns:page="http://schema.primaresearch.org/PAGE/gts/pagecontent/2013-07-15"
      xsi:schemaLocation="http://www.loc.gov/standards/alto/ns-v4# https://www.loc.gov/standards/alto/v4/alto.xsd">
   <Description>
      <MeasurementUnit>pixel</MeasurementUnit>
      <OCRProcessing ID="IdOcr">
         <ocrProcessingStep>
            <processingDateTime>2022-02-11T21:33:12.104+01:00</processingDateTime>
            <processingSoftware>
               <softwareCreator>READ COOP</softwareCreator>
               <softwareName>Transkribus</softwareName>
            </processingSoftware>
         </ocrProcessingStep>
      </OCRProcessing>
   </Description>
   <Layout>
      <Page ID="Page1" PHYSICAL_IMG_NR="1" HEIGHT="3943" WIDTH="5523">
         <TopMargin HEIGHT="0" WIDTH="5523" VPOS="0" HPOS="0"/>
         <LeftMargin HEIGHT="3943" WIDTH="0" VPOS="0" HPOS="0"/>
         <RightMargin HEIGHT="3943" WIDTH="0" VPOS="0" HPOS="5523"/>
         <BottomMargin HEIGHT="0" WIDTH="5523" VPOS="3943" HPOS="0"/>
         <PrintSpace HEIGHT="3943" WIDTH="5523" VPOS="0" HPOS="0">
            <TextBlock ID="region_1638874051959_670"
                       HEIGHT="3792"
                       WIDTH="2360"
                       VPOS="99"
                       HPOS="515">
               <Shape>
                  <Polygon POINTS="515,99 2875,99 2875,3891 515,3891"/>
               </Shape>
               <TextLine ID="region_1638874051959_670l1"
                         BASELINE="656,170 765,168 874,166 983,164 1092,162 1202,162 1311,160 1420,158 1529,158 1638,156 1748,156 1857,156 1966,156 2075,156 2184,158 2294,158 2403,160 2512,162 2621,164 2730,167 2840,170"
                         HEIGHT="136"
                         WIDTH="2214"
                         VPOS="90"
                         HPOS="641">
                  <String ID="string_region_1638874051959_670l1"
                          HEIGHT="136"
                          WIDTH="2214"
                          VPOS="90"
                          HPOS="641"
                          CONTENT="mets het godt niet en gelieft meerder faveuirte verlien "/>
               </TextLine>
               <TextLine ID="region_1638874051959_670l2"
                         BASELINE="660,262 770,258 880,255 990,252 1100,250 1210,248 1320,246 1430,244 1540,244 1650,242 1760,242 1870,242 1980,242 2090,244 2200,244 2310,246 2420,247 2530,250 2640,252 2750,254 2860,256"
                         HEIGHT="160"
                         WIDTH="2231"
                         VPOS="154"
                         HPOS="645">
                  <String ID="string_region_1638874051959_670l2"
                          HEIGHT="160"
                          WIDTH="2231"
                          VPOS="154"
                          HPOS="645"
                          CONTENT="als ue can bidde mij van het vercochte rek te senden ene "/>
               </TextLine>
               <TextLine ID="region_1638874051959_670l3"
                         BASELINE="652,340 761,338 870,338 979,336 1088,335 1198,334 1307,334 1416,332 1525,332 1634,332 1744,332 1853,332 1962,332 2071,332 2180,334 2290,334 2399,336 2508,337 2617,338 2726,341 2836,344"
                         HEIGHT="112"
                         WIDTH="2214"
                         VPOS="263"
                         HPOS="638">
                  <String ID="string_region_1638874051959_670l3"
                          HEIGHT="112"
                          WIDTH="2214"
                          VPOS="263"
                          HPOS="638"
                          CONTENT="te laeten weeten als ue occsie tecoempt com een versch"/>
               </TextLine>
               <TextLine ID="region_1638874051959_670l4"
                         BASELINE="650,434 758,429 867,424 975,422 1084,418 1193,416 1301,414 1410,414 1518,414 1627,414 1736,414 1844,414 1953,414 2061,416 2170,418 2279,418 2387,420 2496,421 2604,422 2713,423 2822,424"
                         HEIGHT="152"
                         WIDTH="2202"
                         VPOS="335"
                         HPOS="636">
                  <String ID="string_region_1638874051959_670l4"
                          HEIGHT="152"
                          WIDTH="2202"
                          VPOS="335"
                          HPOS="636"
                          CONTENT="sortement te debiteeren op dat men niet te ne maer"/>
               </TextLine>
               <TextLine ID="region_1638874051959_670l5"
                         BASELINE="660,510 769,508 878,506 987,504 1096,502 1205,502 1314,500 1423,500 1532,499 1641,498 1750,498 1859,500 1968,500 2077,500 2186,502 2295,502 2404,504 2513,506 2622,508 2731,510 2840,512"
                         HEIGHT="144"
                         WIDTH="2208"
                         VPOS="427"
                         HPOS="646">
                  <String ID="string_region_1638874051959_670l5"
                          HEIGHT="144"
                          WIDTH="2208"
                          VPOS="427"
                          HPOS="646"
                          CONTENT="buyten corpespondentie en vervalle ue groetendel"/>
               </TextLine>
               <TextLine ID="region_1638874051959_670l6"
                         BASELINE="1960,592 1989,597 2019,600 2048,602 2078,603 2108,604 2137,604 2167,604 2196,604 2226,602 2256,602 2285,600 2315,600 2344,598 2374,597 2404,596 2433,594 2463,594 2492,594 2522,594 2552,594"
                         HEIGHT="149"
                         WIDTH="621"
                         VPOS="515"
                         HPOS="1946">
                  <String ID="string_region_1638874051959_670l6"
                          HEIGHT="149"
                          WIDTH="621"
                          VPOS="515"
                          HPOS="1946"
                          CONTENT="24 april 1716"/>
               </TextLine>
               <TextLine ID="region_1638874051959_670l7"
                         BASELINE="550,654 590,649 630,645 671,641 711,638 752,636 792,634 832,630 873,628 913,626 954,624 994,624 1034,622 1075,620 1115,618 1156,617 1196,616 1236,614 1277,612 1317,610 1358,606"
                         HEIGHT="172"
                         WIDTH="842"
                         VPOS="514"
                         HPOS="532">
                  <String ID="string_region_1638874051959_670l7"
                          HEIGHT="172"
                          WIDTH="842"
                          VPOS="514"
                          HPOS="532"
                          CONTENT="Mons J:B. Lebleux"/>
               </TextLine>
               <TextLine ID="region_1638874051959_670l8"
                         BASELINE="612,728 722,721 833,714 943,709 1054,704 1164,700 1275,698 1385,694 1496,692 1606,691 1717,690 1827,688 1938,688 2048,688 2159,688 2269,688 2380,686 2490,686 2601,686 2711,684 2822,682"
                         HEIGHT="166"
                         WIDTH="2241"
                         VPOS="602"
                         HPOS="597">
                  <String ID="string_region_1638874051959_670l8"
                          HEIGHT="166"
                          WIDTH="2241"
                          VPOS="602"
                          HPOS="597"
                          CONTENT="Jenay pas manque ens uitte a lhonneur de la vre "/>
               </TextLine>
               <TextLine ID="region_1638874051959_670l9"
                         BASELINE="626,818 737,810 849,802 960,796 1072,790 1183,786 1295,783 1406,780 1518,778 1629,777 1741,776 1852,776 1964,774 2075,774 2187,774 2298,774 2410,774 2521,772 2633,772 2744,770 2856,768"
                         HEIGHT="130"
                         WIDTH="2260"
                         VPOS="719"
                         HPOS="610">
                  <String ID="string_region_1638874051959_670l9"
                          HEIGHT="130"
                          WIDTH="2260"
                          VPOS="719"
                          HPOS="610"
                          CONTENT="1a due court vs envoyeer p messager allas le droproux"/>
               </TextLine>
               <TextLine ID="region_1638874051959_670l10"
                         BASELINE="634,884 742,882 851,880 960,876 1069,875 1178,872 1286,871 1395,870 1504,868 1613,867 1722,866 1830,864 1939,864 2048,864 2157,862 2266,862 2374,862 2483,862 2592,862 2701,862 2810,862"
                         HEIGHT="165"
                         WIDTH="2208"
                         VPOS="776"
                         HPOS="618">
                  <String ID="string_region_1638874051959_670l10"
                          HEIGHT="165"
                          WIDTH="2208"
                          VPOS="776"
                          HPOS="618"
                          CONTENT="et verd avec les 2 p de flanelles 3&amp; large dans un"/>
               </TextLine>
               <TextLine ID="region_1638874051959_670l11"
                         BASELINE="600,976 708,974 817,974 926,972 1034,972 1143,970 1252,968 1360,967 1469,966 1578,964 1687,962 1795,959 1904,957 2013,954 2121,952 2230,950 2339,947 2447,944 2556,942 2665,938 2774,936"
                         HEIGHT="140"
                         WIDTH="2202"
                         VPOS="894"
                         HPOS="586">
                  <String ID="string_region_1638874051959_670l11"
                          HEIGHT="140"
                          WIDTH="2202"
                          VPOS="894"
                          HPOS="586"
                          CONTENT="paiqiert marque 5BL8 dont e pred de la lettre la"/>
               </TextLine>
               <TextLine ID="region_1638874051959_670l12"
                         BASELINE="2458,1038 2484,1040 2510,1042 2537,1042 2563,1042 2590,1042 2616,1042 2643,1041 2669,1040 2695,1038 2722,1037 2748,1036 2775,1035 2801,1034 2828,1036"
                         HEIGHT="128"
                         WIDTH="400"
                         VPOS="953"
                         HPOS="2443">
                  <String ID="string_region_1638874051959_670l12"
                          HEIGHT="128"
                          WIDTH="400"
                          VPOS="953"
                          HPOS="2443"
                          CONTENT="dontilis"/>
               </TextLine>
               <TextLine ID="region_1638874051959_670l13"
                         BASELINE="602,1070 682,1066 762,1062 842,1058 922,1056 1003,1054 1083,1053 1163,1052 1243,1052 1323,1052 1404,1052 1484,1052 1564,1052 1644,1052 1724,1052 1805,1051 1885,1050 1965,1050 2045,1048 2125,1045 2206,1042"
                         HEIGHT="165"
                         WIDTH="1634"
                         VPOS="960"
                         HPOS="588">
                  <String ID="string_region_1638874051959_670l13"
                          HEIGHT="165"
                          WIDTH="1634"
                          VPOS="960"
                          HPOS="588"
                          CONTENT="facture poutante en argent de change"/>
               </TextLine>
               <TextLine ID="region_1638874051959_670l14"
                         BASELINE="594,1154 705,1149 816,1146 927,1144 1039,1144 1150,1142 1261,1142 1373,1142 1484,1144 1595,1144 1707,1144 1818,1146 1929,1146 2040,1146 2152,1146 2263,1144 2374,1143 2486,1140 2597,1137 2708,1132 2820,1126"
                         HEIGHT="181"
                         WIDTH="2254"
                         VPOS="1043"
                         HPOS="580">
                  <String ID="string_region_1638874051959_670l14"
                          HEIGHT="181"
                          WIDTH="2254"
                          VPOS="1043"
                          HPOS="580"
                          CONTENT="plairce me crediter J dileye vs endonner advis at"/>
               </TextLine>
               <TextLine ID="region_1638874051959_670l15"
                         BASELINE="618,1248 728,1248 839,1248 950,1248 1060,1246 1171,1246 1282,1246 1392,1246 1503,1244 1614,1244 1725,1244 1835,1244 1946,1242 2057,1242 2167,1240 2278,1240 2389,1238 2499,1236 2610,1236 2721,1234 2832,1232"
                         HEIGHT="171"
                         WIDTH="2243"
                         VPOS="1134"
                         HPOS="603">
                  <String ID="string_region_1638874051959_670l15"
                          HEIGHT="171"
                          WIDTH="2243"
                          VPOS="1134"
                          HPOS="603"
                          CONTENT="tendant la remise que me provrastz pr vs sola"/>
               </TextLine>
               <TextLine ID="region_1638874051959_670l16"
                         BASELINE="628,1348 736,1343 844,1338 952,1336 1060,1334 1169,1332 1277,1330 1385,1330 1493,1330 1601,1330 1710,1330 1818,1330 1926,1330 2034,1330 2142,1330 2251,1328 2359,1328 2467,1326 2575,1322 2683,1320 2792,1316"
                         HEIGHT="132"
                         WIDTH="2194"
                         VPOS="1276"
                         HPOS="612">
                  <String ID="string_region_1638874051959_670l16"
                          HEIGHT="132"
                          WIDTH="2194"
                          VPOS="1276"
                          HPOS="612"
                          CONTENT="doe port de lettres cependient je nen recoive de "/>
               </TextLine>
               <TextLine ID="region_1638874051959_670l17"
                         BASELINE="626,1444 735,1436 844,1430 953,1426 1062,1422 1171,1420 1280,1418 1389,1418 1498,1417 1607,1416 1716,1418 1825,1418 1934,1418 2043,1418 2152,1420 2261,1420 2370,1420 2479,1418 2588,1417 2697,1414 2806,1412"
                         HEIGHT="143"
                         WIDTH="2211"
                         VPOS="1327"
                         HPOS="611">
                  <String ID="string_region_1638874051959_670l17"
                          HEIGHT="143"
                          WIDTH="2211"
                          VPOS="1327"
                          HPOS="611"
                          CONTENT="nouvelles il ny a plus moy en a estre marchand"/>
               </TextLine>
               <TextLine ID="region_1638874051959_670l18"
                         BASELINE="598,1528 706,1522 815,1517 924,1514 1033,1510 1142,1508 1251,1507 1360,1506 1469,1506 1578,1506 1687,1506 1795,1506 1904,1508 2013,1508 2122,1508 2231,1508 2340,1508 2449,1508 2558,1508 2667,1506 2776,1504"
                         HEIGHT="136"
                         WIDTH="2208"
                         VPOS="1431"
                         HPOS="582">
                  <String ID="string_region_1638874051959_670l18"
                          HEIGHT="136"
                          WIDTH="2208"
                          VPOS="1431"
                          HPOS="582"
                          CONTENT="largent ne roulle point en sans a la il ny a "/>
               </TextLine>
               <TextLine ID="region_1638874051959_670l19"
                         BASELINE="636,1614 743,1608 851,1602 959,1598 1067,1594 1175,1592 1282,1590 1390,1588 1498,1588 1606,1588 1714,1588 1821,1590 1929,1590 2037,1591 2145,1592 2253,1592 2360,1592 2468,1592 2576,1592 2684,1590 2792,1588"
                         HEIGHT="167"
                         WIDTH="2185"
                         VPOS="1507"
                         HPOS="621">
                  <String ID="string_region_1638874051959_670l19"
                          HEIGHT="167"
                          WIDTH="2185"
                          VPOS="1507"
                          HPOS="621"
                          CONTENT="rien a faire cau nos mess en angleterre na "/>
               </TextLine>
               <TextLine ID="region_1638874051959_670l20"
                         BASELINE="648,1704 756,1697 864,1690 972,1685 1080,1682 1189,1678 1297,1675 1405,1673 1513,1671 1621,1670 1730,1670 1838,1670 1946,1670 2054,1672 2162,1672 2271,1674 2379,1676 2487,1678 2595,1679 2703,1681 2812,1684"
                         HEIGHT="150"
                         WIDTH="2194"
                         VPOS="1596"
                         HPOS="634">
                  <String ID="string_region_1638874051959_670l20"
                          HEIGHT="150"
                          WIDTH="2194"
                          VPOS="1596"
                          HPOS="634"
                          CONTENT="cheptent ne envoyent si non argent contant vos"/>
               </TextLine>
               <TextLine ID="region_1638874051959_670l21"
                         BASELINE="630,1778 735,1774 841,1769 946,1766 1052,1762 1157,1760 1263,1758 1368,1756 1474,1754 1579,1754 1685,1754 1790,1754 1896,1754 2001,1756 2107,1756 2212,1758 2318,1759 2423,1760 2529,1762 2634,1764 2740,1766"
                         HEIGHT="128"
                         WIDTH="2138"
                         VPOS="1689"
                         HPOS="616">
                  <String ID="string_region_1638874051959_670l21"
                          HEIGHT="128"
                          WIDTH="2138"
                          VPOS="1689"
                          HPOS="616"
                          CONTENT="ez que mal ns  avons a solisferin noc ob"/>
               </TextLine>
               <TextLine ID="region_1638874051959_670l22"
                         BASELINE="614,1872 724,1867 834,1862 944,1858 1055,1854 1165,1850 1275,1848 1386,1846 1496,1844 1606,1842 1717,1842 1827,1842 1937,1840 2047,1842 2158,1842 2268,1842 2378,1844 2489,1844 2599,1846 2709,1848 2820,1850"
                         HEIGHT="142"
                         WIDTH="2234"
                         VPOS="1767"
                         HPOS="599">
                  <String ID="string_region_1638874051959_670l22"
                          HEIGHT="142"
                          WIDTH="2234"
                          VPOS="1767"
                          HPOS="599"
                          CONTENT="stant toutes mes bonnes doibtes je vs prie de coeu"/>
               </TextLine>
               <TextLine ID="region_1638874051959_670l23"
                         BASELINE="622,1954 731,1950 840,1946 949,1942 1058,1940 1167,1938 1276,1935 1385,1934 1494,1932 1603,1932 1712,1930 1821,1930 1930,1930 2039,1932 2148,1932 2257,1934 2366,1935 2475,1937 2584,1939 2693,1942 2802,1944"
                         HEIGHT="143"
                         WIDTH="2208"
                         VPOS="1866"
                         HPOS="608">
                  <String ID="string_region_1638874051959_670l23"
                          HEIGHT="143"
                          WIDTH="2208"
                          VPOS="1866"
                          HPOS="608"
                          CONTENT="a me vouloir sou lagen et joyes sersie a de que te "/>
               </TextLine>
               <TextLine ID="region_1638874051959_670l24"
                         BASELINE="650,2034 754,2030 859,2028 964,2025 1069,2022 1174,2022 1279,2021 1384,2020 1489,2022 1594,2022 1699,2023 1803,2024 1908,2026 2013,2028 2118,2029 2223,2032 2328,2033 2433,2035 2538,2036 2643,2038 2748,2040"
                         HEIGHT="130"
                         WIDTH="2127"
                         VPOS="1972"
                         HPOS="635">
                  <String ID="string_region_1638874051959_670l24"
                          HEIGHT="130"
                          WIDTH="2127"
                          VPOS="1972"
                          HPOS="635"
                          CONTENT="ray envers vs en touttes occasions ce que pourtie "/>
               </TextLine>
               <TextLine ID="region_1638874051959_670l25"
                         BASELINE="638,2128 743,2126 849,2124 954,2122 1060,2120 1165,2120 1271,2118 1376,2118 1482,2116 1587,2116 1693,2116 1798,2116 1904,2118 2009,2118 2115,2120 2220,2120 2326,2122 2431,2124 2537,2126 2642,2128 2748,2130"
                         HEIGHT="125"
                         WIDTH="2138"
                         VPOS="2043"
                         HPOS="624">
                  <String ID="string_region_1638874051959_670l25"
                          HEIGHT="125"
                          WIDTH="2138"
                          VPOS="2043"
                          HPOS="624"
                          CONTENT="deserer quil me dit jay aus sy de draps bleux "/>
               </TextLine>
               <TextLine ID="region_1638874051959_670l26"
                         BASELINE="650,2214 758,2210 866,2208 974,2206 1082,2204 1190,2204 1298,2204 1406,2204 1514,2204 1622,2204 1730,2206 1838,2208 1946,2210 2054,2212 2162,2214 2270,2217 2378,2220 2486,2224 2594,2226 2702,2231 2810,2234"
                         HEIGHT="144"
                         WIDTH="2191"
                         VPOS="2121"
                         HPOS="634">
                  <String ID="string_region_1638874051959_670l26"
                          HEIGHT="144"
                          WIDTH="2191"
                          VPOS="2121"
                          HPOS="634"
                          CONTENT="de la mes me qualite de verdr et sage que je vs "/>
               </TextLine>
               <TextLine ID="region_1638874051959_670l27"
                         BASELINE="648,2306 673,2306 698,2306 723,2304 748,2304 773,2304 799,2302 824,2302 849,2302 874,2302 899,2302 924,2302 950,2302 975,2304 1000,2305 1025,2308 1050,2310 1076,2312"
                         HEIGHT="132"
                         WIDTH="457"
                         VPOS="2224"
                         HPOS="634">
                  <String ID="string_region_1638874051959_670l27"
                          HEIGHT="132"
                          WIDTH="457"
                          VPOS="2224"
                          HPOS="634"
                          CONTENT="envoyey &amp;"/>
               </TextLine>
               <TextLine ID="region_1638874051959_670l28"
                         BASELINE="556,2404 597,2404 638,2402 679,2401 720,2400 761,2398 802,2395 843,2392 884,2390 925,2386 966,2383 1007,2380 1048,2375 1089,2372 1130,2369 1171,2366 1212,2362 1253,2360 1294,2357 1335,2355 1376,2354"
                         HEIGHT="198"
                         WIDTH="858"
                         VPOS="2247"
                         HPOS="535">
                  <String ID="string_region_1638874051959_670l28"
                          HEIGHT="198"
                          WIDTH="858"
                          VPOS="2247"
                          HPOS="535"
                          CONTENT="nons eA. Gallopin"/>
               </TextLine>
               <TextLine ID="region_1638874051959_670l29"
                         BASELINE="1710,2388 1765,2386 1820,2386 1875,2386 1931,2386 1986,2386 2041,2388 2097,2389 2152,2390 2207,2392 2263,2395 2318,2396 2373,2398 2428,2401 2484,2402 2539,2404 2594,2405 2650,2406 2705,2406 2760,2405 2816,2404"
                         HEIGHT="217"
                         WIDTH="1135"
                         VPOS="2238"
                         HPOS="1697">
                  <String ID="string_region_1638874051959_670l29"
                          HEIGHT="217"
                          WIDTH="1135"
                          VPOS="2238"
                          HPOS="1697"
                          CONTENT="Ady 24 April 1716"/>
               </TextLine>
               <TextLine ID="region_1638874051959_670l30"
                         BASELINE="634,2546 738,2537 842,2529 946,2522 1050,2518 1154,2514 1258,2512 1362,2511 1466,2510 1570,2512 1674,2512 1778,2514 1882,2518 1986,2520 2090,2522 2194,2526 2298,2530 2402,2532 2506,2536 2610,2538 2714,2540"
                         HEIGHT="176"
                         WIDTH="2109"
                         VPOS="2384"
                         HPOS="621">
                  <String ID="string_region_1638874051959_670l30"
                          HEIGHT="176"
                          WIDTH="2109"
                          VPOS="2384"
                          HPOS="621"
                          CONTENT="een brief van maninge en versoeck van"/>
               </TextLine>
               <TextLine ID="region_1638874051959_670l31"
                         BASELINE="644,2646 719,2642 794,2638 870,2635 945,2632 1021,2630 1096,2628 1171,2626 1247,2626 1322,2624 1398,2624 1473,2624 1548,2622 1624,2624 1699,2624 1775,2624 1850,2624 1925,2626 2001,2626 2076,2628 2152,2628"
                         HEIGHT="176"
                         WIDTH="1539"
                         VPOS="2513"
                         HPOS="628">
                  <String ID="string_region_1638874051959_670l31"
                          HEIGHT="176"
                          WIDTH="1539"
                          VPOS="2513"
                          HPOS="628"
                          CONTENT="remises met offers van dinst"/>
               </TextLine>
               <TextLine ID="region_1638874051959_670l32"
                         BASELINE="540,2786 644,2773 748,2760 852,2752 956,2745 1060,2739 1164,2734 1268,2732 1372,2730 1476,2730 1580,2730 1684,2732 1788,2732 1892,2734 1996,2736 2100,2736 2204,2737 2308,2738 2412,2736 2516,2734 2620,2732"
                         HEIGHT="198"
                         WIDTH="2111"
                         VPOS="2624"
                         HPOS="524">
                  <String ID="string_region_1638874051959_670l32"
                          HEIGHT="198"
                          WIDTH="2111"
                          VPOS="2624"
                          HPOS="524"
                          CONTENT="London schoppens en dwards Ady 25 a. 1716"/>
               </TextLine>
               <TextLine ID="region_1638874051959_670l33"
                         BASELINE="656,2876 764,2865 873,2856 982,2850 1091,2845 1200,2842 1309,2840 1418,2838 1527,2838 1636,2836 1745,2838 1853,2838 1962,2836 2071,2836 2180,2834 2289,2832 2398,2830 2507,2824 2616,2817 2725,2808 2834,2798"
                         HEIGHT="163"
                         WIDTH="2209"
                         VPOS="2754"
                         HPOS="640">
                  <String ID="string_region_1638874051959_670l33"
                          HEIGHT="163"
                          WIDTH="2209"
                          VPOS="2754"
                          HPOS="640"
                          CONTENT="deere vanue dato 25 gber laest is same van occasie"/>
               </TextLine>
               <TextLine ID="region_1638874051959_670l34"
                         BASELINE="660,2984 755,2971 851,2961 946,2952 1042,2945 1137,2941 1233,2938 1328,2936 1424,2936 1519,2936 1615,2936 1710,2936 1806,2936 1901,2936 1997,2936 2092,2936 2188,2933 2283,2929 2379,2924 2474,2917 2570,2908"
                         HEIGHT="153"
                         WIDTH="1940"
                         VPOS="2836"
                         HPOS="645">
                  <String ID="string_region_1638874051959_670l34"
                          HEIGHT="153"
                          WIDTH="1940"
                          VPOS="2836"
                          HPOS="645"
                          CONTENT="on beantwoort gebleven de wisseldaelende "/>
               </TextLine>
               <TextLine ID="region_1638874051959_670l35"
                         BASELINE="662,3074 771,3064 881,3058 991,3052 1101,3047 1211,3044 1320,3040 1430,3038 1540,3036 1650,3034 1760,3032 1869,3030 1979,3028 2089,3026 2199,3022 2309,3018 2418,3013 2528,3008 2638,3000 2748,2992 2858,2982"
                         HEIGHT="201"
                         WIDTH="2230"
                         VPOS="2893"
                         HPOS="644">
                  <String ID="string_region_1638874051959_670l35"
                          HEIGHT="201"
                          WIDTH="2230"
                          VPOS="2893"
                          HPOS="644"
                          CONTENT="buyten mijne verwaghtinge en geen emploge hebbende "/>
               </TextLine>
               <TextLine ID="region_1638874051959_670l36"
                         BASELINE="616,3170 727,3166 839,3161 951,3156 1063,3154 1175,3150 1287,3147 1399,3144 1511,3142 1623,3140 1735,3136 1846,3134 1958,3130 2070,3128 2182,3124 2294,3120 2406,3116 2518,3110 2630,3105 2742,3098 2854,3092"
                         HEIGHT="213"
                         WIDTH="2269"
                         VPOS="3028"
                         HPOS="599">
                  <String ID="string_region_1638874051959_670l36"
                          HEIGHT="213"
                          WIDTH="2269"
                          VPOS="3028"
                          HPOS="599"
                          CONTENT="ben genootsaeckt den ingeleyden brief van 20 meert"/>
               </TextLine>
               <TextLine ID="region_1638874051959_670l37"
                         BASELINE="656,3288 765,3279 875,3274 985,3268 1095,3262 1205,3258 1314,3252 1424,3249 1534,3246 1644,3242 1754,3240 1863,3237 1973,3234 2083,3232 2193,3230 2303,3226 2412,3224 2522,3222 2632,3218 2742,3214 2852,3212"
                         HEIGHT="179"
                         WIDTH="2224"
                         VPOS="3142"
                         HPOS="640">
                  <String ID="string_region_1638874051959_670l37"
                          HEIGHT="179"
                          WIDTH="2224"
                          VPOS="3142"
                          HPOS="640"
                          CONTENT="2 ulos op David Bosangugt ue te enveseeren ende "/>
               </TextLine>
               <TextLine ID="region_1638874051959_670l38"
                         BASELINE="672,3390 777,3381 882,3373 988,3367 1093,3361 1199,3355 1304,3350 1409,3348 1515,3344 1620,3342 1726,3340 1831,3338 1936,3336 2042,3334 2147,3332 2253,3330 2358,3328 2463,3326 2569,3324 2674,3320 2780,3316"
                         HEIGHT="215"
                         WIDTH="2139"
                         VPOS="3231"
                         HPOS="657">
                  <String ID="string_region_1638874051959_670l38"
                          HEIGHT="215"
                          WIDTH="2139"
                          VPOS="3231"
                          HPOS="657"
                          CONTENT="af te senden sijnde st £310:- die gelieve in te "/>
               </TextLine>
               <TextLine ID="region_1638874051959_670l39"
                         BASELINE="670,3494 779,3484 889,3476 998,3467 1108,3460 1218,3455 1327,3451 1437,3448 1546,3444 1656,3442 1766,3440 1875,3438 1985,3438 2094,3436 2204,3434 2314,3431 2423,3429 2533,3425 2642,3421 2752,3416 2862,3410"
                         HEIGHT="203"
                         WIDTH="2223"
                         VPOS="3313"
                         HPOS="654">
                  <String ID="string_region_1638874051959_670l39"
                          HEIGHT="203"
                          WIDTH="2223"
                          VPOS="3313"
                          HPOS="654"
                          CONTENT="voorderen en my voerens te crediteeren wensche"/>
               </TextLine>
               <TextLine ID="region_1638874051959_670l40"
                         BASELINE="652,3604 758,3595 864,3587 970,3579 1076,3575 1183,3569 1289,3564 1395,3560 1501,3557 1607,3554 1714,3552 1820,3550 1926,3548 2032,3546 2138,3544 2245,3541 2351,3538 2457,3535 2563,3531 2669,3526 2776,3520"
                         HEIGHT="202"
                         WIDTH="2157"
                         VPOS="3426"
                         HPOS="634">
                  <String ID="string_region_1638874051959_670l40"
                          HEIGHT="202"
                          WIDTH="2157"
                          VPOS="3426"
                          HPOS="634"
                          CONTENT="wel te weeten oft ue geen middel bijder handt"/>
               </TextLine>
               <TextLine ID="region_1638874051959_670l41"
                         BASELINE="670,3690 779,3687 888,3684 997,3680 1106,3676 1215,3673 1324,3670 1433,3666 1542,3663 1651,3660 1760,3656 1869,3653 1978,3650 2087,3647 2196,3644 2305,3642 2414,3639 2523,3636 2632,3634 2741,3632 2850,3630"
                         HEIGHT="204"
                         WIDTH="2210"
                         VPOS="3525"
                         HPOS="655">
                  <String ID="string_region_1638874051959_670l41"
                          HEIGHT="204"
                          WIDTH="2210"
                          VPOS="3525"
                          HPOS="655"
                          CONTENT="heeft omt laegen legghende geldt een int rest te doen"/>
               </TextLine>
               <TextLine ID="region_1638874051959_670l42"
                         BASELINE="670,3792 779,3787 888,3784 998,3779 1107,3773 1217,3770 1326,3765 1435,3761 1545,3757 1654,3754 1764,3750 1873,3746 1982,3744 2092,3742 2201,3742 2311,3740 2420,3740 2529,3742 2639,3743 2748,3746 2858,3748"
                         HEIGHT="190"
                         WIDTH="2220"
                         VPOS="3643"
                         HPOS="654">
                  <String ID="string_region_1638874051959_670l42"
                          HEIGHT="190"
                          WIDTH="2220"
                          VPOS="3643"
                          HPOS="654"
                          CONTENT="valeeren en soo blijve in afwaghtinge van d'een"/>
               </TextLine>
               <TextLine ID="region_1638874051959_670l43"
                         BASELINE="684,3870 734,3868 785,3866 835,3864 886,3862 937,3861 987,3860 1038,3860 1088,3858 1139,3857 1190,3856 1240,3855 1291,3854 1341,3852 1392,3850 1443,3849 1493,3848 1544,3844 1594,3842 1645,3839 1696,3836"
                         HEIGHT="127"
                         WIDTH="1042"
                         VPOS="3749"
                         HPOS="668">
                  <String ID="string_region_1638874051959_670l43"
                          HEIGHT="127"
                          WIDTH="1042"
                          VPOS="3749"
                          HPOS="668"
                          CONTENT="ven ue antwoort"/>
               </TextLine>
            </TextBlock>
            <TextBlock ID="region_1638874056663_673"
                       HEIGHT="3702"
                       WIDTH="2386"
                       VPOS="99"
                       HPOS="2890">
               <Shape>
                  <Polygon POINTS="2890,99 5276,99 5276,3801 2890,3801"/>
               </Shape>
               <TextLine ID="region_1638874056663_673l1"
                         BASELINE="3156,148 3185,147 3214,146 3243,143 3272,140"
                         HEIGHT="104"
                         WIDTH="150"
                         VPOS="68"
                         HPOS="3137">
                  <String ID="string_region_1638874056663_673l1"
                          HEIGHT="104"
                          WIDTH="150"
                          VPOS="68"
                          HPOS="3137"
                          CONTENT="ds"/>
               </TextLine>
               <TextLine ID="region_1638874056663_673l2"
                         BASELINE="2916,220 3016,211 3116,207 3217,202 3317,202 3418,202 3518,202 3618,205 3719,208 3819,211 3920,215 4020,219 4120,222 4221,224 4321,226 4422,226 4522,226 4622,222 4723,218 4823,210 4924,200"
                         HEIGHT="135"
                         WIDTH="2038"
                         VPOS="129"
                         HPOS="2902">
                  <String ID="string_region_1638874056663_673l2"
                          HEIGHT="135"
                          WIDTH="2038"
                          VPOS="129"
                          HPOS="2902"
                          CONTENT="Asstere Franc Rousseau Ady 27 April 1716"/>
               </TextLine>
               <TextLine ID="region_1638874056663_673l3"
                         BASELINE="2970,330 3083,326 3196,323 3309,322 3422,322 3535,322 3648,324 3761,326 3874,328 3987,330 4100,332 4213,333 4326,334 4439,336 4552,336 4665,334 4778,332 4891,329 5004,324 5117,318 5230,310"
                         HEIGHT="224"
                         WIDTH="2289"
                         VPOS="172"
                         HPOS="2956">
                  <String ID="string_region_1638874056663_673l3"
                          HEIGHT="224"
                          WIDTH="2289"
                          VPOS="172"
                          HPOS="2956"
                          CONTENT="bij ue aengenaeme 3 cour. geerne getien h Jan steenwegh"/>
               </TextLine>
               <TextLine ID="region_1638874056663_673l4"
                         BASELINE="2978,426 3090,423 3203,420 3316,420 3429,420 3542,420 3654,420 3767,422 3880,424 3993,426 4106,428 4218,430 4331,432 4444,432 4557,434 4670,434 4782,432 4895,430 5008,426 5121,422 5234,414"
                         HEIGHT="128"
                         WIDTH="2287"
                         VPOS="322"
                         HPOS="2963">
                  <String ID="string_region_1638874056663_673l4"
                          HEIGHT="128"
                          WIDTH="2287"
                          VPOS="322"
                          HPOS="2963"
                          CONTENT="acceptant mijnder remise van banc £600:- soer suffrtant"/>
               </TextLine>
               <TextLine ID="region_1638874056663_673l5"
                         BASELINE="2976,528 3082,526 3188,524 3294,524 3400,524 3507,524 3613,524 3719,524 3825,526 3931,526 4038,526 4144,528 4250,528 4356,527 4462,526 4569,525 4675,524 4781,520 4887,517 4993,513 5100,506"
                         HEIGHT="171"
                         WIDTH="2153"
                         VPOS="422"
                         HPOS="2961">
                  <String ID="string_region_1638874056663_673l5"
                          HEIGHT="171"
                          WIDTH="2153"
                          VPOS="422"
                          HPOS="2961"
                          CONTENT="is het e can mij voor het toekoemende dienen wont "/>
               </TextLine>
               <TextLine ID="region_1638874056663_673l6"
                         BASELINE="2974,628 3080,624 3187,620 3294,618 3401,616 3508,616 3614,616 3721,616 3828,616 3935,618 4042,618 4148,620 4255,620 4362,620 4469,620 4576,620 4682,618 4789,615 4896,611 5003,606 5110,598"
                         HEIGHT="151"
                         WIDTH="2165"
                         VPOS="520"
                         HPOS="2959">
                  <String ID="string_region_1638874056663_673l6"
                          HEIGHT="151"
                          WIDTH="2165"
                          VPOS="520"
                          HPOS="2959"
                          CONTENT="vrendelinghen togh altijdt wat onder den cours doen"/>
               </TextLine>
               <TextLine ID="region_1638874056663_673l7"
                         BASELINE="2958,728 3067,724 3177,722 3286,720 3396,718 3506,718 3615,716 3725,718 3834,718 3944,718 4054,718 4163,718 4273,720 4382,718 4492,718 4602,716 4711,714 4821,712 4930,708 5040,702 5150,696"
                         HEIGHT="144"
                         WIDTH="2220"
                         VPOS="614"
                         HPOS="2944">
                  <String ID="string_region_1638874056663_673l7"
                          HEIGHT="144"
                          WIDTH="2220"
                          VPOS="614"
                          HPOS="2944"
                          CONTENT="moeten: de remise op Pedre van diest geaccepteert "/>
               </TextLine>
               <TextLine ID="region_1638874056663_673l8"
                         BASELINE="2934,834 3045,831 3157,830 3269,828 3380,826 3492,824 3604,822 3715,822 3827,820 3939,820 4051,818 4162,818 4274,818 4386,818 4497,816 4609,816 4721,816 4832,816 4944,816 5056,816 5168,816"
                         HEIGHT="157"
                         WIDTH="2263"
                         VPOS="712"
                         HPOS="2919">
                  <String ID="string_region_1638874056663_673l8"
                          HEIGHT="157"
                          WIDTH="2263"
                          VPOS="712"
                          HPOS="2919"
                          CONTENT="sijnde hebbe ue daer voor gecrediteert bne £264:8:7"/>
               </TextLine>
               <TextLine ID="region_1638874056663_673l9"
                         BASELINE="2926,942 3034,939 3142,936 3251,932 3359,931 3468,928 3576,928 3684,926 3793,924 3901,924 4010,922 4118,921 4226,920 4335,918 4443,918 4552,916 4660,914 4768,911 4877,908 4985,904 5094,900"
                         HEIGHT="119"
                         WIDTH="2200"
                         VPOS="857"
                         HPOS="2909">
                  <String ID="string_region_1638874056663_673l9"
                          HEIGHT="119"
                          WIDTH="2200"
                          VPOS="857"
                          HPOS="2909"
                          CONTENT="die op Dh L de wisse tot ghendt gaet ingesoeten"/>
               </TextLine>
               <TextLine ID="region_1638874056663_673l10"
                         BASELINE="2950,1050 3061,1046 3173,1044 3284,1041 3396,1038 3508,1036 3619,1033 3731,1030 3842,1028 3954,1026 4066,1024 4177,1022 4289,1020 4400,1019 4512,1018 4624,1016 4735,1016 4847,1016 4958,1016 5070,1016 5182,1016"
                         HEIGHT="173"
                         WIDTH="2260"
                         VPOS="922"
                         HPOS="2935">
                  <String ID="string_region_1638874056663_673l10"
                          HEIGHT="173"
                          WIDTH="2260"
                          VPOS="922"
                          HPOS="2935"
                          CONTENT="met protest soodat ue mij daer voerens gelieve te "/>
               </TextLine>
               <TextLine ID="region_1638874056663_673l11"
                         BASELINE="2946,1160 3060,1156 3174,1150 3288,1146 3402,1142 3516,1138 3630,1136 3744,1132 3858,1130 3972,1130 4086,1128 4200,1126 4314,1126 4428,1124 4542,1124 4656,1122 4770,1122 4884,1120 4998,1120 5112,1118 5226,1116"
                         HEIGHT="198"
                         WIDTH="2310"
                         VPOS="1010"
                         HPOS="2932">
                  <String ID="string_region_1638874056663_673l11"
                          HEIGHT="198"
                          WIDTH="2310"
                          VPOS="1010"
                          HPOS="2932"
                          CONTENT="crediteeren banco £410:17 volgens nochtie daer van"/>
               </TextLine>
               <TextLine ID="region_1638874056663_673l12"
                         BASELINE="2942,1258 3053,1252 3164,1247 3275,1243 3386,1239 3498,1237 3609,1234 3720,1232 3831,1232 3942,1230 4054,1230 4165,1228 4276,1228 4387,1228 4498,1228 4610,1228 4721,1226 4832,1226 4943,1226 5054,1224 5166,1222"
                         HEIGHT="184"
                         WIDTH="2252"
                         VPOS="1116"
                         HPOS="2927">
                  <String ID="string_region_1638874056663_673l12"
                          HEIGHT="184"
                          WIDTH="2252"
                          VPOS="1116"
                          HPOS="2927"
                          CONTENT="aen den voet deser het is waer de cours alhier heden"/>
               </TextLine>
               <TextLine ID="region_1638874056663_673l13"
                         BASELINE="2946,1348 3061,1346 3176,1344 3291,1342 3406,1340 3521,1338 3636,1336 3751,1334 3866,1332 3981,1332 4096,1330 4211,1330 4326,1328 4441,1328 4556,1328 4671,1328 4786,1328 4901,1328 5016,1330 5131,1330 5246,1332"
                         HEIGHT="167"
                         WIDTH="2328"
                         VPOS="1234"
                         HPOS="2932">
                  <String ID="string_region_1638874056663_673l13"
                          HEIGHT="167"
                          WIDTH="2328"
                          VPOS="1234"
                          HPOS="2932"
                          CONTENT="geweest is 3 ¼ dogh ick hebbe voor rekene van een ander"/>
               </TextLine>
               <TextLine ID="region_1638874056663_673l14"
                         BASELINE="2930,1456 3036,1454 3143,1454 3250,1452 3356,1450 3463,1448 3570,1446 3676,1444 3783,1442 3890,1440 3997,1438 4103,1436 4210,1434 4317,1432 4423,1430 4530,1428 4637,1426 4743,1426 4850,1424 4957,1424 5064,1422"
                         HEIGHT="172"
                         WIDTH="2164"
                         VPOS="1329"
                         HPOS="2915">
                  <String ID="string_region_1638874056663_673l14"
                          HEIGHT="172"
                          WIDTH="2164"
                          VPOS="1329"
                          HPOS="2915"
                          CONTENT="selfs heden tot 3½ afgegeven eenige daeghen dat"/>
               </TextLine>
               <TextLine ID="region_1638874056663_673l15"
                         BASELINE="2930,1548 3038,1548 3147,1550 3255,1550 3364,1550 3473,1548 3581,1547 3690,1546 3798,1544 3907,1542 4016,1540 4124,1537 4233,1536 4341,1534 4450,1532 4559,1530 4667,1530 4776,1528 4884,1528 4993,1530 5102,1530"
                         HEIGHT="131"
                         WIDTH="2203"
                         VPOS="1437"
                         HPOS="2914">
                  <String ID="string_region_1638874056663_673l15"
                          HEIGHT="131"
                          WIDTH="2203"
                          VPOS="1437"
                          HPOS="2914"
                          CONTENT="soo dat niet dencke alsoeo contradietre sal connen"/>
               </TextLine>
               <TextLine ID="region_1638874056663_673l16"
                         BASELINE="2942,1652 3052,1650 3163,1648 3273,1646 3384,1644 3495,1643 3605,1642 3716,1640 3826,1638 3937,1636 4048,1634 4158,1632 4269,1630 4379,1628 4490,1626 4601,1624 4711,1622 4822,1620 4932,1618 5043,1617 5154,1616"
                         HEIGHT="141"
                         WIDTH="2244"
                         VPOS="1530"
                         HPOS="2926">
                  <String ID="string_region_1638874056663_673l16"
                          HEIGHT="141"
                          WIDTH="2244"
                          VPOS="1530"
                          HPOS="2926"
                          CONTENT="leyden. hetisseeker onse borse wejnigh oft geen"/>
               </TextLine>
               <TextLine ID="region_1638874056663_673l17"
                         BASELINE="2932,1742 3047,1742 3163,1740 3279,1738 3394,1736 3510,1736 3626,1734 3741,1732 3857,1730 3973,1730 4089,1728 4204,1726 4320,1724 4436,1724 4551,1722 4667,1722 4783,1720 4898,1720 5014,1720 5130,1720 5246,1720"
                         HEIGHT="157"
                         WIDTH="2345"
                         VPOS="1648"
                         HPOS="2917">
                  <String ID="string_region_1638874056663_673l17"
                          HEIGHT="157"
                          WIDTH="2345"
                          VPOS="1648"
                          HPOS="2917"
                          CONTENT="faveur int remitteeren can geven als men gepresseer"/>
               </TextLine>
               <TextLine ID="region_1638874056663_673l18"
                         BASELINE="2938,1842 3050,1840 3162,1838 3274,1836 3387,1834 3499,1832 3611,1830 3724,1828 3836,1826 3948,1826 4061,1824 4173,1824 4285,1822 4397,1822 4510,1822 4622,1822 4734,1823 4847,1824 4959,1826 5071,1828 5184,1830"
                         HEIGHT="153"
                         WIDTH="2276"
                         VPOS="1717"
                         HPOS="2922">
                  <String ID="string_region_1638874056663_673l18"
                          HEIGHT="153"
                          WIDTH="2276"
                          VPOS="1717"
                          HPOS="2922"
                          CONTENT="wort te meer daer ue wist te voeren datter verande"/>
               </TextLine>
               <TextLine ID="region_1638874056663_673l19"
                         BASELINE="2914,1948 3020,1942 3127,1937 3233,1934 3340,1930 3447,1926 3553,1924 3660,1921 3766,1920 3873,1918 3980,1917 4086,1916 4193,1916 4299,1916 4406,1916 4513,1916 4619,1916 4726,1916 4832,1916 4939,1916 5046,1914"
                         HEIGHT="197"
                         WIDTH="2162"
                         VPOS="1815"
                         HPOS="2899">
                  <String ID="string_region_1638874056663_673l19"
                          HEIGHT="197"
                          WIDTH="2162"
                          VPOS="1815"
                          HPOS="2899"
                          CONTENT="ringhe was en dat resteeteerde ick seer veel"/>
               </TextLine>
               <TextLine ID="region_1638874056663_673l20"
                         BASELINE="2930,2040 3044,2038 3159,2034 3274,2030 3389,2028 3504,2024 3618,2022 3733,2020 3848,2016 3963,2015 4078,2014 4192,2012 4307,2012 4422,2012 4537,2012 4652,2012 4766,2014 4881,2015 4996,2018 5111,2020 5226,2024"
                         HEIGHT="140"
                         WIDTH="2323"
                         VPOS="1931"
                         HPOS="2917">
                  <String ID="string_region_1638874056663_673l20"
                          HEIGHT="140"
                          WIDTH="2323"
                          VPOS="1931"
                          HPOS="2917"
                          CONTENT="uiffue schrijven alhoewel ue geen cours noteerde "/>
               </TextLine>
               <TextLine ID="region_1638874056663_673l21"
                         BASELINE="2948,2138 3051,2135 3155,2132 3259,2130 3363,2127 3467,2126 3571,2124 3675,2122 3779,2122 3883,2120 3987,2120 4090,2118 4194,2118 4298,2118 4402,2118 4506,2118 4610,2118 4714,2118 4818,2118 4922,2118 5026,2118"
                         HEIGHT="163"
                         WIDTH="2106"
                         VPOS="2014"
                         HPOS="2934">
                  <String ID="string_region_1638874056663_673l21"
                          HEIGHT="163"
                          WIDTH="2106"
                          VPOS="2014"
                          HPOS="2934"
                          CONTENT="hetregierthem hier gents naer Amsterdam"/>
               </TextLine>
               <TextLine ID="region_1638874056663_673l22"
                         BASELINE="2956,2238 3058,2234 3160,2230 3262,2226 3364,2224 3467,2222 3569,2222 3671,2220 3773,2220 3875,2220 3978,2220 4080,2220 4182,2220 4284,2220 4386,2220 4489,2218 4591,2216 4693,2214 4795,2211 4897,2207 5000,2202"
                         HEIGHT="140"
                         WIDTH="2072"
                         VPOS="2123"
                         HPOS="2942">
                  <String ID="string_region_1638874056663_673l22"
                          HEIGHT="140"
                          WIDTH="2072"
                          VPOS="2123"
                          HPOS="2942"
                          CONTENT="en soo daer veel geiet is en weynigh brieven dat "/>
               </TextLine>
               <TextLine ID="region_1638874056663_673l23"
                         BASELINE="2946,2340 3061,2336 3176,2332 3291,2328 3406,2326 3522,2322 3637,2320 3752,2320 3867,2318 3982,2318 4098,2316 4213,2316 4328,2316 4443,2318 4558,2318 4674,2318 4789,2318 4904,2320 5019,2320 5134,2320 5250,2322"
                         HEIGHT="166"
                         WIDTH="2336"
                         VPOS="2215"
                         HPOS="2930">
                  <String ID="string_region_1638874056663_673l23"
                          HEIGHT="166"
                          WIDTH="2336"
                          VPOS="2215"
                          HPOS="2930"
                          CONTENT="meenighmael hebeurt soo vialt men sich selfs bujne"/>
               </TextLine>
               <TextLine ID="region_1638874056663_673l24"
                         BASELINE="2952,2442 3056,2436 3160,2432 3265,2428 3369,2424 3474,2422 3578,2420 3682,2420 3787,2418 3891,2418 3996,2420 4100,2420 4204,2420 4309,2422 4413,2422 4518,2423 4622,2424 4726,2424 4831,2424 4935,2424 5040,2424"
                         HEIGHT="146"
                         WIDTH="2119"
                         VPOS="2321"
                         HPOS="2936">
                  <String ID="string_region_1638874056663_673l24"
                          HEIGHT="146"
                          WIDTH="2119"
                          VPOS="2321"
                          HPOS="2936"
                          CONTENT="mesires dat de reden is ick ue versoeke te trecken"/>
               </TextLine>
               <TextLine ID="region_1638874056663_673l25"
                         BASELINE="2944,2548 3042,2540 3140,2536 3239,2530 3337,2526 3436,2524 3534,2521 3632,2520 3731,2518 3829,2518 3928,2518 4026,2516 4124,2516 4223,2516 4321,2516 4420,2516 4518,2516 4616,2516 4715,2514 4813,2512 4912,2510"
                         HEIGHT="129"
                         WIDTH="2000"
                         VPOS="2436"
                         HPOS="2928">
                  <String ID="string_region_1638874056663_673l25"
                          HEIGHT="129"
                          WIDTH="2000"
                          VPOS="2436"
                          HPOS="2928"
                          CONTENT="te meer dewijl ue niet coutant weghen can "/>
               </TextLine>
               <TextLine ID="region_1638874056663_673l26"
                         BASELINE="2968,2638 3078,2631 3188,2626 3298,2622 3408,2618 3518,2616 3628,2614 3738,2612 3848,2610 3958,2610 4068,2610 4178,2608 4288,2608 4398,2610 4508,2610 4618,2610 4728,2610 4838,2612 4948,2612 5058,2612 5168,2612"
                         HEIGHT="159"
                         WIDTH="2229"
                         VPOS="2521"
                         HPOS="2954">
                  <String ID="string_region_1638874056663_673l26"
                          HEIGHT="159"
                          WIDTH="2229"
                          VPOS="2521"
                          HPOS="2954"
                          CONTENT="remitteeren ende doccasies alleen waernemen"/>
               </TextLine>
               <TextLine ID="region_1638874056663_673l27"
                         BASELINE="2948,2734 3062,2728 3176,2724 3291,2719 3405,2715 3520,2712 3634,2710 3748,2708 3863,2708 3977,2706 4092,2706 4206,2706 4320,2708 4435,2710 4549,2711 4664,2713 4778,2716 4892,2718 5007,2722 5121,2724 5236,2728"
                         HEIGHT="149"
                         WIDTH="2318"
                         VPOS="2616"
                         HPOS="2933">
                  <String ID="string_region_1638874056663_673l27"
                          HEIGHT="149"
                          WIDTH="2318"
                          VPOS="2616"
                          HPOS="2933"
                          CONTENT="het de vendities verhoepe ue nu mij wat sal conmy"/>
               </TextLine>
               <TextLine ID="region_1638874056663_673l28"
                         BASELINE="2956,2822 3067,2818 3178,2816 3289,2814 3401,2811 3512,2810 3623,2808 3735,2806 3846,2806 3957,2806 4069,2806 4180,2806 4291,2806 4402,2806 4514,2808 4625,2808 4736,2810 4848,2812 4959,2814 5070,2816 5182,2818"
                         HEIGHT="184"
                         WIDTH="2254"
                         VPOS="2705"
                         HPOS="2942">
                  <String ID="string_region_1638874056663_673l28"
                          HEIGHT="184"
                          WIDTH="2254"
                          VPOS="2705"
                          HPOS="2942"
                          CONTENT="fopinieren: met selfbe datoner missive heeft den "/>
               </TextLine>
               <TextLine ID="region_1638874056663_673l29"
                         BASELINE="2950,2932 3066,2926 3182,2922 3298,2918 3414,2913 3530,2910 3646,2908 3762,2906 3878,2904 3994,2904 4110,2904 4226,2904 4342,2904 4458,2906 4574,2907 4690,2908 4806,2912 4922,2914 5038,2917 5154,2920 5270,2924"
                         HEIGHT="183"
                         WIDTH="2350"
                         VPOS="2807"
                         HPOS="2934">
                  <String ID="string_region_1638874056663_673l29"
                          HEIGHT="183"
                          WIDTH="2350"
                          VPOS="2807"
                          HPOS="2934"
                          CONTENT="vrindt an mijn schoon moeder vrij al wat gerenertteer "/>
               </TextLine>
               <TextLine ID="region_1638874056663_673l30"
                         BASELINE="2934,3034 3048,3030 3163,3026 3278,3021 3393,3017 3508,3014 3622,3012 3737,3008 3852,3008 3967,3006 4082,3004 4196,3004 4311,3004 4426,3004 4541,3004 4656,3004 4770,3006 4885,3006 5000,3008 5115,3009 5230,3010"
                         HEIGHT="141"
                         WIDTH="2327"
                         VPOS="2901"
                         HPOS="2918">
                  <String ID="string_region_1638874056663_673l30"
                          HEIGHT="141"
                          WIDTH="2327"
                          VPOS="2901"
                          HPOS="2918"
                          CONTENT="tot 4 prets en die schrijft door gaets van niet te "/>
               </TextLine>
               <TextLine ID="region_1638874056663_673l31"
                         BASELINE="2966,3126 3079,3123 3193,3120 3307,3116 3421,3114 3535,3112 3649,3110 3763,3108 3877,3108 3991,3106 4105,3106 4218,3106 4332,3106 4446,3106 4560,3106 4674,3106 4788,3106 4902,3106 5016,3106 5130,3106 5244,3106"
                         HEIGHT="141"
                         WIDTH="2307"
                         VPOS="3027"
                         HPOS="2952">
                  <String ID="string_region_1638874056663_673l31"
                          HEIGHT="141"
                          WIDTH="2307"
                          VPOS="3027"
                          HPOS="2952"
                          CONTENT="remitteeren segghende te sullen trecken als hij occasie"/>
               </TextLine>
               <TextLine ID="region_1638874056663_673l32"
                         BASELINE="2948,3220 3051,3219 3155,3216 3258,3216 3362,3213 3465,3212 3569,3210 3672,3208 3776,3206 3879,3204 3983,3202 4086,3200 4190,3198 4293,3197 4397,3196 4500,3194 4604,3192 4707,3190 4811,3190 4914,3188 5018,3186"
                         HEIGHT="146"
                         WIDTH="2100"
                         VPOS="3092"
                         HPOS="2932">
                  <String ID="string_region_1638874056663_673l32"
                          HEIGHT="146"
                          WIDTH="2100"
                          VPOS="3092"
                          HPOS="2932"
                          CONTENT="heeft van iets op tijdt te connen aennemen"/>
               </TextLine>
               <TextLine ID="region_1638874056663_673l33"
                         BASELINE="2972,3320 3085,3317 3198,3314 3311,3310 3425,3306 3538,3302 3651,3300 3765,3297 3878,3294 3991,3292 4105,3290 4218,3288 4331,3288 4444,3286 4558,3286 4671,3286 4784,3286 4898,3286 5011,3287 5124,3288 5238,3290"
                         HEIGHT="150"
                         WIDTH="2295"
                         VPOS="3193"
                         HPOS="2958">
                  <String ID="string_region_1638874056663_673l33"
                          HEIGHT="150"
                          WIDTH="2295"
                          VPOS="3193"
                          HPOS="2958"
                          CONTENT="verwaghte ne wat meerder couragie sal scheppen"/>
               </TextLine>
               <TextLine ID="region_1638874056663_673l34"
                         BASELINE="2972,3418 3080,3412 3189,3408 3298,3402 3407,3398 3516,3394 3624,3392 3733,3388 3842,3386 3951,3384 4060,3382 4168,3381 4277,3380 4386,3380 4495,3380 4604,3380 4712,3380 4821,3382 4930,3382 5039,3384 5148,3386"
                         HEIGHT="138"
                         WIDTH="2205"
                         VPOS="3288"
                         HPOS="2958">
                  <String ID="string_region_1638874056663_673l34"
                          HEIGHT="138"
                          WIDTH="2205"
                          VPOS="3288"
                          HPOS="2958"
                          CONTENT="en in aentwoort deser wat favorabele remibles"/>
               </TextLine>
               <TextLine ID="region_1638874056663_673l35"
                         BASELINE="2950,3520 3054,3513 3159,3507 3264,3502 3369,3496 3474,3492 3578,3490 3683,3486 3788,3484 3893,3482 3998,3480 4102,3480 4207,3478 4312,3478 4417,3476 4522,3476 4626,3474 4731,3474 4836,3472 4941,3470 5046,3470"
                         HEIGHT="146"
                         WIDTH="2128"
                         VPOS="3387"
                         HPOS="2934">
                  <String ID="string_region_1638874056663_673l35"
                          HEIGHT="146"
                          WIDTH="2128"
                          VPOS="3387"
                          HPOS="2934"
                          CONTENT="te becoemen moogende ue liver sicht p casse"/>
               </TextLine>
               <TextLine ID="region_1638874056663_673l36"
                         BASELINE="2962,3616 3075,3609 3188,3603 3302,3598 3415,3593 3529,3589 3642,3585 3755,3582 3869,3578 3982,3576 4096,3574 4209,3572 4322,3572 4436,3572 4549,3572 4663,3572 4776,3572 4889,3574 5003,3576 5116,3578 5230,3580"
                         HEIGHT="179"
                         WIDTH="2298"
                         VPOS="3479"
                         HPOS="2947">
                  <String ID="string_region_1638874056663_673l36"
                          HEIGHT="179"
                          WIDTH="2298"
                          VPOS="3479"
                          HPOS="2947"
                          CONTENT="al wast 2ooottemployeeren en trecken blijve"/>
               </TextLine>
            </TextBlock>
         </PrintSpace>
      </Page>
   </Layout>
</alto>
