5479 3943
463 73 2305 155 mons eA Gallopin Ady 30 Aunii dn 175

543 171 2206 185 en suiste a lttoneur de la vre 2s ducour. ie vous

529 306 2198 186 uyt envoyce hier p. le messager Jonaert dans

540 428 2217 167 une rolle marque ot 6 a bos compte 3 voide

554 523 2166 179 carisees seavoir une superfinne roune a ƒ35:

404 645 2326 175 et une blanche a £30:- avec unbfause

544 752 2208 191 frizes a £35:- ensemble ƒ100:- de change les

539 866 2169 186 aultres doibt ie faire appresser expres. ie

534 1028 2210 155 ne manqueray pas vous les envoyeer. i0 n'ayt

510 1088 2235 229 que de flannelles doubles de divers prix de

533 1223 2138 197 ƒ50 a ƒ66:-- plus finnes in plus belles

512 1312 2222 183 cari sels vous ne fronverez dans le pays pue

492 1472 2192 148 la blanche et la rouge et celles queie

519 1573 2246 182 vous envoyeray estant presses. ie m'estonne

509 1671 2131 186 que ne me venet pas bourat q ue n'avez

569 1782 1989 199 besoing des draps. isen ay des tres Jolie

501 1885 2243 182 assortments de touttes nouvelles couleury a

532 2025 2157 139 la mode et prix ie n'en ayt esto si

528 2096 2212 216 bien assorti de longes tnces si bien que

455 2205 2260 214 de touttes sortes des bayes et bayes deventer

505 2346 2208 177 en cas qu'il vous fault d'assortiment croyez

516 2466 2238 192 que ie vous serviray tres bien ni sui

1822 2571 799 194 Ady 30 Ditto

418 2567 946 224 Mons: A Chrost

528 2677 2167 174 en suitte a lhonneur de la vre 20 du courde

486 2829 2282 138 vor s'ayt en voée r le messarerJonaert les dex

492 2934 2258 191 piesces des draps dans enn pasquet EC. cesne

450 3036 2303 151 de ont pat lest mesines uu merds mais ces sont

509 3161 2216 128 les mesmes couleures et qualiee comme vous

529 3293 2211 138 vogeren vous ne payerez non plus comme

537 3397 2217 151 ay vous les marchanderez icy ils portent

898 3443 1820 176 en argent de change compie au pied

489 3593 2196 152 de la lettre de m'estonne que n'en prennez

406 3695 2157 136 pas d'avantaye ayant le choia de s belles

2826 93 2281 161 couleures tous jours a la mode. sil vous fault

2836 239 2368 106 aultres couleures des draps i'en ay grande prantie

2835 320 2217 153 aussy toutte sorte et prix de carisees bayez

2811 442 2397 193 frisettes flannelles de 3 a larges bayes deven

2869 544 2323 167 et aultre marchandises nouvellement arrivez

2835 693 2243 127 tousjours a vre service ie ne scrive que peru

2853 780 2318 186 ie cuize de la mala die de ma cop. elle

2858 902 2294 204 est a dninistre et point encor hors du danger

2848 1012 2293 175 ie la recommande en vos prieres et surs

2839 1138 545 151 en haste

2822 1195 2267 192 Ath nicolas francois le Liere Ady 31 chupusti 1715

2838 1345 2333 161 ie vous demande excule que ie n'ay latt p lustos

2843 1466 2377 207 responce a lhonneur de la vre 20 du cour mafemme

2854 1580 2235 207 ot este admiaistre et a la mort ce quil a cause un

2833 1674 2235 222 peu du retardement ett mes affaires grace a u

2834 1790 2285 211 leigneur. il vat un peu mieux vre resmise de ƒ400:-

2832 1902 2380 224 argent courant a charge nauwelaerts et bloemaerty

2859 2024 2322 230 est acceptee du 23 du cour. a ois de veue payable

2832 2128 2353 195 la 29 xbre asvenir l'espere que jauray lhonneur

2835 2239 2138 209 de vous vois p. icy jay les plus belles nouvelles

2835 2350 2345 213 marchandises a trivées de toutte sorte que pourrez

2828 2469 2268 201 trouver dans toutte a ville desuvtrs tie ne

2841 2611 2340 139 manqueray pas aux occasions a faire tout mon

2814 2694 2153 190 possible pour entresenir l'honneur de vre

2845 2796 1173 164 chalandise ie me dito

3831 2916 109 163 7d

2814 2900 911 163 Leeds thomas Pease

4092 2851 908 244 Adj d 31r

2815 3008 2353 196 ick sien uyt ue aengenaeme 14 deser dat ue genoeghen

2829 3128 2288 129 neemt en satisfactie van alles in voldoeninge aerveert

2839 3238 2208 127 mijne gedaene remise van st ƒ27:5:2 ten laste

2832 3298 2344 183 mo william coonton: ick sal dan conform de Retkene

2831 3421 2190 162 daer mede cluyten  anders was ptract ie de

2852 3485 2324 171 voordere oncosten oock te vergoeden. ick bedancke ue

2842 3627 2291 125 voorde offers van sijne diensten dit jaer en ben van

2851 3714 2317 136 geene intentie meer iets he minsten njt Engelandt te

2880 3804 2319 77 o bieden. men can aen de goederen niet meer profiteeren
