5479 3943
443 90 2244 197 offres que me faittez. ie voudrois en pouvoir profiter

402 188 2342 186 mais je n'ose presque m'engager dans des mania

387 319 2334 185 =tures a cause quelles sont si cheres et qu'il ny a

455 445 2271 169 rien a profiter car la partie de trois ballots de

414 547 2268 196 bayes et carisees de 'Anmee 17oy que vous m'avez

444 650 2232 214 envoyce pour une espreuve ie ne scay si lien ay

448 762 2281 246 gaigne li intrest de mon argent. i'espere quite

445 894 2282 165 e un jour mieux la raison de cettte la mienne

457 1018 2211 181 est pour vous dire que passez du temps les

436 1112 2286 239 Joffen firth de Probertane me vouloir c harger

474 1232 2248 207 d'asseurence de vois ballots surdits ce quilsne

465 1350 2275 180 sont pas ces affaires. SiV. qplest pas content

453 1443 2297 183 de moy et que vous presendez cette asseuressce

439 1552 2186 197 ie suis estranee que vous ne m'avez jamais

419 1667 2120 156 escript a e e surs consent de vouz

434 1758 2277 177 les saisfaire et vous le payeer en cas que vous

443 1851 2105 208 pretende cela de moy ie vous salue et suis

1856 1998 613 135 22 July 1715

384 1992 903 184 Rotterdam Dverburgh

498 2088 2255 134 ue & aengenaemme 16„18: en 19 deser hebbe wel ontfange doch de

514 2191 2225 140 2 leyte te gelijck op voorleden faeterdagh de oncoste re

510 2273 2182 121 op 8 N13:14. 16 sal ick naer sen sijnde de bace N16

524 2360 2225 109 met Jan Leenhouwer mij noch niet geworden het is wonder

486 2405 2255 120 de schippers van huell en londen die ue hebbe op gegeven met de

550 2490 2154 115 tevorable went niet o en scheeten bidde niet naer te laeten soo

482 2541 2239 154 de selve ret godds gratie salvo coemen mij cito toe advis te geven

543 2634 2103 122 ick vertrouwe dat het godt eyndelijck sal gelieve nede

535 2698 2191 174 te sien ende mij uyt dese dge saeke te redderen jaer ick

539 2797 2199 183 soo qualijck bij getrackeet ben geweest en mal apropo ge

523 2862 2217 164 eertinegt alleen de copje die ue mij versoeck maer oock de onge

529 2958 2181 150 nete facture van dh Willens heeft ue hier in gesloeten nevens

520 3064 2219 144 het imgelnel congnossement van jons railwlantson a wiens

531 3140 2215 137 bort dito pack lis geweert ick verscoepen dan eijndelijck favoia

535 3197 2223 194 tijdinge dien aengaende pr te te verneme in tijde van nod

549 3276 2181 191 cansmen altijt een antentigue facture doen coemen van Dh

543 3364 2185 197 livenus de dorpere ende het can gethoont worden datter niet

545 3449 2202 152 onredelijcke en is al op de t mak van  p p teen

530 3511 2226 218 sisseeren want dat die nat gemaeckt weden en dan gedrog

534 3598 2219 166 gemeten daer en soude sos val niet nvonden worden als

527 3691 2221 167 tis aengegeven oock sullen alle fabrecatier a costy en

3690 38 53 74 d

2779 102 2395 121 gheel hollandt doo dat  de maet facture geen mentaer

2772 129 2347 175 wort gemaeckt van de ovemack die  de negotie van

2780 216 2383 145 mannifactiee moet wesen want de layden die de laecke

2790 307 2381 174 op doen en met brengen over de moede niet tegen stae

2783 398 2305 139 daer noch altyt over maete wo gevonden enfin

2811 480 2379 177 dat het te oordeelen was aen leyden van manustactiure s

2800 563 2346 168 verstaende die soude aftisteeren generaelijck dat het

2804 661 2326 167 niet als canties en checane wesen waer mede met

2820 753 2337 196 een ider soo wel hij toe siet oft niet altijts ceen captee

2798 852 2350 162 ven ick laete het aen den heere berocle en blijve net

2798 970 445 140 verlangen

4365 959 570 179 22 July 0715

2786 1058 1174 182 Amsterdams francois Rousseau

2814 1060 2383 246 soo en gelijck mijn openie comt de saecke uyt te vallen allee

2806 1200 2384 141 is den brief van 300 betaelt op joris van boma ende

2802 1307 2273 134 been van oboo helft ue hier engesloeten never

2800 1354 2364 204 het et en reck waer voor ue mij geleeve te coedi

2812 1423 2366 220 teeren banco £48 „15:11 uyt ue informaties en can

2816 1546 2328 202 niet oordeelen oft ue sal wel gerembourseert worden

2802 1616 2344 179 dat ick verhoepe en mij sal aengenaem wesere tever

2818 1661 2345 230 nemen sal ue mijn brief van  s00 p naesten sende

2820 1766 2369 215 ue ean provisconcelijcn van £1000 dan voor 6 maens

2787 1868 2386 223 disponeeren ende voor het verige salue voor londe

2804 1958 2300 278 gplieve af te geven nopende ue edves wegen dan ch

2819 2039 2299 236 cheuillie en compt met de brieven van pacquien

2832 2145 2322 210 niet over een soo dat sulckx in den wentslaet aen

2799 2240 2361 268 gaende de walrischbaerden en wasch versoecke alleen

2807 2341 2385 255 lijck te vigikeren en als heb tjt sal wesen sal ue and

2795 2416 2327 222 stantelijck dan ordres geven senden want tot noch toe

2810 2533 2252 209 en sijn dien aengaende geene miseres te nemen

2807 2617 2289 222 Ginco 34 court 13 londen N36:7 parys niets te doen blijve

2779 2713 2090 219 Brussel michiel van Schoor Ady 22 ditto 1715

2790 2909 2338 139 n can wel dencken dat ue misive van gisteren mij geet

2778 2979 2349 124 plaiser en geeft ende dat ick niet en verdiene dat ue mij

2797 3082 2263 132 reprocheert want ick hebbe ue goederen gepresenteere

2804 3180 2332 123 ende pretenteere ue die nogh soo veel icker hebbe oim

2788 3275 2311 173 ue sertiment uyt sehieten ja ick hebbe ue geschreven

2794 3383 2228 113 dat om uen twille selfs een pack met gris deser

2784 3483 2356 133 en bruyn doenchere grijsen ontboeden hebbe. ick bidde ue

2779 3599 2172 124 en gelieft sonder reden geen ombragie opte vatten

2797 3684 2333 115 ick en best geenen baiquier die van contante penningen

2798 3772 2332 100 soo bondangelijck voorsien ben om op obcipatier altijdts
