5419 3948
631 58 2258 219 Amsterd: franco. Rousseau Adij 18 febrhart 172

743 186 2130 181 ue aengenaeme 5 conr. hebbe wel ontfangen ick

730 325 2108 193 hebbe het ongelijck gehadt dat nu ift jaeren n

726 380 2177 204 ae cotte geweest hebbende te selive hebbe onder son

681 520 2205 176 den van jaere tot laere declineerende en vreete

701 643 2200 218 dit naer noch het gataelste sal wesen want weete

750 742 2161 232 vergens employe te vinden nochte iets met vrngt

748 849 2138 190 te speculieren dat hodt beteere desen omme

762 959 2063 191 te versoeken alleen acceptatie voor de wel

753 1074 2168 191 ingeleyde brieven op franc de Boy a costp van

747 1185 2023 186 cour 1e9 dat  150 e4½  dato £160:10:

734 1275 2047 212 te willen besorghen en mij op donderdagh de

704 1388 2198 206 selve duretour te wilen senden het sy geaccop

711 1472 2175 186 teert oft met protest als mede ue advis oft Tdo

710 1609 1990 194 Roy een man van fatisfactie is. ne sal my

719 1709 1345 199 berobligeeren die blijve

640 1775 2237 280 Ghendt J Bapt De Saedelaer, Ady 15 lebrnar11715

706 1909 2181 196 in antwoort opue aengenaeme van gisteren sal ue

688 2023 2034 195 t wee tratos in myn faveur op francs de Ros un

708 2115 2083 202 Amsterd. Hollants cvr als van 13 deser  dato

734 2228 2167 222 £150:- en 12 dato £ 160:10 wat corter suht laeten

710 2370 2200 154 worden ende dan iren van de wel brieven

708 2470 2039 171 nien laste vallende bij mij addres macke nota

707 2558 2195 170 slimmer ie gorie een hebbe ick mijn leven getten

725 2666 2200 176 hodt wilt het beteeren bidde my aens te noteeren

732 2769 2155 175 cost e swerte laekent en blouwe a cooy danney

732 2870 2191 143 emeer te debiteeren en vann soo ue met dit sa so

675 2961 2195 210 daer toe occasie hadde soude ue wel willen

692 3081 1801 184 eenige atsenden blijve van herten

1071 3188 1211 251 yude op 15 februarir

1444 3424 363 144 ƒ317
