5479 3943
515 118 2194 94 en can ick niet bedencken oft afmeten waer het werck he

489 210 2186 110 wilt ue noteert 2½ a  dueres gedaen iy 3 pret a  avance

509 280 2168 107 voorder brief en meer gelt da brieven in banco coeest voor

502 323 2174 170 de borse 2¼ a 2 pret schaede voor den selve op de borse ¼

484 430 2150 106 a 1½ piret london 36:10 daer ick voorleden saterdagh

453 523 2199 123 to 836:8 en 9 hebbe afgegeven mets ick tup pouniesr ue

475 637 2185 122 al noch niet en soukte ue te engageeren oft mij niet enne

484 675 2233 165 tert van een geaventagie te ontmoeten soo en weete gien

468 772 2250 170 mesuns te nemen nochte en derven niets afgeven

460 869 2264 149 de het voor mij geere ongeraets aem wesen want ack

447 955 2229 157 beteren cours soude connen trecken hieft ue die t

469 1027 2145 180 en de occasie doet dat voor £1000 miets daer tegens tot

456 1143 2174 146 avorabelen cours remitteerende op dat ick niet als voor

2014 1210 718 96 anders an de syghetriet

453 1232 2210 167 de laeste regie by faute pregeditie leyden ingesloeten

455 1354 759 95 want hebbe mij qualijck bevonden

453 1338 2218 152 van heden & daegen dato op justo adriaensens banco & 3

445 1434 2264 166 waer voor d'acceptate gelieft in stantelijck te besorgen

455 1506 2195 202 faute van dien te doen protisteeren doch het protest

456 1647 2232 129 niet uyt te trecken oft af te senden ten sij van vooren

469 1723 1342 166 ue advis te hebbe gehadt blijve

1844 1774 351 147 13 geene 1715

394 1833 835 140 Rotterdam Diouijs verburght

452 1872 2197 157 sien p ue aengenaeme van 4 deser mij ue remises ue wel waerin geworden te

498 1958 2192 135 saemen ƒ3500 vertrrewe de selve vervolgens voor nu sullen gexquitteert we en aen

486 2062 2211 128 gaende ue leest op londen en can niet bedincken hoe ue ick conde maginieren

481 2100 2207 136 ick daer over soude reden hebben van satisfaet te wesen die costen mij met ue pro

474 2172 2270 117 visie N 37:1 ick hebbe alhier af gegeven tot N 36:8 dat is maer 1¼ met hier boort

483 2277 2247 93 aengaende het malheureus pack geloeve ue diegourtie groet is maer consideret

482 2305 2250 142 eens hoe groet moet wesen mijn recht veerdifh gevoelen dat ick de devoiren selrs

483 2419 2250 110 conde doen het soude mij aengenaem wesen om ue daer van te connen ont la

484 2457 2231 140 iet en magh daer niet in treden maer alleen slan de oogen naerden hemel

469 2573 2249 102 en peysen ende laeten den alder hooghsten mijne saecken bevoelen niet te min ue

492 2617 2244 120 recommanderende voor de laeste weeke dan eyndelijck de saecke te provideren

467 2701 2262 100 ende tot eynden te breegen ick hebbe het malheur van dh wellens selfs vernoe

480 2822 2243 53 men het sal goede advantigie voor costij bij brengen ende een ider seer aneme

468 2842 2241 115 men claeght hier te lande seer over het tracetement op de mages tijt. comtoire

845 2924 70 60 men

481 2922 2252 115 maer ick sien voor waer geen redenen heeft want de pere en tils en hebbe ick

466 3002 2267 110 noyt gekoort dat ick selfs e costij gevoelen hier te teen lande iemant te syn

470 3086 2221 131 over coemen voor ue gesondene neck op de baele & N819.10. 11112 hebbeue con

466 3159 2259 114 form op recu van oncoste gecrediteert hollants court ƒ245:2 dich vinde geen

452 3218 2279 142 cquitijt in het betaelen der vrachte van engelant volgens het connossemen sijn

447 3294 2247 116 de schippers te vreden not ben het meden de wissel loopen tegens cours en

446 3399 2282 82 opence ende sonder staet te connen maecken heden op costy 24. 2 a 1¼ a 2

1779 3461 413 94 14 Juin 1715

462 3456 187 113 blijve

393 3515 580 105 Gent J: Francois Willorg

468 3542 2272 125 faute d'occasion je nay fait plustot reponce a lhonnnir de la vre 21 janvier der nier dores

464 3613 2263 97 navant je feray passer les ballots q je vs addresseray pr charist p vs ay t addres se pr

460 3666 2264 106 barque ordunaire pr Gand le 12 dus voustun ballot marqu 5 & contenart 2 draps noirs

450 3733 2293 61 aussy 23 p des draps d'angleterre couleus bayes et 2 cariscis et mon trere a 5: melijn e

1004 3765 1732 44 p 130 rr de serges d'angleterre tous 2 ballots pi compte de mr. Pun

570 3775 396 69 Am. :50N5

950 3792 1784 62 mgira sv son rdre ne doutant q madi son gpoiere u en ay parlier

837 3803 64 52 ce

489 3798 304 68 onde de tour

974 3823 94 52 secc

3982 91 466 85 14 Juin 1715

2759 86 689 117 tournay dimon Donne

2775 153 2373 139 J'espire le bon retour de mad vre espouse et q gouissez d'une bonne sente les made

2812 223 2308 83 chandises quelle m'a fait l'honneur m'acheyster se sont en varque q le 12 sus

2811 298 2320 103 court pr la barque marchand pr gand en suitte a ses ordre dins un ballot

2810 343 2326 103 marque S et parte hier jespere quelle aura donne l'ordre nicessaurez

2809 410 2316 109 a son passage de jend a S 5 wellocq, a que je l'ait a drasse envoyey

2812 479 2300 120 facture portante en argent de change ƒ 3294111 dont je vs piee m

2820 545 2291 107 diter et commander en tout ce que pourra survenir estant du cu

2748 608 2236 169 Amsterdaem franc Rousseau Ady 17 Junii 1715

2797 795 2276 158 in antwoort op ue aengenaeme van 19 cour. sende ue

2796 878 2336 188 ingesloeten de twee brieven geaccepteert versockende

2787 1012 2350 132 het selfse voor dese mijne drj ingeleyde oft faute van

2778 1106 2152 202 acceptatie die te doen protesteeren ende mij te

2805 1204 2312 211 reevoyeeren adviselrende wat wegens mijne remite

2790 1339 2301 186 branco £130 op aistu Adriaensens sal wesen

2802 1490 2251 143 gevolght. daerten is geen staet meer op wissels

2764 1583 2368 151 te maeken  beuwegens ue advies dienaengaer

2768 1658 2174 200 de misleydt met was tijdt aftegeven doen ick

2789 1830 2317 133 tot 2 a2¼ conde te recht coemen gelijck mijn

2774 1906 2359 176 intentie was dogh ge advies heeft ee wederhonden

2775 2003 2163 146 en oock noch den raedt dervrinden alhier

2786 2113 2303 165 mits ue sich excuseert tot als noch van brieven op

2782 2250 2146 159 tijdt in te coopen soo en soude west ander

2755 2315 2356 179 t desireeren als een int restien provisigneelijck

2789 2492 2358 119 voor  te prifiteeren soo als ue myj proponcere

2778 2593 2347 137 ick saever occasie toesoeken om ue te eeren

2771 2666 2347 171 maer tot den cours als tegenwoordigh en can

2784 2774 2323 183 my niet resolveeren om afte geven: met brieven

2788 2882 2139 159 van 14 deser uyt london heden becoemen

2806 3011 2279 140 is de wisselaent daelen noteerende ir c

2802 3086 2288 145 36:1 en Antverpen ƒ 137:5 sonige seghhes

2799 3197 2176 186 7:3: heden nochtans alhier desrewaert

2778 3317 2153 153 gedaen ƒ 36:10 costy banco 3 ¾  a 4 prete

2804 3443 2206 185 courant 14 Parys loop 86¼ a groite

2812 3566 810 162 ue en blijven
