5479 3943
432 88 817 143 Rotterdam D: verburgh

1929 93 479 129 27 Juny 1715

499 166 2187 140 het is nu wederom een halof maent seer naer geleden dat ue mij

488 257 2222 118 hoepe gaf dat ick eyndelijck eens uyt die de oovige affaeren soude

478 329 2231 132 geraecken sijnde de laeste ue missive in dato 14 deser ende even

469 415 2261 125 wel in verneme ick geen het minste avancement voorwaer

486 504 2263 163 het sijn ongehoorde rocedigen ick verseekere ue die laecken

482 590 2208 144 moeten ttot niet geraecken ende van nue af beschaedight

475 672 2106 140 wesen en wee sal daer dan bijten laegten prositeeren

490 762 2238 142 het is wel ue mij in myne reet appert voor miy ue laeste

516 856 2214 150 gedaene remises gecrediteert hadde sal voor mijn goet

462 942 2284 167 vinden p occasie disponeeren ue geleeve mij eens te mel

473 1043 2261 140 den den cours op londen sal daer p eersten eenigebrie

482 1110 2252 133 ven noodigh hebben ende ue opince noopende ditto wesel

491 1202 2185 134 die vin daer met de laeste breeven wederom gevallen

492 1282 2206 165 coest op antwerpen  37:4e verwachte van heellopt

475 1377 2278 138 schipgher thomas hallex baelen met dosijntien teme duien

458 1468 2267 188 op 8 15 p p als 3 N 13 a 598¼ N 797½ costende sonder de vrap

470 1572 2208 175 pers en oncosten nettot £1061:1 en & N14 met  589¼

458 1667 2181 183 785 ½ netto Londer de vrappers ende de oncosten als boven

485 1767 2254 153 £ 104:13 3 bij het arrevement dat niet grdts heelpe p eerste

480 1864 2260 180 verhoepe gelieve de selve to deneschen ende mij te advic

510 1940 2214 195 ren ende sorge te drange datter geene mogelijck heyt vooren

500 2027 2244 159 valt bidde eens te melden hoe het staet met de packen van

491 2165 661 129 Th Willens blijve

1912 2157 558 165 27 Juny 1715

397 2241 774 149 Gent J:B de saedelaer

490 2275 2249 168 sedert ue laeste 27 meert en hebbe deere niet gehadt eengeni

484 2383 2258 123 missives te becoemen soo dat ceree benchae het is af geloopen

488 2464 2258 136 met het laest gesonden partijcken ende oft ue noch occasie voor

484 2557 2237 117 blouwe laeckens oft eenige onder swerte is hebbende van  13 a

487 2635 2248 154 N14 p C gelijck ue mij doen versoekte te venden ick hebbe ne

482 2746 2199 149 eenige bij de hant die in corte wecken sullen gereet wesen

447 2815 2293 123 die ue dan soude conn senden sooder ick voor mij in cas

502 2901 2252 153 is gecoemen ue soude mij plaisse doen van ƒ 400 de remitteer

482 2975 2246 152 ren oft mij te permitteeren dat ick die soude moegen trecken

489 3047 1995 189 ue antwoort te gemoet siende soo blijve 1 July 1715

408 3140 832 158 Rotterdam D: verburgh

474 3193 2280 175 ue geerde de dato 28 junij ontfangen desolaetere affairens en can ren

453 3299 2293 137 niet rencontreeren den aenslagh is niet jaeren geleden de naes te

454 3428 2272 83 de is onseyt den commis generael is geordonneert sijn acts in

459 3477 2272 137 te spannen hybekent dat op soo geringe onderscheyt geen confis

450 3534 2298 119 catie benoorde te vallen ue vint goede disposctie bij den ac

445 3639 2298 119 en met allen dat en vint ue en midcl om mij n goetite bec

452 3696 2284 141 men blijvende niet aen de capriece van den hiere bon nme gene

446 3781 2292 89 racl die vervolgens dan a  moet merter wesen soen wat

2788 0 2353 204 ele woer de men an selfe hem laet e verseonde

2801 137 2354 146 dat het ecnet wesen ende wel siende dat ick een pere

2804 217 2322 162 ticcelures mal apropps leyde engetracteert wos a can

2808 298 2340 161 die niet gedisponeert worden tot accomodement s

2821 395 2309 167 dito datmen om hem inte volgen ende te voldoen conde

2819 478 2346 191 eendeerde in sijne conclusee ob het ontfangen der werde

2813 564 2332 194 met de augpientatie gelijck ue mos oneet dat ue co

2826 653 2314 206 vernemen op wat conditie hij dasde laeckens adde

2827 757 2293 179 willen laeten volgen dan soude ick connen laet

2813 880 2330 146 maecken maer mal apropos te verliesen ende de goe

2840 946 2298 188 deren abandonnieren wee soude mij det congen

2843 1022 2303 198 dens den vrent van th willens heeft gepecceert mj

2826 1125 2265 207 oordeels en vier soo swaere baelen voor ƒ2700 te mj

2810 1213 2332 251 queren is aende officeeren ij willighe occasie geven

2809 1327 2336 193 om dus daenige desordres in de negotie te brengen mae

2832 1420 2292 192 daer en soo ick geloove geen lant in de nverelt daeme

2837 1517 2252 195 sulcke requer coemt te gebruycken ende dat moet ider

2843 1620 2302 203 een doen scoomen ende de route van a cost doen abat

2836 1725 2325 168 donneeren hier is men in dien gevallen seer facelin op

2835 1811 2266 166 5 dagh daer uyt geredt wat aengaet ue seght mijne laee

2842 1929 2255 162 eens de mac blijven houden ende op ider stuck 1¼ e

2851 2021 2253 170 meten mier datse alle die uyt engelant coemen ende

2854 2119 2282 161 selfs van hollant naer andere gewesten gesonden worde

2847 2236 2309 135 aengegeven op beste dat men can naer meeten en aenhou

2851 2310 2299 160 den men sale niet anders bevinden vant daer moet oet

2845 2425 2259 148 naete wese die selfs op de laeckens en op de facturenet

2836 2496 2278 202 geteckent en wort boven dien dat dese mijne laeckens int

2828 2629 2278 116 waeter gestecken wirden ende dan los gedrooght gemeten

2834 2705 2297 127 wirdent dan soude die  veernaer soo veel niet behoude

2818 2786 2330 130 want de engelsche mani facturen sijn subyet daer aenen

2836 2852 2238 131 worden buyten mae: getrocken ende dat ondervinden oy

2833 2917 2315 181 daegelijck Godt sij gebendijt thomashall van hull behoude

2829 3054 2311 168 gearriveert is met mijne 2 baelen N13 en 14 ende ue mij de

2821 3137 2321 171 selve soo haest moogelijck errewaerts sal depescheres dat ue seer

2809 3236 2331 156 recommandeeren ende die aente fer voorde lenghde die

2809 3318 2317 149 beeert ende de weerde van ƒ2000 ja al wast meer vent het ue

2820 3426 2346 126 raeden want ick en wille geen questie hebbe niet te men het van da

2828 3502 2308 167 gemeijne soorte wesen ende de laeckens gelijck die van DH wellens

2817 3592 2301 101 volgens hij mij selfs geseyt heeft niettegenstaende bij aennaelinge

2821 3686 2344 123 moeten wij al tijts bedraegen wesen want ider baeler ½ p cargigde

2797 3751 2362 120 en hebbende ende de oncosten op de doggnens swaer sijnde monteerere
