5369 3972
325 102 2302 145 renvoyées vous n'auriez pas mal fait iayt eu plus

309 187 2319 192 du chagrin que vous mesme ie ne les aurait fait

307 342 2297 201 partit si le messager in les avoit declare car

332 410 2276 190 ie ne les avois point veu avant que les emballeurs

351 539 2205 211 estoient prests pour les emballer oultre vous

340 635 2277 203 aurer seren que ie n'en avois pas ou que ie ne

360 748 2257 202 souhaittez pas vous en livrer et avec tout cela

353 863 2268 203 il ne s'ayst point de ma faute car i'en ay donne

379 985 2124 181 de la mes me calite peu des sepnainnes

384 1099 2177 202 auparavant entientire lesquelles ont bien

409 1198 2050 204 reursses mais en hiver cest ime misere

397 1306 2203 214 ed lion ne fait que garer la marchandise

390 1449 2264 191 il ny a que moy qu'il en 'ou ffre et cependant

380 1541 2215 196 ie me fault avoir patience car jamais ie

384 1628 2240 211 ne diray aultre quil n'est quoy &a mes fraix

395 1773 2223 199 et depens mais pour l'asvenir ie vous prie

355 1871 2265 220 de parler en temps et vous pourvoir en

365 1980 2265 230 ceste et vous n'aurez pas lien de vous plaindre

396 2099 2265 206 car ie suis deso plus que mes chalands quee

390 2218 2100 180 ie arrive quelque chose quil n'est pas bien

411 2313 2246 198 vous avest veu les carisees bleuses et rouge les qualij

410 2418 2090 220 sont accommodee en este et dont vous devez

409 2529 2245 190 estre content p les cartes d'eschantillions que me

419 2673 2176 172 renvoyer ie vois que n'avez choisi que butx

437 2788 2198 203 presces dont ie m estonne nouvant bien

404 2891 2237 195 considerer que ie n'ouvriray point de un ballots

403 3018 2234 200 des drapt pour 2p car la premiere ve

411 3141 2216 139 Rous lest fait vendre des nonobatant pour

393 3223 2261 213 vous accommoder ie suis press vous les envoyeer

391 3319 2278 229 mais vous aurez passenice jusquis a la lepmain

410 3450 2172 179 qui vienne a cause qunaultre en fera emoin

402 3577 2187 226 pour qui ie laisser les ballots en son envier

420 3647 2233 203 croyes que ie n'ayt aultre boit que de vous bien

432 3783 2185 119 8:: & asit et honneste hochne et d'at e

2683 110 2289 157 honneur de vre halandise dont vous voyerez

2715 183 2348 186 l'effect en touttes occasions piee vous plaira

2724 336 1303 170 le servir de moy qui surs te

2702 427 2212 258 Bruxelles Jacomo Rousseau Ady 12 gbre 17114

2743 583 2202 248 J'ay bien receu les deum cheres votres du 6 et 1a du

2733 737 2274 225 courant. celle du 10 ne m'estrendue que ce ourdhuy

2743 874 2219 239 sur lemidy avec remise de £150:- de change

2731 994 2222 232 sur mon frere Daniell geerardo qui la payera

2741 1152 2346 210 desmain: ie vous prie vouloir procurer payement

2734 1252 2110 240 de trois incluses met traittes en vre faveur

2735 1436 2298 155 comme ƒ300:- f haeghens ƒ 300:- sr Beijdaels

2735 1533 2328 228 et ƒ400:- ser Broyeer en semble ƒ1000:- de change

2738 1643 2167 213 et m'en crediter. vous m'oblilerez qui suis

2715 1781 2198 227 Monset GallidinAdy 16 gber 1714

2763 1895 2272 245 en sditte a l'honneur de la vre du 5 du courant

2747 2049 2243 168 il vous uyt envoyée p Jonaert ume finne carises

2754 2160 2179 177 blanche payable  ƒ28:- de change Jaquelle

2750 2237 2251 211 i'e spere vous lera bien parvenue en son temps

2743 2364 2323 207 sil soffre auttre chize pour vre service commande

2737 2471 2184 202 moylibrement au resynard det deux dernier

2749 2593 2297 211 draps ne vous en plaiguz pas cur vous n'en nvez

2755 2691 2252 211 Jamais iu de moy de mellieure qualite quils

2708 2833 2314 193 ne sont oultre ie ne vous fait payer nou trlis

2720 2940 2283 208 qa un aultre les manufacturez  Angleterre

2718 3048 2190 220 en cheriesent encor de pour en jour et tomsent

2733 3213 2250 162 bien moindres en qualtte que du passer de ne

2713 3292 2302 194 scay a quoy cela ira ie vous salue et surs

2711 3400 990 224 Mons I mailie

3971 3401 968 215 Adij 16 xbre 1714

2725 3562 2270 148 pour responce a l'honneur de la chere vre du

2718 3652 2308 121 10 du cofit j accomode tres volontiers mes chalands

2726 3762 2183 96 mais on vend rarement vas les eschantillions
