<?xml version="1.0" encoding="UTF-8"?>
<alto xmlns:xsi="http://www.w3.org/2001/XMLSchema-instance"
      xmlns="http://www.loc.gov/standards/alto/ns-v4#"
      xmlns:page="http://schema.primaresearch.org/PAGE/gts/pagecontent/2013-07-15"
      xsi:schemaLocation="http://www.loc.gov/standards/alto/ns-v4# https://www.loc.gov/standards/alto/v4/alto.xsd">
   <Description>
      <MeasurementUnit>pixel</MeasurementUnit>
      <OCRProcessing ID="IdOcr">
         <ocrProcessingStep>
            <processingDateTime>2022-02-11T21:33:05.772+01:00</processingDateTime>
            <processingSoftware>
               <softwareCreator>READ COOP</softwareCreator>
               <softwareName>Transkribus</softwareName>
            </processingSoftware>
         </ocrProcessingStep>
      </OCRProcessing>
   </Description>
   <Layout>
      <Page ID="Page1" PHYSICAL_IMG_NR="1" HEIGHT="3972" WIDTH="5401">
         <TopMargin HEIGHT="0" WIDTH="5401" VPOS="0" HPOS="0"/>
         <LeftMargin HEIGHT="3972" WIDTH="0" VPOS="0" HPOS="0"/>
         <RightMargin HEIGHT="3972" WIDTH="0" VPOS="0" HPOS="5401"/>
         <BottomMargin HEIGHT="0" WIDTH="5401" VPOS="3972" HPOS="0"/>
         <PrintSpace HEIGHT="3972" WIDTH="5401" VPOS="0" HPOS="0">
            <TextBlock ID="region_1637937777331_350"
                       HEIGHT="3788"
                       WIDTH="2320"
                       VPOS="77"
                       HPOS="373">
               <Shape>
                  <Polygon POINTS="373,77 2693,77 2693,3865 373,3865"/>
               </Shape>
               <TextLine ID="region_1637937777331_350l1"
                         BASELINE="440,220 549,211 659,204 769,200 879,196 989,192 1099,190 1209,189 1319,188 1429,188 1539,188 1648,188 1758,186 1868,186 1978,184 2088,182 2198,180 2308,176 2418,170 2528,164 2638,156"
                         HEIGHT="161"
                         WIDTH="2227"
                         VPOS="85"
                         HPOS="424">
                  <String ID="string_region_1637937777331_350l1"
                          HEIGHT="161"
                          WIDTH="2227"
                          VPOS="85"
                          HPOS="424"
                          CONTENT="couleures a la mode si jollas que vous puissies"/>
               </TextLine>
               <TextLine ID="region_1637937777331_350l2"
                         BASELINE="440,322 548,312 656,307 764,302 872,298 980,296 1088,294 1196,292 1304,292 1412,292 1520,292 1628,292 1736,292 1844,292 1952,290 2060,288 2168,284 2276,278 2384,272 2492,263 2600,252"
                         HEIGHT="193"
                         WIDTH="2189"
                         VPOS="158"
                         HPOS="425">
                  <String ID="string_region_1637937777331_350l2"
                          HEIGHT="193"
                          WIDTH="2189"
                          VPOS="158"
                          HPOS="425"
                          CONTENT="en avoir veu de vre vie ie ne main queraay"/>
               </TextLine>
               <TextLine ID="region_1637937777331_350l3"
                         BASELINE="444,432 551,424 659,416 766,412 874,406 982,404 1089,400 1197,398 1304,396 1412,396 1520,394 1627,393 1735,392 1842,390 1950,386 2058,384 2165,379 2273,374 2380,366 2488,359 2596,348"
                         HEIGHT="242"
                         WIDTH="2185"
                         VPOS="265"
                         HPOS="427">
                  <String ID="string_region_1637937777331_350l3"
                          HEIGHT="242"
                          WIDTH="2185"
                          VPOS="265"
                          HPOS="427"
                          CONTENT="pas jamaisa vous bien servir et ie facheray"/>
               </TextLine>
               <TextLine ID="region_1637937777331_350l4"
                         BASELINE="478,552 585,542 693,534 800,528 908,522 1016,516 1123,512 1231,508 1338,505 1446,502 1554,500 1661,498 1769,496 1876,494 1984,490 2092,488 2199,486 2307,482 2414,478 2522,474 2630,468"
                         HEIGHT="191"
                         WIDTH="2185"
                         VPOS="382"
                         HPOS="461">
                  <String ID="string_region_1637937777331_350l4"
                          HEIGHT="191"
                          WIDTH="2185"
                          VPOS="382"
                          HPOS="461"
                          CONTENT="d'intretenir la connoissence et d'augmenter "/>
               </TextLine>
               <TextLine ID="region_1637937777331_350l5"
                         BASELINE="456,652 557,643 659,635 761,628 863,623 965,620 1067,616 1169,612 1271,610 1373,608 1475,606 1576,604 1678,602 1780,600 1882,598 1984,596 2086,592 2188,588 2290,582 2392,577 2494,568"
                         HEIGHT="151"
                         WIDTH="2070"
                         VPOS="501"
                         HPOS="439">
                  <String ID="string_region_1637937777331_350l5"
                          HEIGHT="151"
                          WIDTH="2070"
                          VPOS="501"
                          HPOS="439"
                          CONTENT="nre correspondence et suis du ceu"/>
               </TextLine>
               <TextLine ID="region_1637937777331_350l6"
                         BASELINE="418,774 528,767 638,760 749,755 859,749 970,744 1080,740 1190,737 1301,734 1411,732 1522,728 1632,728 1742,726 1853,724 1963,722 2074,722 2184,720 2294,720 2405,718 2515,718 2626,716"
                         HEIGHT="217"
                         WIDTH="2238"
                         VPOS="592"
                         HPOS="402">
                  <String ID="string_region_1637937777331_350l6"
                          HEIGHT="217"
                          WIDTH="2238"
                          VPOS="592"
                          HPOS="402"
                          CONTENT="Rotterdam Dionijs verburgh Ady 11 meert 1715"/>
               </TextLine>
               <TextLine ID="region_1637937777331_350l7"
                         BASELINE="452,888 551,882 650,878 749,874 848,870 947,868 1046,864 1145,862 1244,860 1343,858 1442,856 1541,854 1640,852 1739,850 1838,848 1937,844 2036,842 2135,839 2234,836 2333,832 2432,828"
                         HEIGHT="174"
                         WIDTH="2008"
                         VPOS="737"
                         HPOS="436">
                  <String ID="string_region_1637937777331_350l7"
                          HEIGHT="174"
                          WIDTH="2008"
                          VPOS="737"
                          HPOS="436"
                          CONTENT="sien bij ue aengenaeme 5 courant dat Robertt"/>
               </TextLine>
               <TextLine ID="region_1637937777331_350l8"
                         BASELINE="460,996 564,992 669,987 773,984 878,980 983,976 1087,972 1192,968 1296,964 1401,961 1506,958 1610,954 1715,950 1819,947 1924,944 2029,940 2133,936 2238,932 2342,928 2447,924 2552,920"
                         HEIGHT="227"
                         WIDTH="2126"
                         VPOS="830"
                         HPOS="442">
                  <String ID="string_region_1637937777331_350l8"
                          HEIGHT="227"
                          WIDTH="2126"
                          VPOS="830"
                          HPOS="442"
                          CONTENT="Christians van London Godt danck salvo was"/>
               </TextLine>
               <TextLine ID="region_1637937777331_350l9"
                         BASELINE="494,1096 597,1094 700,1093 803,1092 906,1088 1010,1086 1113,1082 1216,1078 1319,1074 1422,1068 1526,1064 1629,1060 1732,1056 1835,1051 1938,1046 2042,1042 2145,1038 2248,1036 2351,1032 2454,1030 2558,1028"
                         HEIGHT="174"
                         WIDTH="2095"
                         VPOS="950"
                         HPOS="477">
                  <String ID="string_region_1637937777331_350l9"
                          HEIGHT="174"
                          WIDTH="2095"
                          VPOS="950"
                          HPOS="477"
                          CONTENT="verwaghte de baele soo haest moogelijck nis"/>
               </TextLine>
               <TextLine ID="region_1637937777331_350l10"
                         BASELINE="474,1206 584,1204 694,1201 805,1198 915,1194 1026,1190 1136,1186 1246,1182 1357,1176 1467,1172 1578,1168 1688,1164 1798,1160 1909,1156 2019,1153 2130,1150 2240,1148 2350,1148 2461,1148 2571,1148 2682,1150"
                         HEIGHT="199"
                         WIDTH="2236"
                         VPOS="1038"
                         HPOS="459">
                  <String ID="string_region_1637937777331_350l10"
                          HEIGHT="199"
                          WIDTH="2236"
                          VPOS="1038"
                          HPOS="459"
                          CONTENT="becoeme ick saterdagh advis van London met brieven"/>
               </TextLine>
               <TextLine ID="region_1637937777331_350l11"
                         BASELINE="462,1306 568,1306 674,1308 781,1306 887,1305 994,1302 1100,1300 1206,1297 1313,1294 1419,1290 1526,1286 1632,1282 1738,1278 1845,1276 1951,1272 2058,1268 2164,1267 2270,1266 2377,1264 2483,1264 2590,1266"
                         HEIGHT="225"
                         WIDTH="2157"
                         VPOS="1147"
                         HPOS="447">
                  <String ID="string_region_1637937777331_350l11"
                          HEIGHT="225"
                          WIDTH="2157"
                          VPOS="1147"
                          HPOS="447"
                          CONTENT="ue Hebruar van daflaedinghe van ditto marck N2"/>
               </TextLine>
               <TextLine ID="region_1637937777331_350l12"
                         BASELINE="518,1378 543,1376 568,1375 593,1374 618,1373 644,1371 669,1369 694,1366 719,1363 745,1361 770,1356 795,1353 820,1349 846,1342"
                         HEIGHT="105"
                         WIDTH="364"
                         VPOS="1302"
                         HPOS="498">
                  <String ID="string_region_1637937777331_350l12"
                          HEIGHT="105"
                          WIDTH="364"
                          VPOS="1302"
                          HPOS="498"
                          CONTENT="1 deser"/>
               </TextLine>
               <TextLine ID="region_1637937777331_350l13"
                         BASELINE="486,1438 595,1433 704,1428 813,1422 922,1416 1031,1412 1140,1407 1249,1402 1358,1398 1467,1394 1576,1391 1685,1387 1794,1384 1903,1382 2012,1378 2121,1377 2230,1374 2339,1374 2448,1372 2557,1372 2666,1370"
                         HEIGHT="174"
                         WIDTH="2212"
                         VPOS="1278"
                         HPOS="471">
                  <String ID="string_region_1637937777331_350l13"
                          HEIGHT="174"
                          WIDTH="2212"
                          VPOS="1278"
                          HPOS="471"
                          CONTENT="aen boort lachalourpe le marle bourough thomas"/>
               </TextLine>
               <TextLine ID="region_1637937777331_350l14"
                         BASELINE="478,1530 588,1528 699,1524 809,1520 920,1516 1030,1512 1141,1508 1251,1504 1362,1501 1472,1498 1583,1494 1693,1490 1804,1488 1914,1486 2025,1483 2135,1482 2246,1480 2356,1480 2467,1478 2577,1478 2688,1480"
                         HEIGHT="162"
                         WIDTH="2240"
                         VPOS="1377"
                         HPOS="462">
                  <String ID="string_region_1637937777331_350l14"
                          HEIGHT="162"
                          WIDTH="2240"
                          VPOS="1377"
                          HPOS="462"
                          CONTENT="verren die 28 sebruarie vertrocken want die wel"/>
               </TextLine>
               <TextLine ID="region_1637937777331_350l15"
                         BASELINE="486,1638 593,1631 700,1624 808,1618 915,1613 1023,1609 1130,1604 1237,1601 1345,1598 1452,1596 1560,1592 1667,1591 1774,1590 1882,1588 1989,1587 2097,1586 2204,1586 2311,1584 2419,1584 2526,1584 2634,1582"
                         HEIGHT="172"
                         WIDTH="2180"
                         VPOS="1492"
                         HPOS="469">
                  <String ID="string_region_1637937777331_350l15"
                          HEIGHT="172"
                          WIDTH="2180"
                          VPOS="1492"
                          HPOS="469"
                          CONTENT="mede diende binnen geweest te hebben ende van"/>
               </TextLine>
               <TextLine ID="region_1637937777331_350l16"
                         BASELINE="494,1730 595,1724 696,1718 797,1714 899,1710 1000,1706 1101,1704 1203,1702 1304,1700 1405,1697 1507,1696 1608,1694 1709,1692 1810,1692 1912,1690 2013,1688 2114,1688 2216,1686 2317,1684 2418,1682 2520,1680"
                         HEIGHT="157"
                         WIDTH="2055"
                         VPOS="1588"
                         HPOS="479">
                  <String ID="string_region_1637937777331_350l16"
                          HEIGHT="157"
                          WIDTH="2055"
                          VPOS="1588"
                          HPOS="479"
                          CONTENT="het tempeest op 3 deser voorgevallen bevreydt"/>
               </TextLine>
               <TextLine ID="region_1637937777331_350l17"
                         BASELINE="488,1836 594,1830 700,1824 807,1818 913,1814 1020,1810 1126,1806 1232,1802 1339,1800 1445,1798 1552,1795 1658,1793 1764,1791 1871,1789 1977,1788 2084,1786 2190,1784 2296,1782 2403,1780 2509,1778 2616,1774"
                         HEIGHT="156"
                         WIDTH="2160"
                         VPOS="1700"
                         HPOS="471">
                  <String ID="string_region_1637937777331_350l17"
                          HEIGHT="156"
                          WIDTH="2160"
                          VPOS="1700"
                          HPOS="471"
                          CONTENT="dat hodt wille geven want volgens dat ick uyt "/>
               </TextLine>
               <TextLine ID="region_1637937777331_350l18"
                         BASELINE="476,1942 579,1934 682,1927 785,1920 888,1916 991,1910 1094,1908 1197,1904 1300,1902 1403,1900 1507,1898 1610,1896 1713,1896 1816,1894 1919,1892 2022,1892 2125,1890 2228,1887 2331,1884 2434,1882 2538,1878"
                         HEIGHT="170"
                         WIDTH="2091"
                         VPOS="1810"
                         HPOS="459">
                  <String ID="string_region_1637937777331_350l18"
                          HEIGHT="170"
                          WIDTH="2091"
                          VPOS="1810"
                          HPOS="459"
                          CONTENT="de gasetten bespeure sijnder mede al swaere"/>
               </TextLine>
               <TextLine ID="region_1637937777331_350l19"
                         BASELINE="486,2044 593,2034 701,2027 808,2020 916,2015 1024,2010 1131,2006 1239,2004 1346,2001 1454,1999 1562,1996 1669,1996 1777,1994 1884,1992 1992,1990 2100,1986 2207,1984 2315,1980 2422,1976 2530,1970 2638,1964"
                         HEIGHT="186"
                         WIDTH="2182"
                         VPOS="1881"
                         HPOS="470">
                  <String ID="string_region_1637937777331_350l19"
                          HEIGHT="186"
                          WIDTH="2182"
                          VPOS="1881"
                          HPOS="470"
                          CONTENT="ongelucken opt waeter voorgevallen ditto pack"/>
               </TextLine>
               <TextLine ID="region_1637937777331_350l20"
                         BASELINE="486,2156 593,2145 701,2136 808,2128 916,2122 1024,2115 1131,2112 1239,2107 1346,2104 1454,2102 1562,2100 1669,2098 1777,2096 1884,2095 1992,2094 2100,2092 2207,2090 2315,2087 2422,2084 2530,2080 2638,2076"
                         HEIGHT="201"
                         WIDTH="2183"
                         VPOS="1993"
                         HPOS="470">
                  <String ID="string_region_1637937777331_350l20"
                          HEIGHT="201"
                          WIDTH="2183"
                          VPOS="1993"
                          HPOS="470"
                          CONTENT="N2 sijn van de selfde soorte van laekenen als"/>
               </TextLine>
               <TextLine ID="region_1637937777331_350l21"
                         BASELINE="480,2254 582,2245 684,2238 787,2231 889,2226 992,2220 1094,2216 1196,2212 1299,2210 1401,2208 1504,2206 1606,2204 1708,2202 1811,2202 1913,2200 2016,2200 2118,2198 2220,2198 2323,2196 2425,2194 2528,2192"
                         HEIGHT="170"
                         WIDTH="2079"
                         VPOS="2089"
                         HPOS="464">
                  <String ID="string_region_1637937777331_350l21"
                          HEIGHT="170"
                          WIDTH="2079"
                          VPOS="2089"
                          HPOS="464"
                          CONTENT="N1 N. 651 ½ a 868½ weerde st £198:13:10-"/>
               </TextLine>
               <TextLine ID="region_1637937777331_350l22"
                         BASELINE="460,2368 557,2359 655,2351 752,2345 850,2340 947,2334 1045,2330 1142,2326 1240,2322 1337,2320 1435,2318 1532,2314 1630,2313 1727,2312 1825,2310 1922,2308 2020,2307 2117,2306 2215,2304 2312,2302 2410,2302"
                         HEIGHT="153"
                         WIDTH="1982"
                         VPOS="2209"
                         HPOS="444">
                  <String ID="string_region_1637937777331_350l22"
                          HEIGHT="153"
                          WIDTH="1982"
                          VPOS="2209"
                          HPOS="444"
                          CONTENT="die intyelijckx cito gelieft te depescheeren"/>
               </TextLine>
               <TextLine ID="region_1637937777331_350l23"
                         BASELINE="500,2458 607,2452 714,2447 822,2442 929,2438 1037,2434 1144,2430 1251,2428 1359,2426 1466,2422 1574,2420 1681,2418 1788,2416 1896,2414 2003,2412 2111,2412 2218,2408 2325,2407 2433,2404 2540,2402 2648,2400"
                         HEIGHT="179"
                         WIDTH="2177"
                         VPOS="2305"
                         HPOS="485">
                  <String ID="string_region_1637937777331_350l23"
                          HEIGHT="179"
                          WIDTH="2177"
                          VPOS="2305"
                          HPOS="485"
                          CONTENT="ingevalle Godt hem heeft behouden dat wille"/>
               </TextLine>
               <TextLine ID="region_1637937777331_350l24"
                         BASELINE="500,2570 602,2561 705,2553 808,2546 910,2542 1013,2538 1116,2532 1218,2530 1321,2527 1424,2524 1527,2522 1629,2520 1732,2520 1835,2518 1937,2516 2040,2514 2143,2512 2245,2510 2348,2506 2451,2504 2554,2500"
                         HEIGHT="200"
                         WIDTH="2085"
                         VPOS="2407"
                         HPOS="484">
                  <String ID="string_region_1637937777331_350l24"
                          HEIGHT="200"
                          WIDTH="2085"
                          VPOS="2407"
                          HPOS="484"
                          CONTENT="hoopen ende met u advies tegens woonsdagh"/>
               </TextLine>
               <TextLine ID="region_1637937777331_350l25"
                         BASELINE="460,2670 570,2660 681,2651 791,2646 902,2639 1012,2635 1123,2630 1233,2628 1344,2624 1454,2622 1565,2620 1675,2619 1786,2618 1896,2616 2007,2616 2117,2614 2228,2614 2338,2612 2449,2610 2559,2607 2670,2604"
                         HEIGHT="170"
                         WIDTH="2240"
                         VPOS="2514"
                         HPOS="444">
                  <String ID="string_region_1637937777331_350l25"
                          HEIGHT="170"
                          WIDTH="2240"
                          VPOS="2514"
                          HPOS="444"
                          CONTENT="verwaghten. het moetdonderdagh wesen aleer"/>
               </TextLine>
               <TextLine ID="region_1637937777331_350l26"
                         BASELINE="444,2756 556,2752 668,2748 780,2743 892,2740 1004,2736 1116,2733 1228,2730 1340,2728 1452,2725 1565,2723 1677,2721 1789,2719 1901,2718 2013,2716 2125,2714 2237,2713 2349,2712 2461,2710 2573,2709 2686,2708"
                         HEIGHT="174"
                         WIDTH="2275"
                         VPOS="2607"
                         HPOS="427">
                  <String ID="string_region_1637937777331_350l26"
                          HEIGHT="174"
                          WIDTH="2275"
                          VPOS="2607"
                          HPOS="427"
                          CONTENT="ick ui de declaratie can afsenden. ick vertrouwe "/>
               </TextLine>
               <TextLine ID="region_1637937777331_350l27"
                         BASELINE="458,2848 568,2844 678,2842 789,2838 899,2836 1010,2834 1120,2832 1230,2830 1341,2830 1451,2828 1562,2826 1672,2826 1782,2824 1893,2822 2003,2820 2114,2818 2224,2814 2334,2810 2445,2808 2555,2802 2666,2796"
                         HEIGHT="166"
                         WIDTH="2240"
                         VPOS="2710"
                         HPOS="442">
                  <String ID="string_region_1637937777331_350l27"
                          HEIGHT="166"
                          WIDTH="2240"
                          VPOS="2710"
                          HPOS="442"
                          CONTENT="dat ue sich van dier gelycke in hollandt sal voorsien"/>
               </TextLine>
               <TextLine ID="region_1637937777331_350l28"
                         BASELINE="474,2952 584,2946 694,2942 804,2939 914,2936 1025,2934 1135,2931 1245,2930 1355,2928 1465,2926 1576,2924 1686,2924 1796,2922 1906,2920 2016,2919 2127,2918 2237,2916 2347,2914 2457,2910 2567,2908 2678,2904"
                         HEIGHT="166"
                         WIDTH="2237"
                         VPOS="2820"
                         HPOS="457">
                  <String ID="string_region_1637937777331_350l28"
                          HEIGHT="166"
                          WIDTH="2237"
                          VPOS="2820"
                          HPOS="457"
                          CONTENT="en ist noodigh men sulder een van London doen"/>
               </TextLine>
               <TextLine ID="region_1637937777331_350l29"
                         BASELINE="486,3046 566,3044 647,3042 727,3040 808,3038 889,3036 969,3033 1050,3031 1130,3029 1211,3028 1292,3025 1372,3024 1453,3022 1533,3020 1614,3018 1695,3016 1775,3014 1856,3013 1936,3012 2017,3010 2098,3008"
                         HEIGHT="169"
                         WIDTH="1641"
                         VPOS="2911"
                         HPOS="471">
                  <String ID="string_region_1637937777331_350l29"
                          HEIGHT="169"
                          WIDTH="1641"
                          VPOS="2911"
                          HPOS="471"
                          CONTENT="coemen ick groete ue enblijvee"/>
               </TextLine>
               <TextLine ID="region_1637937777331_350l30"
                         BASELINE="470,3146 579,3142 689,3138 799,3134 909,3130 1019,3128 1128,3124 1238,3122 1348,3118 1458,3116 1568,3114 1677,3112 1787,3110 1897,3108 2007,3106 2117,3104 2226,3102 2336,3100 2446,3098 2556,3096 2666,3094"
                         HEIGHT="176"
                         WIDTH="2227"
                         VPOS="2995"
                         HPOS="455">
                  <String ID="string_region_1637937777331_350l30"
                          HEIGHT="176"
                          WIDTH="2227"
                          VPOS="2995"
                          HPOS="455"
                          CONTENT="daer sijn oock in tavee  cottons vrappers gelijck"/>
               </TextLine>
               <TextLine ID="region_1637937777331_350l31"
                         BASELINE="478,3246 503,3246 529,3246 555,3248 580,3248 606,3248 632,3248 657,3248 683,3248 709,3246 734,3246 760,3245 786,3243 811,3241 837,3239 863,3237 888,3235 914,3231 940,3227 966,3222"
                         HEIGHT="129"
                         WIDTH="518"
                         VPOS="3158"
                         HPOS="462">
                  <String ID="string_region_1637937777331_350l31"
                          HEIGHT="129"
                          WIDTH="518"
                          VPOS="3158"
                          HPOS="462"
                          CONTENT="in  169"/>
               </TextLine>
               <TextLine ID="region_1637937777331_350l32"
                         BASELINE="384,3362 496,3353 609,3344 721,3337 834,3333 947,3328 1059,3324 1172,3322 1284,3320 1397,3319 1510,3318 1622,3318 1735,3316 1847,3316 1960,3314 2073,3313 2185,3311 2298,3308 2410,3306 2523,3300 2636,3296"
                         HEIGHT="174"
                         WIDTH="2284"
                         VPOS="3207"
                         HPOS="369">
                  <String ID="string_region_1637937777331_350l32"
                          HEIGHT="174"
                          WIDTH="2284"
                          VPOS="3207"
                          HPOS="369"
                          CONTENT="Amsterda franc Rousseaudy 14 meert 1715"/>
               </TextLine>
               <TextLine ID="region_1637937777331_350l33"
                         BASELINE="486,3458 595,3452 705,3448 815,3444 924,3442 1034,3438 1144,3436 1253,3434 1363,3432 1473,3430 1583,3428 1692,3426 1802,3426 1912,3424 2021,3422 2131,3422 2241,3420 2350,3420 2460,3418 2570,3416 2680,3414"
                         HEIGHT="150"
                         WIDTH="2225"
                         VPOS="3363"
                         HPOS="470">
                  <String ID="string_region_1637937777331_350l33"
                          HEIGHT="150"
                          WIDTH="2225"
                          VPOS="3363"
                          HPOS="470"
                          CONTENT="bij ue aengenaeme van 8 courant remitteert ue my"/>
               </TextLine>
               <TextLine ID="region_1637937777331_350l34"
                         BASELINE="456,3562 566,3555 677,3552 788,3546 898,3544 1009,3541 1120,3538 1230,3538 1341,3536 1452,3534 1563,3534 1673,3534 1784,3532 1895,3532 2005,3530 2116,3530 2227,3528 2337,3526 2448,3524 2559,3520 2670,3516"
                         HEIGHT="155"
                         WIDTH="2243"
                         VPOS="3449"
                         HPOS="441">
                  <String ID="string_region_1637937777331_350l34"
                          HEIGHT="155"
                          WIDTH="2243"
                          VPOS="3449"
                          HPOS="441"
                          CONTENT="noch uso op hidoeus grenieer ghendt efntverpen de"/>
               </TextLine>
               <TextLine ID="region_1637937777331_350l35"
                         BASELINE="486,3660 595,3658 705,3656 815,3654 924,3650 1034,3648 1144,3646 1253,3644 1363,3642 1473,3640 1583,3638 1692,3636 1802,3636 1912,3634 2021,3634 2131,3634 2241,3634 2350,3634 2460,3636 2570,3638 2680,3640"
                         HEIGHT="148"
                         WIDTH="2226"
                         VPOS="3529"
                         HPOS="470">
                  <String ID="string_region_1637937777331_350l35"
                          HEIGHT="148"
                          WIDTH="2226"
                          VPOS="3529"
                          HPOS="470"
                          CONTENT="betaelen ƒ 1307:5 dat conform at 4¾ met ue not eere"/>
               </TextLine>
               <TextLine ID="region_1637937777331_350l36"
                         BASELINE="486,3758 588,3758 691,3756 794,3754 896,3752 999,3750 1102,3748 1204,3747 1307,3745 1410,3743 1513,3741 1615,3739 1718,3737 1821,3735 1923,3732 2026,3730 2129,3728 2231,3726 2334,3725 2437,3723 2540,3720"
                         HEIGHT="140"
                         WIDTH="2085"
                         VPOS="3649"
                         HPOS="471">
                  <String ID="string_region_1637937777331_350l36"
                          HEIGHT="140"
                          WIDTH="2085"
                          VPOS="3649"
                          HPOS="471"
                          CONTENT="van 10 £ 207:10:6 dogh dat en dan geen negotie"/>
               </TextLine>
               <TextLine ID="region_1637937777331_350l37"
                         BASELINE="468,3860 579,3856 690,3854 801,3851 912,3849 1024,3847 1135,3846 1246,3844 1357,3842 1468,3842 1580,3840 1691,3838 1802,3836 1913,3834 2024,3831 2136,3828 2247,3824 2358,3820 2469,3814 2580,3809 2692,3802"
                         HEIGHT="124"
                         WIDTH="2253"
                         VPOS="3737"
                         HPOS="453">
                  <String ID="string_region_1637937777331_350l37"
                          HEIGHT="124"
                          WIDTH="2253"
                          VPOS="3737"
                          HPOS="453"
                          CONTENT="maeken sijnde voor mij maer hprete te rekenen"/>
               </TextLine>
            </TextBlock>
            <TextBlock ID="region_1637937785109_353"
                       HEIGHT="3821"
                       WIDTH="2410"
                       VPOS="83"
                       HPOS="2740">
               <Shape>
                  <Polygon POINTS="2740,83 5150,83 5150,3904 2740,3904"/>
               </Shape>
               <TextLine ID="region_1637937785109_353l1"
                         BASELINE="5010,168 5032,176"
                         HEIGHT="107"
                         WIDTH="84"
                         VPOS="104"
                         HPOS="4982">
                  <String ID="string_region_1637937785109_353l1"
                          HEIGHT="107"
                          WIDTH="84"
                          VPOS="104"
                          HPOS="4982"
                          CONTENT="S"/>
               </TextLine>
               <TextLine ID="region_1637937785109_353l2"
                         BASELINE="2808,212 2921,212 3035,210 3148,208 3262,206 3376,204 3489,202 3603,201 3716,200 3830,200 3944,198 4057,200 4171,200 4284,202 4398,205 4512,208 4625,213 4739,218 4852,224 4966,232 5080,242"
                         HEIGHT="184"
                         WIDTH="2303"
                         VPOS="97"
                         HPOS="2793">
                  <String ID="string_region_1637937785109_353l2"
                          HEIGHT="184"
                          WIDTH="2303"
                          VPOS="97"
                          HPOS="2793"
                          CONTENT="ick verhoepe dat ue de partye daer ue van metdt op in"/>
               </TextLine>
               <TextLine ID="region_1637937785109_353l3"
                         BASELINE="2780,332 2894,326 3008,324 3122,320 3236,318 3350,316 3464,314 3578,314 3692,312 3806,312 3921,314 4035,314 4149,316 4263,318 4377,320 4491,322 4605,324 4719,328 4833,331 4947,334 5062,338"
                         HEIGHT="185"
                         WIDTH="2312"
                         VPOS="198"
                         HPOS="2764">
                  <String ID="string_region_1637937785109_353l3"
                          HEIGHT="185"
                          WIDTH="2312"
                          VPOS="198"
                          HPOS="2764"
                          CONTENT="sal aestreffen endie dat die het bovens sal versoeten"/>
               </TextLine>
               <TextLine ID="region_1637937785109_353l4"
                         BASELINE="2790,440 2901,434 3012,430 3123,425 3235,422 3346,420 3457,420 3569,418 3680,418 3791,420 3903,420 4014,422 4125,424 4236,426 4348,430 4459,432 4570,434 4682,438 4793,440 4904,442 5016,444"
                         HEIGHT="108"
                         WIDTH="2256"
                         VPOS="336"
                         HPOS="2775">
                  <String ID="string_region_1637937785109_353l4"
                          HEIGHT="108"
                          WIDTH="2256"
                          VPOS="336"
                          HPOS="2775"
                          CONTENT="de remisse op de groot van 1500 a 49¼ ue gedaen"/>
               </TextLine>
               <TextLine ID="region_1637937785109_353l5"
                         BASELINE="2804,546 2912,540 3021,533 3129,528 3238,526 3347,524 3455,524 3564,524 3672,526 3781,528 3890,530 3998,533 4107,536 4215,538 4324,538 4433,540 4541,540 4650,538 4758,536 4867,532 4976,526"
                         HEIGHT="164"
                         WIDTH="2202"
                         VPOS="429"
                         HPOS="2790">
                  <String ID="string_region_1637937785109_353l5"
                          HEIGHT="164"
                          WIDTH="2202"
                          VPOS="429"
                          HPOS="2790"
                          CONTENT="vinde conformm banco £310:18:7 soo als ue my"/>
               </TextLine>
               <TextLine ID="region_1637937785109_353l6"
                         BASELINE="2798,658 2912,651 3026,644 3141,638 3255,635 3370,632 3484,632 3598,632 3713,633 3827,634 3942,636 4056,638 4170,642 4285,643 4399,645 4514,646 4628,648 4742,646 4857,646 4971,643 5086,638"
                         HEIGHT="201"
                         WIDTH="2317"
                         VPOS="531"
                         HPOS="2785">
                  <String ID="string_region_1637937785109_353l6"
                          HEIGHT="201"
                          WIDTH="2317"
                          VPOS="531"
                          HPOS="2785"
                          CONTENT="gecrediteert heeft dat het remitteeren advaniag en"/>
               </TextLine>
               <TextLine ID="region_1637937785109_353l7"
                         BASELINE="2786,760 2900,754 3015,750 3129,748 3244,746 3358,744 3473,742 3587,742 3702,742 3816,742 3931,744 4045,744 4160,746 4274,746 4389,748 4503,750 4618,750 4732,752 4847,752 4961,752 5076,752"
                         HEIGHT="140"
                         WIDTH="2319"
                         VPOS="646"
                         HPOS="2771">
                  <String ID="string_region_1637937785109_353l7"
                          HEIGHT="140"
                          WIDTH="2319"
                          VPOS="646"
                          HPOS="2771"
                          CONTENT="ssen is als te laeten betrecken is doorgaents vast "/>
               </TextLine>
               <TextLine ID="region_1637937785109_353l8"
                         BASELINE="2798,864 2909,858 3020,854 3131,850 3242,848 3354,846 3465,846 3576,846 3687,846 3798,848 3910,848 4021,850 4132,852 4243,852 4354,854 4466,854 4577,854 4688,854 4799,854 4910,852 5022,850"
                         HEIGHT="174"
                         WIDTH="2253"
                         VPOS="761"
                         HPOS="2783">
                  <String ID="string_region_1637937785109_353l8"
                          HEIGHT="174"
                          WIDTH="2253"
                          VPOS="761"
                          HPOS="2783"
                          CONTENT="geweest maer als m bj dese tijden meenighiael "/>
               </TextLine>
               <TextLine ID="region_1637937785109_353l9"
                         BASELINE="2800,972 2904,966 3009,962 3113,959 3218,958 3323,956 3427,956 3532,956 3636,956 3741,956 3846,958 3950,958 4055,960 4159,960 4264,960 4369,960 4473,959 4578,958 4682,954 4787,952 4892,946"
                         HEIGHT="168"
                         WIDTH="2120"
                         VPOS="852"
                         HPOS="2787">
                  <String ID="string_region_1637937785109_353l9"
                          HEIGHT="168"
                          WIDTH="2120"
                          VPOS="852"
                          HPOS="2787"
                          CONTENT="contrarie bevonden voorsooveel van a costy"/>
               </TextLine>
               <TextLine ID="region_1637937785109_353l10"
                         BASELINE="2822,1066 2934,1066 3046,1064 3158,1064 3271,1062 3383,1062 3495,1062 3608,1062 3720,1060 3832,1060 3945,1060 4057,1060 4169,1060 4281,1060 4394,1060 4506,1060 4618,1060 4731,1060 4843,1060 4955,1060 5068,1060"
                         HEIGHT="138"
                         WIDTH="2273"
                         VPOS="971"
                         HPOS="2809">
                  <String ID="string_region_1637937785109_353l10"
                          HEIGHT="138"
                          WIDTH="2273"
                          VPOS="971"
                          HPOS="2809"
                          CONTENT="som wijlen getrocken wort tot cours die men hier"/>
               </TextLine>
               <TextLine ID="region_1637937785109_353l11"
                         BASELINE="2814,1170 2921,1170 3028,1170 3135,1170 3243,1170 3350,1168 3457,1168 3565,1168 3672,1166 3779,1166 3887,1166 3994,1166 4101,1164 4208,1164 4316,1164 4423,1164 4530,1164 4638,1166 4745,1166 4852,1167 4960,1168"
                         HEIGHT="139"
                         WIDTH="2173"
                         VPOS="1061"
                         HPOS="2800">
                  <String ID="string_region_1637937785109_353l11"
                          HEIGHT="139"
                          WIDTH="2173"
                          VPOS="1061"
                          HPOS="2800"
                          CONTENT="niet en can bedinghen faute van omileure "/>
               </TextLine>
               <TextLine ID="region_1637937785109_353l12"
                         BASELINE="2806,1288 2912,1285 3018,1282 3124,1280 3231,1278 3337,1276 3443,1276 3550,1274 3656,1274 3762,1275 3869,1276 3975,1276 4081,1276 4187,1278 4294,1278 4400,1278 4506,1278 4613,1278 4719,1278 4825,1278 4932,1276"
                         HEIGHT="175"
                         WIDTH="2156"
                         VPOS="1173"
                         HPOS="2791">
                  <String ID="string_region_1637937785109_353l12"
                          HEIGHT="175"
                          WIDTH="2156"
                          VPOS="1173"
                          HPOS="2791"
                          CONTENT="nevorie vercurs dat ick ue dat versoeke oft"/>
               </TextLine>
               <TextLine ID="region_1637937785109_353l13"
                         BASELINE="2818,1402 2923,1397 3028,1394 3133,1390 3238,1388 3343,1385 3448,1384 3553,1382 3658,1382 3763,1382 3869,1382 3974,1382 4079,1382 4184,1384 4289,1384 4394,1386 4499,1388 4604,1390 4709,1392 4814,1392 4920,1394"
                         HEIGHT="164"
                         WIDTH="2133"
                         VPOS="1285"
                         HPOS="2802">
                  <String ID="string_region_1637937785109_353l13"
                          HEIGHT="164"
                          WIDTH="2133"
                          VPOS="1285"
                          HPOS="2802"
                          CONTENT="versocht hebbe is in den verstande dat ue "/>
               </TextLine>
               <TextLine ID="region_1637937785109_353l14"
                         BASELINE="2804,1510 2911,1503 3018,1496 3125,1493 3233,1490 3340,1486 3447,1486 3555,1486 3662,1486 3769,1486 3877,1488 3984,1488 4091,1490 4198,1492 4306,1492 4413,1494 4520,1494 4628,1492 4735,1492 4842,1489 4950,1486"
                         HEIGHT="181"
                         WIDTH="2175"
                         VPOS="1389"
                         HPOS="2790">
                  <String ID="string_region_1637937785109_353l14"
                          HEIGHT="181"
                          WIDTH="2175"
                          VPOS="1389"
                          HPOS="2790"
                          CONTENT="geen, occasie van profijt en soude laeten"/>
               </TextLine>
               <TextLine ID="region_1637937785109_353l15"
                         BASELINE="2802,1600 2913,1598 3025,1596 3137,1596 3249,1596 3361,1596 3473,1596 3585,1596 3697,1596 3809,1598 3921,1598 4032,1600 4144,1600 4256,1602 4368,1602 4480,1604 4592,1604 4704,1604 4816,1604 4928,1604 5040,1604"
                         HEIGHT="123"
                         WIDTH="2268"
                         VPOS="1504"
                         HPOS="2788">
                  <String ID="string_region_1637937785109_353l15"
                          HEIGHT="123"
                          WIDTH="2268"
                          VPOS="1504"
                          HPOS="2788"
                          CONTENT="voorbijgaen als ue soon wijlen ien extraordinar"/>
               </TextLine>
               <TextLine ID="region_1637937785109_353l16"
                         BASELINE="2800,1702 2909,1702 3018,1704 3127,1704 3236,1704 3345,1704 3454,1704 3563,1704 3672,1704 3781,1704 3890,1704 3999,1704 4108,1702 4217,1702 4326,1702 4435,1702 4544,1702 4653,1704 4762,1704 4871,1706 4980,1706"
                         HEIGHT="139"
                         WIDTH="2210"
                         VPOS="1597"
                         HPOS="2786">
                  <String ID="string_region_1637937785109_353l16"
                          HEIGHT="139"
                          WIDTH="2210"
                          VPOS="1597"
                          HPOS="2786"
                          CONTENT="van profijt soude voorcoemen ende dat ick "/>
               </TextLine>
               <TextLine ID="region_1637937785109_353l17"
                         BASELINE="2796,1814 2910,1814 3024,1814 3138,1812 3253,1812 3367,1811 3481,1810 3596,1810 3710,1810 3824,1810 3939,1810 4053,1810 4167,1810 4281,1812 4396,1814 4510,1815 4624,1818 4739,1820 4853,1824 4967,1828 5082,1832"
                         HEIGHT="138"
                         WIDTH="2314"
                         VPOS="1720"
                         HPOS="2782">
                  <String ID="string_region_1637937785109_353l17"
                          HEIGHT="138"
                          WIDTH="2314"
                          VPOS="1720"
                          HPOS="2782"
                          CONTENT="bij ue niess en soude te goet hebben den oversloede"/>
               </TextLine>
               <TextLine ID="region_1637937785109_353l18"
                         BASELINE="2792,1914 2905,1914 3018,1914 3131,1914 3244,1914 3357,1914 3470,1914 3583,1914 3696,1914 3809,1914 3923,1914 4036,1914 4149,1916 4262,1918 4375,1920 4488,1924 4601,1926 4714,1930 4827,1935 4940,1940 5054,1946"
                         HEIGHT="126"
                         WIDTH="2291"
                         VPOS="1840"
                         HPOS="2777">
                  <String ID="string_region_1637937785109_353l18"
                          HEIGHT="126"
                          WIDTH="2291"
                          VPOS="1840"
                          HPOS="2777"
                          CONTENT="der waeteren 3 deser voorgevalden heeft sulcken"/>
               </TextLine>
               <TextLine ID="region_1637937785109_353l19"
                         BASELINE="2790,2028 2898,2024 3007,2022 3116,2020 3224,2020 3333,2020 3442,2020 3550,2020 3659,2022 3768,2024 3877,2026 3985,2028 4094,2032 4203,2034 4311,2037 4420,2040 4529,2044 4637,2046 4746,2049 4855,2052 4964,2054"
                         HEIGHT="162"
                         WIDTH="2205"
                         VPOS="1920"
                         HPOS="2774">
                  <String ID="string_region_1637937785109_353l19"
                          HEIGHT="162"
                          WIDTH="2205"
                          VPOS="1920"
                          HPOS="2774"
                          CONTENT="schaede veroorsaeckt dat het godt gelieve te "/>
               </TextLine>
               <TextLine ID="region_1637937785109_353l20"
                         BASELINE="2794,2134 2908,2130 3023,2128 3137,2126 3252,2126 3366,2126 3481,2126 3595,2128 3710,2130 3824,2132 3939,2134 4053,2136 4168,2138 4282,2140 4397,2142 4511,2144 4626,2146 4740,2146 4855,2146 4969,2146 5084,2144"
                         HEIGHT="147"
                         WIDTH="2320"
                         VPOS="2029"
                         HPOS="2778">
                  <String ID="string_region_1637937785109_353l20"
                          HEIGHT="147"
                          WIDTH="2320"
                          VPOS="2029"
                          HPOS="2778"
                          CONTENT="vergoeden ende ten sy bij onder vindinghe soo is"/>
               </TextLine>
               <TextLine ID="region_1637937785109_353l21"
                         BASELINE="2786,2240 2900,2236 3015,2232 3129,2232 3244,2230 3358,2232 3473,2232 3587,2234 3702,2236 3816,2239 3931,2242 4045,2246 4160,2248 4274,2252 4389,2256 4503,2258 4618,2262 4732,2264 4847,2266 4961,2266 5076,2268"
                         HEIGHT="187"
                         WIDTH="2320"
                         VPOS="2129"
                         HPOS="2771">
                  <String ID="string_region_1637937785109_353l21"
                          HEIGHT="187"
                          WIDTH="2320"
                          VPOS="2129"
                          HPOS="2771"
                          CONTENT="ongelooftaer. ick ben mede al wat geint resseer "/>
               </TextLine>
               <TextLine ID="region_1637937785109_353l22"
                         BASELINE="2782,2344 2889,2342 2997,2340 3105,2340 3213,2340 3321,2340 3429,2340 3537,2340 3645,2342 3753,2342 3861,2344 3968,2346 4076,2350 4184,2352 4292,2354 4400,2358 4508,2362 4616,2366 4724,2370 4832,2374 4940,2378"
                         HEIGHT="197"
                         WIDTH="2189"
                         VPOS="2231"
                         HPOS="2766">
                  <String ID="string_region_1637937785109_353l22"
                          HEIGHT="197"
                          WIDTH="2189"
                          VPOS="2231"
                          HPOS="2766"
                          CONTENT="Godt geve dat ick het tes see tot oock toe"/>
               </TextLine>
               <TextLine ID="region_1637937785109_353l23"
                         BASELINE="2766,2452 2870,2448 2974,2446 3079,2444 3183,2444 3288,2442 3392,2442 3496,2444 3601,2444 3705,2446 3810,2448 3914,2450 4018,2451 4123,2454 4227,2456 4332,2460 4436,2463 4540,2466 4645,2470 4749,2474 4854,2478"
                         HEIGHT="144"
                         WIDTH="2118"
                         VPOS="2371"
                         HPOS="2751">
                  <String ID="string_region_1637937785109_353l23"
                          HEIGHT="144"
                          WIDTH="2118"
                          VPOS="2371"
                          HPOS="2751"
                          CONTENT="buyten weete niet verdersen magh weten "/>
               </TextLine>
               <TextLine ID="region_1637937785109_353l24"
                         BASELINE="2794,2552 2908,2548 3023,2546 3138,2544 3252,2542 3367,2542 3482,2542 3596,2542 3711,2542 3826,2544 3941,2546 4055,2548 4170,2552 4285,2554 4399,2557 4514,2562 4629,2564 4743,2570 4858,2574 4973,2578 5088,2582"
                         HEIGHT="154"
                         WIDTH="2323"
                         VPOS="2460"
                         HPOS="2779">
                  <String ID="string_region_1637937785109_353l24"
                          HEIGHT="154"
                          WIDTH="2323"
                          VPOS="2460"
                          HPOS="2779"
                          CONTENT="remptteere ue ingesoeten als aenden voet ese"/>
               </TextLine>
               <TextLine ID="region_1637937785109_353l25"
                         BASELINE="2768,2656 2799,2656 2830,2656 2861,2656 2892,2656 2923,2654 2954,2653 2985,2652 3016,2650 3047,2649 3078,2647 3109,2645 3140,2644 3171,2642 3202,2640 3233,2639 3264,2638 3295,2638 3326,2638 3357,2640 3388,2640"
                         HEIGHT="113"
                         WIDTH="650"
                         VPOS="2566"
                         HPOS="2753">
                  <String ID="string_region_1637937785109_353l25"
                          HEIGHT="113"
                          WIDTH="650"
                          VPOS="2566"
                          HPOS="2753"
                          CONTENT="en blijve"/>
               </TextLine>
               <TextLine ID="region_1637937785109_353l26"
                         BASELINE="2768,2762 2881,2757 2994,2752 3107,2750 3220,2750 3333,2750 3446,2750 3559,2752 3672,2754 3785,2756 3899,2760 4012,2764 4125,2768 4238,2772 4351,2776 4464,2779 4577,2784 4690,2786 4803,2790 4916,2792 5030,2794"
                         HEIGHT="221"
                         WIDTH="2293"
                         VPOS="2618"
                         HPOS="2754">
                  <String ID="string_region_1637937785109_353l26"
                          HEIGHT="221"
                          WIDTH="2293"
                          VPOS="2618"
                          HPOS="2754"
                          CONTENT="op 16 courant vallende op Dt Soois banss £500:-"/>
               </TextLine>
               <TextLine ID="region_1637937785109_353l27"
                         BASELINE="2760,2860 2861,2858 2962,2858 3063,2858 3164,2860 3266,2860 3367,2862 3468,2864 3569,2865 3670,2867 3772,2870 3873,2872 3974,2874 4075,2876 4176,2878 4278,2880 4379,2881 4480,2882 4581,2884 4682,2884 4784,2884"
                         HEIGHT="200"
                         WIDTH="2054"
                         VPOS="2745"
                         HPOS="2745">
                  <String ID="string_region_1637937785109_353l27"
                          HEIGHT="200"
                          WIDTH="2054"
                          VPOS="2745"
                          HPOS="2745"
                          CONTENT="op 11 deserheden op Jacob swachter in london"/>
               </TextLine>
               <TextLine ID="region_1637937785109_353l28"
                         BASELINE="2910,2978 2999,2978 3089,2978 3178,2978 3268,2978 3357,2980 3447,2980 3536,2980 3626,2980 3715,2982 3805,2982 3894,2982 3984,2982 4073,2982 4163,2982 4252,2982 4342,2982 4431,2982 4521,2982 4610,2982 4700,2980"
                         HEIGHT="175"
                         WIDTH="1819"
                         VPOS="2880"
                         HPOS="2896">
                  <String ID="string_region_1637937785109_353l28"
                          HEIGHT="175"
                          WIDTH="1819"
                          VPOS="2880"
                          HPOS="2896"
                          CONTENT="addres a costy by escoma et muilman"/>
               </TextLine>
               <TextLine ID="region_1637937785109_353l29"
                         BASELINE="2924,3086 2984,3088 3045,3090 3106,3091 3167,3092 3228,3092 3288,3094 3349,3094 3410,3094 3471,3094 3532,3094 3592,3093 3653,3092 3714,3090 3775,3090 3836,3088 3896,3086 3957,3084 4018,3081 4079,3078 4140,3076"
                         HEIGHT="162"
                         WIDTH="1246"
                         VPOS="2984"
                         HPOS="2910">
                  <String ID="string_region_1637937785109_353l29"
                          HEIGHT="162"
                          WIDTH="1246"
                          VPOS="2984"
                          HPOS="2910"
                          CONTENT="D300:- a 132 bauco"/>
               </TextLine>
               <TextLine ID="region_1637937785109_353l30"
                         BASELINE="4616,3098 4642,3098 4668,3098 4694,3098 4720,3098 4746,3099 4772,3100 4798,3100 4824,3100 4850,3100 4876,3100 4902,3099 4928,3098 4954,3095 4980,3090"
                         HEIGHT="165"
                         WIDTH="392"
                         VPOS="2964"
                         HPOS="4601">
                  <String ID="string_region_1637937785109_353l30"
                          HEIGHT="165"
                          WIDTH="392"
                          VPOS="2964"
                          HPOS="4601"
                          CONTENT="„ 165:-"/>
               </TextLine>
               <TextLine ID="region_1637937785109_353l31"
                         BASELINE="4548,3266 4574,3259 4600,3254 4627,3248 4653,3246 4679,3244 4706,3243 4732,3242 4759,3242 4785,3242 4811,3240 4838,3240 4864,3240 4890,3237 4917,3235 4943,3231 4970,3226"
                         HEIGHT="168"
                         WIDTH="462"
                         VPOS="3111"
                         HPOS="4525">
                  <String ID="string_region_1637937785109_353l31"
                          HEIGHT="168"
                          WIDTH="462"
                          VPOS="3111"
                          HPOS="4525"
                          CONTENT="£66::"/>
               </TextLine>
               <TextLine ID="region_1637937785109_353l32"
                         BASELINE="2786,3292 2837,3290 2889,3290 2941,3288 2993,3288 3045,3288 3096,3288 3148,3288 3200,3288 3252,3288 3304,3288 3355,3288 3407,3290 3459,3290 3511,3290 3563,3290 3614,3292 3666,3292 3718,3292 3770,3294 3822,3294"
                         HEIGHT="225"
                         WIDTH="1064"
                         VPOS="3144"
                         HPOS="2772">
                  <String ID="string_region_1637937785109_353l32"
                          HEIGHT="225"
                          WIDTH="1064"
                          VPOS="3144"
                          HPOS="2772"
                          CONTENT="Rotterdam Dionys verburgh"/>
               </TextLine>
               <TextLine ID="region_1637937785109_353l33"
                         BASELINE="4040,3314 4072,3317 4104,3320 4136,3321 4169,3324 4201,3326 4233,3326 4266,3329 4298,3330 4330,3330 4363,3331 4395,3332 4427,3332 4459,3332 4492,3334 4524,3334 4556,3334 4589,3334 4621,3336 4653,3336 4686,3336"
                         HEIGHT="164"
                         WIDTH="678"
                         VPOS="3230"
                         HPOS="4025">
                  <String ID="string_region_1637937785109_353l33"
                          HEIGHT="164"
                          WIDTH="678"
                          VPOS="3230"
                          HPOS="4025"
                          CONTENT="14 meert 1713"/>
               </TextLine>
               <TextLine ID="region_1637937785109_353l34"
                         BASELINE="2814,3390 2925,3388 3036,3386 3147,3386 3259,3384 3370,3386 3481,3386 3593,3386 3704,3388 3815,3390 3927,3392 4038,3394 4149,3398 4260,3400 4372,3402 4483,3406 4594,3408 4706,3410 4817,3413 4928,3416 5040,3416"
                         HEIGHT="123"
                         WIDTH="2254"
                         VPOS="3311"
                         HPOS="2801">
                  <String ID="string_region_1637937785109_353l34"
                          HEIGHT="123"
                          WIDTH="2254"
                          VPOS="3311"
                          HPOS="2801"
                          CONTENT="confoim ue aengenaeme van 12 coet pen het pack"/>
               </TextLine>
               <TextLine ID="region_1637937785109_353l35"
                         BASELINE="2816,3480 2929,3480 3042,3480 3155,3478 3268,3478 3382,3478 3495,3478 3608,3478 3721,3478 3834,3478 3948,3478 4061,3480 4174,3482 4287,3484 4400,3486 4514,3490 4627,3492 4740,3498 4853,3502 4966,3508 5080,3514"
                         HEIGHT="132"
                         WIDTH="2295"
                         VPOS="3403"
                         HPOS="2800">
                  <String ID="string_region_1637937785109_353l35"
                          HEIGHT="132"
                          WIDTH="2295"
                          VPOS="3403"
                          HPOS="2800"
                          CONTENT="iust robert christiaens p peeter willems te gemoet godt"/>
               </TextLine>
               <TextLine ID="region_1637937785109_353l36"
                         BASELINE="2824,3584 2934,3582 3045,3582 3155,3581 3266,3580 3376,3580 3487,3578 3597,3578 3708,3576 3818,3576 3929,3576 4039,3576 4150,3577 4260,3578 4371,3580 4481,3582 4592,3584 4702,3586 4813,3590 4923,3594 5034,3600"
                         HEIGHT="126"
                         WIDTH="2240"
                         VPOS="3526"
                         HPOS="2810">
                  <String ID="string_region_1637937785109_353l36"
                          HEIGHT="126"
                          WIDTH="2240"
                          VPOS="3526"
                          HPOS="2810"
                          CONTENT="danck thomas verren mede salvo is ue en heeft het "/>
               </TextLine>
               <TextLine ID="region_1637937785109_353l37"
                         BASELINE="2798,3712 2911,3708 3024,3704 3137,3701 3250,3697 3364,3694 3477,3690 3590,3688 3703,3684 3816,3682 3930,3680 4043,3678 4156,3678 4269,3678 4382,3678 4496,3678 4609,3680 4722,3683 4835,3687 4948,3691 5062,3696"
                         HEIGHT="196"
                         WIDTH="2294"
                         VPOS="3591"
                         HPOS="2783">
                  <String ID="string_region_1637937785109_353l37"
                          HEIGHT="196"
                          WIDTH="2294"
                          VPOS="3591"
                          HPOS="2783"
                          CONTENT="sebde p volgende beurtman mij maen laeren toete "/>
               </TextLine>
               <TextLine ID="region_1637937785109_353l38"
                         BASELINE="2786,3818 2901,3817 3016,3816 3131,3813 3246,3812 3362,3808 3477,3806 3592,3804 3707,3804 3822,3802 3938,3800 4053,3800 4168,3800 4283,3801 4398,3802 4514,3805 4629,3809 4744,3812 4859,3818 4974,3827 5090,3834"
                         HEIGHT="189"
                         WIDTH="2334"
                         VPOS="3682"
                         HPOS="2772">
                  <String ID="string_region_1637937785109_353l38"
                          HEIGHT="189"
                          WIDTH="2334"
                          VPOS="3682"
                          HPOS="2772"
                          CONTENT="coemen alst eenen besende schipper en goetsch"/>
               </TextLine>
            </TextBlock>
         </PrintSpace>
      </Page>
   </Layout>
</alto>
