5150 3995
358 103 293 149 te does

345 108 2155 214 Brussel  Beydaels Ady 28 Junii 1714

322 237 2148 219 het is mij leet te sien dat de ncome soo slechrif

353 360 2103 203 ende dat het geluck niet gehadt hebbe dit jaer

355 465 2038 201 ue oversesten ofte aen ue iets te connen

372 566 1977 223 vercoopen Godt gelieve het eensnogh te

339 678 2123 174 laeten beteeren want ick en traghte niet

364 782 2088 224 anders als te saemen moogen de kennisse

356 902 2016 207 vermeerderen sijnde gelijck ue bekent is

370 1008 2020 209 altijdts tney drensted. ick en wille echter

375 1083 2057 243 niet twijfelen oft tegens het afgaen de

362 1214 2117 186 saioen  sal ue eenigh sortiment noodigh

358 1324 2199 194 hebben. icn coepe ue mijn dients

386 1441 2155 181 ende versogheren dat icn van alles seer schoon

396 1554 2150 223 getiet hebbe ende nogh eene partije versche

374 1682 2093 235 goederen onder weegen die met gootshultte

342 1764 2135 219 p eersten te gemoet sien  wehtoe well ue

337 1881 2220 201 de goecheydt hadde van miy voor eene sommenen

357 1991 2149 209 van ƒ400:- te willen accommodeeren die dan

391 2124 1912 192 de vrijheydt sal nemen op ue te trecken

382 2223 2134 194 te betaelen aen d'ordre Dr Jacomo Rousseau

370 2358 1496 184 ue sal mij verobligeerene

1755 2476 518 151 30 Juin 1714

266 2460 1193 219 Mons La veufve Charler Candri

422 2608 2131 139 le 23 du court iay pacte la marchandises qv:g. at acheptee

437 2674 2104 147 e nvoy avec celles de mons frere et les autres quil vs a plum'en

434 2760 2090 156 voyder je les ayt envoyel en suitte a vre ordre dans un ballot

434 2823 2139 156 marque e pr le barque ordinaite pr bruxelles a l'addresse

438 2917 2134 158 d'henrij de pau a la teste dor au marche au roin pr le livres

430 2995 2085 189 a la veufve yendour jespere q vs l'aurez bien receu e

425 3119 2095 170 trouve bien conditionne et les touts a vre contentement

448 3212 2038 183 jayt ou tant d'occupation q jay maneue vs addres

452 3258 2082 217 ser les factures a vre hauberges tellement q je suis oblige

463 3376 2122 180 vs lest renvoyeer cy incluse scavoir celle de mon frer Daniet

441 3452 2053 184 geerarde et la meenne alu pied de la lettre portant en

468 3562 2105 159 argent de change ƒ189:12 pr quelle jomge il vs plairas

457 3616 2029 185 me crediter et commander pr tout ce quil je pus offrer

449 3727 2118 146 pr vre service en touttes occations vs asslurant qe pre

2676 111 1887 140 souhaitte q d'intresener la connoissance et

4572 113 353 152 de Godts

2676 184 2273 193 os bien servir sur quoy pouvez faire sond et que ieie e

2699 294 906 191 je suis veritablement

4028 404 523 147 10 Juny 1714

2669 405 826 191 Brusselle J van Gock

2680 446 2272 208 ue 3 aengenaeme van 26 april 26 meij en 28 deser hebbe

2703 603 2237 151 wel ontfangen ende een naerdere occasie gehadt om

2711 719 2265 116 ue te antworden als op ue laeste waer mede ue mij adv

2713 795 2241 198 teert te hebbe gecrediteert eerst voor mijn tratos aen ue

2688 905 2289 135 ordre op Jaldoveus mosselmans de diito 9 agegeestij 1713

2721 959 2254 218 van £31:16:4 soo dat sepponere de wed: he

2707 1067 2210 208 resterende boven het ingeslotene briefken van

2711 1171 2266 224 ƒ157 op Joseph le compte eerst 16 augustijvallende moet

2726 1268 2264 236 hebben voldaen dat ver saecke mij gelieve te adviseeren

2711 1395 2258 195 voor de ƒ157 welle geene patientie hebbe als dat

2731 1523 2171 218 maer sal betael worden want ditto acceptant i

2739 1633 2229 198 mij gans onbekent echter sal ue terve voldaeghe

2734 1745 2232 170 afsenden om in te voorderen want sien niet daer

2720 1873 2248 197 staet op te maecken is om het anders in tetreck

2743 1975 2236 174 hebben aen ditto wed: continuell gescheven

2762 2033 2198 237 ende p haer laeste messwe beloofde sij mij ue

2778 2139 2199 198 contant te voldoen nu vinde het contratieeve

2753 2267 2187 212 wel alst briefken maervan satiffactie soo is

2777 2343 2213 268 mij daer weynigh aengelegen in afwachtinge

2787 2476 1652 193 van d heere van ue entwoort blijve

4106 2610 510 139 30 Junij 1714

2645 2633 820 142 Brusselle Guilliam tsas

2775 2668 2168 189 ue aengenaeme van 9 mmij laest hebbe wel ontfangen

2780 2757 2153 175 en niet beantwort om dat vandagh verwacht hadde

2763 2852 2157 202 dat ue soude hebbe over gecoemen het sijn ellendige

2765 2984 2198 145 tijde ende ejger en can het niet wesen boot sal het

2765 3102 2149 114 eens laeten beteren anders soude wy cranck sinne

2762 3184 2166 133 in de nagotie ewygen het is ommogelijck dat het soo

2767 3238 2172 161 can blijve  met den vreden sal het infaille

2733 3338 2241 113 bel  naer desen oot beteren wes en als ider

2770 3406 2228 138 een wat sal gaen beginnen te trecken ick hebbe altit

2751 3497 2227 184 goet sortement om mijne calauten te geneven ende

2790 3576 2161 129 de negotie te onderhonden alst ue sal gelieven over

2769 3674 2226 122 te coemen ick sal trachten a pacemente geven en wel

2775 3746 2200 104 te bedienen waer op moght staet maecken ende dat ben

2793 3825 125 50 0
