5225 3965
327 66 2297 180 Dn To30 te vernemen dat daer niet niet allen van

410 173 2154 209 met ue ae eu is ende dat ue my blijft uyt strijken

433 261 2162 177 van 20 d Mein Der van joch weet wat hy ni te

405 381 2124 182 die geal doen heeft ue tant met hem steken soo

432 488 2071 212 selver het ue belieft ick en sal ue niet meer

436 627 844 240 ghere Schrijven

462 646 2101 288 nt Brussel  van Roch Ady 29 Auguse 1713

447 843 2114 221 door de swaere is vervallentheydt en siechte

413 958 2152 190 van mijn huysvrouwe en hebbe op ontfanck uer

354 1091 2149 221 aengenaeme 23 deser aen de wed. mosselmans

374 1219 2195 169 niet geschreven in niet weesende oft die betaelt

407 1333 2160 196 heeft oft niet soo neme de liberteydt den

399 1437 2154 159 ingesloeten te senden onder ue convert die ue

396 1548 2175 178 laer gelieve te doen behandighen ingevalle

402 1667 2107 202 de in more t gebleven het moet een seer

383 1786 2211 141 slecht eraem wesen dat sij om soo een bagarelle

419 1880 2121 161 haer soo sterck laet praemen het ul goet

409 1998 1885 164 ue haer acceptatie if hebbende en haer

398 2099 2165 175 behentenisse van de schiedt daer can men n

414 2222 2119 144 instantelijck vonniste op hebben wilt het

387 2315 2193 162 nu tot laesten niet lucken soo sal men het

388 2419 1969 215 een procureur moeten in handen geven

388 2545 2048 163 mijn huysvrouwe is seer miscrabel ende niet

390 2634 2248 206 buyten perjkel bedancke ue voor sijne genegenheyte

315 2788 632 143 en blijve

1651 2873 887 200 Ady 29 ditto 1714

322 2885 1112 201 Lontnaye L witte cams

400 3010 2192 227 J'ay bien reccu en son temps la tres chere vre du 4

390 3158 2235 174 du courant avec remise de £200:- argent de change

400 3258 2112 195 sur Jean Bapt francq dont i'ay obtenne payement

417 3362 2132 171 et passe la baleur en credit de vre compte vous

365 3473 2274 190 resperciant tres humblement du bon soitng gayez pour

400 3580 2178 184 moye puis que la recolte est favorable et que le

391 3692 2138 157 pays commence a se remettre i'espere qu le

2665 73 2258 148 commun en profite et quil q plus de debite et p

2693 168 2249 194 consequencce qu'il vous faudra quelque provision

2678 320 2304 142 en maedit que vous avez tire quelque chose d'aillieurs

2678 439 2255 168 i'espere qu'il restera encor quelque chose pour moy

2672 530 2106 121 et que ie suit en vre soubver car ie suis bien

2687 636 2092 179 asseure vous avoir servi a tres suit prix et que

2690 730 2215 197 parsonne ne se puis eniex faire in vous livrer

2683 860 2214 164 mellieure marghandise j'ay des beaux draps

2671 989 2226 147 superfins entre les mains pour bleux et voirs

2694 1081 2195 174 et lesera tout ce que l'on pourra voir oultre

2684 1223 2275 187 J'ay les plus jolies assortiments des marchandises

2695 1335 2300 151 d'Angleterre que ie pays eu de long temps. il'es pere

2687 1471 2226 182 que nous aurons lhonneur de vous voir p icy

2676 1563 2149 151 si non ayes seulement la bonte m'ordonner

2701 1668 2231 156 ce quil lepuis offrir pour vre service et vous

2692 1778 2235 164 touverez prefeet de mondire et voyere que ie

2703 1904 2195 153 vous serviray avec beaucoup dex acstode

2684 2015 2144 172 si bien en vre absence q'en vre presence ne

2702 2109 2246 187 souhaittant que d'entre tenir e aua menter nre

2738 2245 2124 148 connoissenne et le copmerce pr insemble

2746 2375 2133 167 vous saluant de mesme que foutte vre chere

2701 2466 2246 169 famille avec mes compliments et asseurence

2736 2612 2121 157 de mes respects aus le seeultre que ie vous

2730 2698 1364 185 re commande ie medit

2684 2790 2204 173 London Scawen et Shocndale Ady 24 Aug. 1714

2700 2902 2169 227 Je voussr l'honneur de la chere vre du 2  patte

4351 2968 625 157 10 du courant

2692 3019 2292 202 quily e de lserreur en ce que m aviez advise que

2714 3155 2252 130 la comp. payeroit le divident de t Jean eschep

2724 3235 2239 205 an  du courant et que ce la ne sera pau p du

2727 3395 2187 176 asvenir. uil porte pour veu que cela soit payce

2726 3462 2264 172 ie vous en ay debite et nous le laisserons ainsij

2717 3581 2194 200 agant besong de quelque bagatelle ie l'ay tire

2733 3704 2169 155 sur vous du 22 du courr u sennce en faveux
