5479 3943
498 70 2230 164 plaisant a la main et a baveze la veu est meillieur

519 140 2210 152 marché je vs prie d'achepter a mon plus grand avanta

512 276 2186 144 possible un ballot de 30p de bayes deventer 12 p de

516 335 2207 157 la marque Trouge so nt de  or et 8 p d'un plus haut

506 437 2213 189 prix et d'une plus finne sorte les emballer en un ballo

514 541 2211 175 avec a bon cotton pr enveloppe et me l'envoyeer p la

510 644 2227 177 primie te occasion pr rotterdam tache de me procuer

525 753 2210 149 quely chose de bon et de bonne laisne et dune bonne

504 864 2222 183 longeur je vs remette 28 may 2 issence sier m. Ellis ewarn

494 957 2199 181 £ 108:1 dont il vs plaira procurer le necessaire et

503 1064 2204 147 me crediter les banquertocittes en france en es pagne o

513 1201 2222 135 hollande desolent tout gommerce et on cragne m

506 1272 2217 176 fort mauvaises suittes attendant de vos noubelles je me di

1886 1359 556 135 1 Juny 1715

409 1360 999 175 Brussellessn van de Clooster

497 1434 2233 169 verhoepe ue goet niour achter volgens ue ordre hebbe desen nae

499 1532 2233 158 middagh opt beurtschip gedaen ue 2 bayen in een rollekens se

485 1600 2182 181 mercht S.W.C 1 super fijnen baye 48 81 wes: die verhoepe

1564 1699 334 84 33

964 1717 512 96 1Aijnent B30.

491 1696 2233 195 naer ue contentement sullen wesen en ue wel sullen terhant o

483 1817 2238 146 mens meeden noodigh hebbende oft eenige andere goederen te

488 1925 2251 94 commandeere mij aen ue goede genegentheyt ue he dat ick van

466 1980 2232 143 seer curieus goet voorsien ban hebbe noch schoone partye onder

475 2078 2251 133 wegen ende ick sal al doen wet een ander doen can om ue aen te

465 2200 2257 121 heelen ende ue calandisie te mogen behouden twijfele oft ue van

477 2263 2243 118 de laeste gesondene laeckens int pack SVC op 10 april laest ue

476 2348 2249 192 facture hebbe gegeven faute heeft ue de selve noch eens aen die

479 2445 2237 168 voet deser vande affairens van den polder en hebbe verders geen

478 2569 1788 135 tijdinge gehoort blijve naer men saeme groetenisse

1860 2650 511 137 3 juiiy 1715

433 2663 829 164 Rotterdam D: verburgh

507 2762 2228 124 ue aengenaeme van 28 grass en hebbe voorleden post mom den feertdagh me

491 2844 2237 127 beantwort ue remises in 2 brieven te saemen  £338:1 op londen daer bij vermelste

492 2939 2233 85 N 37:3 hollants court ƒ 3777:14 hebbe van nottie genomen, doch hadde liever gehadt

478 2980 2257 161 gehadt ue mijn goet vinden hadde onder ue gelaeten als die cours te remitteeren die

435 3055 2294 121 coemen mij te staen alhier N37:1 ende can tot  36:10 abondantelijck te recht en

466 3150 2238 101 soo dat ue wil een af meten dat sulckte voor mij desneraete rece geeff noopende

459 3227 2268 132 de oncost rece salt ue het bevinden p naesten adviseeren en voor het malkeu

466 3278 2256 121 vous paie bidde ick soch finale de custe endis positie te procureeren went

437 3387 2274 140 het sijn ongeloofbaere ter mijnen de bale N12 uyt Robinson sien pr

461 3423 2250 151 eenhouwer te gemoet tot date deser en hebbe van hebbe kan niets vernom

466 3512 2254 161 r dato 31 meij sent ue my den brief op 8 de groot in pretert van ƒ1727:11

465 3605 2242 124 dat seer appribeere en liever gehadt hadde van donderdagh met noort

480 3688 2230 110 hollant hadde of gesonden in die geville hoe vigilanter hoe beester de

462 3750 2248 104 aen en manquern ick nogt aen ten regerde van mij ne vrinden niet teensta

2871 7 2318 217 tnen  e l le  le  ee

2866 109 2326 182 den trecker van voor medldagh al gerembours est remisteeren

2861 228 2305 116 ingesloeten op jouff grenvelt ik schreven haegen haden vallen

2858 310 2286 131 de ƒ1000 en ƒ 2500 in 2 brieven op mes de normandie

2881 407 2274 136 comt in amsterdam 6 deservallende waer voor het noodigh

2862 477 2312 153 geleve te besorgen en mijne n appart voorens te crediteere

2865 557 1337 163 p naesten breeder synde in haeste

2809 654 951 157 Amsterdam P. Roussaaed

4238 655 615 172 3 uay 1715

2842 749 2329 194 met ue aengenaeme 30 paest becoeme stjttooop londen ende

2851 859 2308 136 2 gementioneerde brieven die con foim to N 35:6 banco £ 710

2874 928 2240 147 hebbe aengeteeckent voorleden wecke en hebbe de vijnde

2858 1038 2283 132 van cootij niet hooger als N35:6 genoteert het en as mede geen

2874 1097 2269 162 advantagie want soude hier tot  36:16 genoch saem te recte

2882 1199 2268 139 coemen bidde mij secondes met occasie te sende ick ben mee

2868 1295 2279 129 in hoepe dat jolij de £810 op sijnen tijde sal betaelen ende

2892 1375 2269 187 dat godt ue voorschaede sal behoeden ende dat tegens ue me

2867 1465 2271 176 tirst sal wesen afgeloopen deese constrnatie sal e

2868 1588 2290 146 ren de saecken sich scheckenende dat e den anmo sal

2888 1678 2268 142 henemen om de noss te beginnen al nu en wille het ue

2880 1761 2242 121 niet vergen gelooft vrj het mij seer servibel soude wesen

2893 1840 2219 138 ue malheur ont macede vertrouwende godt sal behoede

2869 1930 2259 150 heden hebbe niets afgegeven geloove incort advantatieu

2869 2051 2171 121 sere coursen sal connen obteneeren blijve van heeten

2810 2076 800 167 Parys housenu et fiake

4326 2130 532 133 4 Jany 1715

2864 2191 2196 167 Alhoewel ue aengenaeme 29april 3 os: 13en 21 mey

2869 2291 2265 124 voor mij hebbe te eantworden soo en vinde geen motief als mijn

2879 2391 2265 134 devoir te aguiteeren van reconmoissance en danck baereyt

3147 2446 112 60 ue

2854 2454 2276 123 voor alle genoemene moeyte sorge in goede condiite die ue uy

2853 2537 2276 119 affectie fen onse regarde wel hebbe gelieve aen te nemen ende

2852 2615 2282 129 tot een soo goet saeles te brengen ue versecherende in de occasiens

2861 2712 2250 141 het selve altijt in dachtigh te sullen wesen ende niet te sullen

2850 2781 2274 130 naer laeten ue onse genegentheyt te beweijsen op ue informatie

2848 2851 2279 163 van p ue laeste van 21 past hebbe acht genoemen ue mat

2846 2968 2213 105 vrijelijck den recommandatie bref  dh de pretgeven die

2827 3031 2302 136 vrinden sullen met alle cuctijt ontfangen worden ende onderve

2844 3112 2274 102 den alle genegenthhiyt en diinst baeheyt die mogelijck wesen can ick

2845 3195 2282 123 wenste wel van ue offies voor negotie te saemen te mogen profite

2837 3262 2325 127 ren maer de congonctiere van tijt doet een ider schroomen ende mij

2814 3353 2265 125 selver weder houde vernoemen hebbende de fas foure van lions be

2828 3458 2320 91 payement de pas ques geprolongeert is voor een maent sijnde dan

2843 3533 2219 102 in Piely te betaelen sal mijne schoen moeder die ue haer

4070 3557 323 70 5 den waeren

2812 3566 2297 123 heeft geremitteert tot die tijt die bewaere ue anders gelieve te

2798 3663 1108 139 ordonneren blijve met afflatie
