5369 3972
399 89 2211 219 le tout est sielher quil est impossible a sengager

396 208 2202 188 en marchandises dont on ne pourroie faire

412 325 2139 206 son argett mad vre espouze ma marque

373 389 2219 319 que ie q m'auroit fait lhonneur a me vemp

404 513 2197 243 vour apres son voyage de Paris. iiay fait fond

382 640 2247 240 la ditsus alorsie vous aurriz fait vois d'aulne

391 793 2284 220 sorte des draps de manufacture du pays dont

410 901 2060 209 ou le serve presentement parce que ceux

313 1070 2370 200 d'Angleterre sont d'un prix si excett il est

412 1151 2161 217 ma fois estonnant vue ne faittes pas une

391 1297 2316 235 fors le voyage donnil est si ai su pour le present

424 1427 2269 188 ie vous pourrois donner plus du contentement

428 1548 2260 227 que ie me puis faire p lettre cvoyez que ileme

411 1647 2283 176 et que j'eu meray tous jous a pouvoir comime

309 1789 2280 190 pr ensemble et que ri'en de ma part ne

399 1895 2094 201 manquera quant il me sera possiblee

351 2005 2298 211 P. S. ie vous prie de grace de parlera vre neveu

372 2141 2244 232 Jeau B Desmarg. ie vous ay te seript encor

395 2255 2173 207 ne vois accsuieet sur ce la il ma prie pres

384 2377 2166 164 instament d'avoir patience iusques a la fin

391 2493 2302 203 doctibre et quils me fervit remize sant faulte

379 2612 2204 184 ie sur lait accordee et l manque iuspies

397 2743 2263 174 arpresent non obstant que ie luy ait escript

387 2836 1343 193 des nouveaux a ce sureet

302 2930 2289 251 Rotterdamm John vanderheyden Ady 22 gber 1714

446 3044 2243 242 ret antwoorde op ue aengenaeme van 20 deser sende

435 3183 2227 209 ue ingesloeten extraet uyt mijne boecken van allen

443 3288 2232 191 rekene die ick oeydt niet ue man gehadt hebbe waer bij

431 3409 2248 166 ue sal sien dat ue niet meer en coemt als ƒ93:1½

445 3510 2248 153 hollants courant gelde: het different bestaet daer in

447 3615 2265 172 dat ick hem het sijnen tyde geadviseert en aengewesen

450 3739 2239 138 hebbe het gene ick niet en pretendeerde te betaelen

2726 100 2242 153 dat seer weynigh is en niet en meriteert veel

2722 213 2339 205 schrijvens het soude ergent differeeren inde £40:-

2734 329 2356 214 wegens laete rekent ende stot dat hij mij in den

2740 462 2324 210 share 1113 gesonden heeft dat op soo eene rekeninge

2776 593 2146 165 behoorde ingesien te worden: ick wensche

2768 701 2301 220 eynde van sacke de hebben soo wel als ue ende

2773 832 2261 223 quittantie van advissement sijnde bereyt de

2762 949 2275 220 voors ƒ43:1 ue te voldoen en in alle occesien

2759 1110 2336 161 daer ick capabel sal wesen ue dienst te coemen

2770 1233 2238 212 doen sal ick het niet naer laeten intgeljckx

2751 1344 2244 213 niet van ue beleefde offres te profiteeren

2750 1486 2325 183 maer de angelsche nepoie soo als ue bekentis

2762 1591 2105 177 wort miover  voor dese landen

2774 1713 1689 185 gedreven blijve

2728 1808 2224 140 Hall nicolas van den Berghen Ady 23 gber 1714

2759 1950 2271 168 al voor ontanck ier aengenaeme van 20 deser hadde

2753 2075 2278 152 goetgevoonden niet langer te waghten met het goet

2756 2142 2356 193 aftesenden alhoewel de bayen maer gereet en waeren

2776 2273 2133 153 te weeten de twee couleure ende det wee roode

2755 2350 2307 157 die met de serges van mijn broeder sijn opgepacht en

2770 2467 2333 154 op woonsdagh met het beurtschrp ing lheden geaddresse

2739 2587 2310 151 hen dhh grimberghen de twee carseyen en comen

2752 2696 2357 151 niet voor de naeste weeke gereet wesen de cooplieden

2747 2769 2333 178 en laeten met den winter niet verven en om een

2761 2875 2321 127 stich oft twee en willen de ververs de oncosten niet

2742 2975 2233 108 doen dat de vorlaeke is dat het soo lanck franneert

2767 3063 2233 178 ick sal ue die in een rolleken met eenen boede op

2740 3165 2367 141 Berghen tor hall passeerende doen leveren ende te haemen

2744 3278 2341 151 het laeiersien dan senden want ick moete de dervery eerst

2774 3378 2318 128 betaelen om de rekene te comen paenen iiseiers voorder

2769 3459 2286 105 tot ue dienst voorgevallen gelieft maer te onsmeden

2766 3560 2292 124 ick hebbe seer sehoon geriet en twijfele niet oft aesal

2759 3646 2321 95 beeter de biet nu hebben als int gepasseerde doch ick moete

2776 3724 2324 112 ue segghey dat de engelsche goederen daeghelijckx dierder in

2959 3801 2089 90 ier worden en de dat ue sich naer is venant wat gelieve
