5469 3931
438 50 982 191 London Daniell hays

1901 64 845 200 Ady 30 gbre 1715

533 183 2222 165 depuis la cher vre 20 gbre 1713 ie ne pray doirrne

497 309 2251 158 lhonneur vous escrire faute d'occasion le chaange

503 376 2132 184 estant tousjours si desavant agieux que je ny

508 492 2245 190 voyiois i cunne apparence du prefit presentien

520 607 2198 202 in appercevant que lon martque 338:1 is vours

518 774 2190 113 rgmette du 25 du  en cox  s £180

510 842 2231 147 sur Christoish toesthen priant le disednpster

512 1009 2186 109 et me remettre avec les s £ 2o de moe

457 1087 2233 164 l divident de la banque dont ie vous ay debr

490 1174 2174 185 la valeur pour ven que 'y soit prarans

478 1288 2194 214 pour les remises s les fonds suiseroient ie

526 1391 2117 174 serois bien incline dy faire employe mais

476 1516 2263 147 le change nous en retienne cependant si vois

494 1621 2172 226 prevoyez qu'ils pourroient baisser de

537 1730 2085 201 beaucoruss en se cas la vous m'obligeriez

497 1871 2192 178 avec un prompt advis pour prendre un

490 1955 2114 224 peu mes mesures a ladvenant ie vors

456 2089 905 199 salue t Lus

438 2187 2204 200 London scamenen Stockdale  Ady 5 xber 1715

1805 2324 168 96 6

474 2334 2199 182 Jay receu lhonneur de la vre 5 gbre et comme

474 2447 2189 175 ie suis sans auttres d'austant que les lettres du 29

496 2555 2213 186 nous sont parvenices ie doibt croire que n'avez

468 2671 2215 184 pen affienieer a me remettre cet met mes lettres

494 2788 2210 129 marquantes le change a ƒ37:9:8: a3. ie vicnne

485 2869 2231 162 vous prier done d'achepter trente piesces colchester

480 3023 2236 170 bayes a mon plus frand advantage possible

470 3132 2192 146 Scavoir 10 communnes 10dun pri 2 d312 p

450 3219 2174 148 davance et so pesces les plus enriduses et

481 3366 2257 158 supertinnet quil y'at a trouver il me faut

480 3476 2203 121 de la belle marchandise et bien conditionnée

482 3581 2237 156 vous les cenbaleres en un ballot en sembee

478 3671 2272 143 avec  cett on pour enveloppe mais proeurez

2812 79 2266 136 issy une bonne sorte envoyer le ballot pour

2809 188 2164 208 Rotterdam ie vous salue et suis. on marque

2816 306 2337 236 aussij que les louds publier sont coessiderable

2805 442 910 205 ment montel

2808 557 2219 160 Rotterdam Dionys verburgh Ady 5 xber 1715

2831 673 2331 234 conform ue aengenaeme 22 past. hebbe bebaelen

2812 794 2168 212 Ni9en 20 wel ontfangen ue gecrediteert voor

2818 896 685 173 doncosten 89:

3580 900 1565 230 Ick bidde mij van deen en dander

2805 1017 2119 191 mijnder rekeningen rekeue court te senden

2827 1130 2288 209 opt eynde vant jaer valter nat veel te does

2812 1257 2349 223 die can men husluyten naer cordalle groeteni

2797 1364 2258 230 en versoeck van addres voor den ingeleyden op

2810 1463 804 174 london Blijve

2788 1556 737 174 Mons Ande Aoust

3992 1536 958 203 Ady 2 xbre 1715

2797 1651 2333 188 Jay receu lhonneur de la vre 4 du cour hier le soir apres

2800 1769 2304 206 que le messager Jonaert ettoit parti et comme de n'ay

2793 1885 2332 171 payee le port que de Bruxelles ie m'imayine que ie

2808 1976 2276 219 y doibt estre et ne scayt pas peut estre que les bayes

2781 2091 2236 167 que m'avez ordonne p. vre precedente soht arrivees

2798 2183 2219 178 chet vous car ie n'ay manque a vous les envoyee

2790 2301 2186 177 p le premier messager comme ie vous ay te script

2792 2390 2369 193 scavoirdans au netit pacquet marque to le 29 gbre

2802 2475 2338 208 p messager Balles. 1l porte de change ƒ248: comme

2796 2586 2225 201 angied de la presente dont il vous plaira me

2780 2674 2408 220 crediter. ie ne manqueray pas non plus vous envoyee

2793 2820 2389 172 la baye superfinne de venter citt quiil me ferat

2799 2953 2154 116 possible scavoir p le premier messager quiil

2803 3053 2249 124 viendrat en ville. ie n'ay point des draps tiems

2809 3112 2294 166 presentement jamne in louge mais jespere den

2805 3228 2335 141 avoir bient opt eeause des diminue ons des drosbes

2792 3333 2246 172 d'entrees sur cette sorte des marchandses. mais

2784 3427 2332 152 sil vous fault d'aultre sorte des draps a Angleterre

2791 3519 2281 181 vs drapt noirs ou bleux draps d'hommes & j'en sis

2809 3655 2145 107 tres bien r de long temps ie p'ayt este

2808 3717 1196 136 nieux assrs ie suit
