5479 3943
422 89 2236 204 Mons JBapt Le Bleuw Ady 28 may 1715

523 188 2193 235 Jay bien receu en son temps la chere vre du 7 du cou

411 313 2305 185 en suitte aussi le pr de le mois du messoger jonaert

477 435 2145 151 les ƒ120:- de change comme vous aures hieup

468 534 2171 176 ma quittence quis vous en aura li vre Coytesso

473 622 2183 191 un &uu occupe et je n'ayt eu leloisir a vous faire

492 721 2216 213 responce plustost ie suis bienaize da prendre

463 861 2152 225 quid me viendres voir vous me seray le pres bien

430 1006 2206 142 I venudy et trouverez toutte sorte d'afortimernt

438 1057 2283 178 de long temps ie n'ayt este mieux asserte que ie

434 1194 2260 149 ne le suis dapresent mais ne faittez pas sond

454 1293 2244 213 que les mauufacures d'Angleter re dimmnent

407 1380 2235 193 'en prix ou diminneront si long temps que

417 1498 2169 189 nous aurons la paix delles ont este aultre fors

445 1616 2191 195 plus chaires quelles ne sont dapresent vous les

464 1722 2177 219 avez a raisonable prix et bien couvitionnées

444 1833 2177 199 si vous estez d'inttention a faire le voyage

472 1951 2165 218 ne tardez pas trop long temps cest pour le

440 2074 2289 231 present que trouvera le mellieur atsormment

458 2192 2194 176 et les mellieures couleures a la mode et la

468 2286 2007 168 mellieure marchandise les principaux

429 2402 2212 182 marchandt de vre ville ple sont veu vois

428 2472 2299 220 et put de ja acheme conne provision de toutte

459 2650 2231 159 laite. ie vous salue et suis vous asseurant

438 2788 2296 188 que ie ne manqueray pas a vous rendre coment

445 2852 1973 212 lors quil voous me plaira veuis voir

1874 2982 593 148 29 mey 1715

420 2995 1143 193 Cortrijck de wed: P goet gebier

464 3069 2184 162 der laeckens als ue bescent hebbe gisteren morgen p

476 3158 2210 204 waegens op gent aent addrisse van DH mechil bogaert

479 3270 2189 174 p' ordre van Dhr Ggrantgreffer ue toe gesonden in een

458 3327 2224 214 paxke gemenket  vernoepe de selfde ue wel selle

471 3427 2249 164 geworden ende naer ue contentement sullen wesen heer

443 3525 2292 151 londer heeft ue de facture als mede vant spaensch laeten

460 3611 2276 154 ende het engelsch roodt quaert ue int pasxke van mijn

487 3698 2245 139 roeder Pawel op 12 april laest toe geson den bedra

2842 87 2247 151 aende te saemen in wes ƒ618:17 ¼ oaergoererens mij

2850 201 2284 121 gelieft te crediteren ende in alle occasien leberte

2832 273 2290 167 commandeeren heet wenschende als deen va ue

2835 377 2312 214 calandisie te moogen onderhouden ende te vermeede

2845 500 2260 194 ren tot dien eynde en sal nogt iets van mijnen

2840 599 2251 175 cont ont recken de goederen sijn dierder in mijs

2851 706 2301 179 als ue bekent is cn staen noch dierdes te worden

2851 866 2274 152 waer pine men moet patientie hebben groete

2852 943 2220 194 ue mennelijck als mede mejoufieent greiyffer

2845 1043 1000 191 en blijve van herten

4307 1137 489 193 31 maij 1715

2784 1135 1320 206 Mons Guilliam Joseph maelle

2848 1280 2261 182 il ne me souveenent pas d'avoir eu de vos nouvelles je

2868 1360 2272 146 ne pait manner la raison pr quoy car il est un possibe

2858 1449 2276 129 qe vs sence t congteimgts sans tirer de marchandise beaucoup

2868 1543 2242 127 de vre ville ont tirer de tenins en temps quelq chose

2839 1623 2309 179 et pr le present re viennent voir ce pr quoy je ne trove

2853 1715 2286 194 pas mal a propos vs faire souvener de moy et adviser

2863 1809 2264 142 en mesme temps q je suis fournis de toute sort de

2844 1951 2309 146 nouv elle marchandise d'angleterre en esperance & ne

2866 2019 2250 202 dilayeray plus a faire un tous pr. ay il est vray  le

2860 2119 2280 187 tout generalement est un peu plus chare cependant

2840 2220 2251 186 op en doit avoir et je suis en estat vs le levrer asi

2851 2328 2287 187 peste prix q personne ne le pis faire et je ne ma

2831 2464 2332 185 quray jamains aux occasion jespee vs en avoir dont

2848 2537 2261 204 nir le preuve et q vs n'est jamaies mal trouve

2849 2636 2285 176 a les marchandises  jait ecu l'honneur vs ven

2846 2738 2287 214 de joyez asseure q u'aurez non plus jugit pril de

2837 2853 2254 176 venir pr plaindre vs priant de grace de continuer

2837 2968 2280 191 avec moy et de vouloir me faire quelq remet esse

2812 3084 2257 140 cela p attant l'honneur de vre repone je me det

4325 3193 518 136 9 Juny 1715

2765 3194 1191 187 Londen Jaacuwen en stockdaele

2821 3287 2292 151 lachere vre da mars mest rendice en son temps je n'ayt

2847 3395 2288 118 occasion vs y ffaire reponce plus toit les bas y pientionee me

2849 3443 2298 139 sont parvenue p ostende ensccette de vre advis jaytexam

2837 3520 2324 109 ni vos doars il ny a rien a dire ils sont chers ef ou de di

2830 3597 2215 123 laisne enfin on en doit debite fort peu les fabriques

2830 3681 2275 128 d'hollande et du pays de limboergh sur passent les vres

2810 3777 2205 92 en qualité et en rerise estant beaucoup plus vendable
