5479 3943
475 79 2279 186 puis donner moins de ƒ30:- blanches ou il en saila

486 152 2167 172 avoir des moindres dont s'en suis aussy fourui de

493 275 2227 187 vous ayt envoyée ce matin p messager Ballasnne

506 377 2211 183 rolle comenante les deux bayes blanches et la bause

504 489 2226 154 marque r portante en argent de change ƒ115:10

525 572 2219 192 dont il vous plaira me crediter ie vous envoyeray

496 668 2151 211 la rouge jau premier et si vous avez besoing

500 806 2123 221 d'aultre chse Soit flannelles 3 adges cayes

493 901 2209 228 deventer on draps ayez la bone me l'ordonner

507 1037 2247 185 de longes etringes ie n'ayt en plus bel assortiment

525 1130 2158 216 des butte sorte mais ie n'ay point des draps de

501 1215 2276 237 livree ils sont trop chers et viennent rophan

506 1370 2206 186 on ny voudroit plus mettre le prixesie vous

406 1501 896 193 salue et suis

458 1581 2274 250 Mons JBapt Le Bleur Ady 23 Auguisti 1715

601 1699 2175 190 ie vous envoye ce matin p mes sage Ballas pne

541 1836 2232 150 rolle marque EBLP. savec les deun pisscet smy

533 1939 2208 190 cariseis tientes inne cannelle et une couleureze

526 2038 2095 203 pcomp of 33: la piese ƒ66:- de change plus

536 2139 2101 179 belles vous nen avec jamais veu ni en Sil

559 2267 2185 168 vous en fault d'avaurage ou si vous en vouley

549 2388 2225 159 de mindre prix ie vous y puis servir de meme

559 2482 2187 133 vous n'avez qu me commander pour tout ce

554 2584 2099 226 quil soffre pour vre service estant tres bien

529 2693 2226 190 passortie pour te present generaclement de toutte

535 2761 2216 202 sortes des mansiracinres carisees draps detoir

529 2899 2199 222 prix bayes ordinaires et tinnes bayes deventer

525 2985 2170 244 flannells de 3a sarges. ayez la bonte faire

539 3131 2199 172 rendre lincluse at½ port et vous saluant ie me

578 3269 95 113 dh

1728 3240 1031 234 Adj 28 detort171

434 3250 876 229 mons Jdniot

428 3415 2345 129 Jay Bren receu lhonneur de la vos 22 du conr. avec

449 3494 2327 167 remise de ƒ500:- de change a foirs de veus surce

523 3608 2151 135 S Chaises haeck. ie lay presente. il m a dit

534 3712 2234 147 de laccepter et comme il est faiste ie ne rauray

2802 83 2363 182 que pour lundr. ie suis fortestonne que vous vou,

2811 186 2379 219 plaignes du drap dhomme ¼ a ƒ4:7 il ngapinte

2799 300 2226 160 d'abus. il me causte au blane en sincersre ƒ3:7

2802 441 2399 145 considerez l'apprest et la tienture pr. consequesce ie

2801 527 2412 220 quel profitt que y p  faire mons Bassecoure

2820 644 2214 192 me les a payes aultant de lefnnee passe

2822 770 2319 213 il vous faudroit de plus fint il y en a julquues

2812 887 2127 193 a 318 pr @1½ et bor pour son px

2843 1009 2315 188 d'aultant que les laitres soim cheres et touttes

2822 1112 2330 204 manifaetures jay receu quantite de nouvele

2808 1219 2271 207 marchandises d'Angleurre de toutte sorte

2815 1379 2262 145 det draps et prix e carisees et bayes et bayez

2816 1472 2196 162 de venter de plus finnes que vous en avez en

2810 1604 2336 138 sil 9 a quelque choze qu'ile l'effre pour vre service

2831 1696 2232 212 ayez la bontt meles commander croyez que

2828 1832 2305 220 pauray tous jours un soing particulier a vous cien

2806 1954 2410 163 servire voiey les eschantillions des draps couleure &

2821 2087 2277 143 d'espinne des diverlet couleures et prix ie vous

2805 2178 2175 192 prie d'en choisir en cas qui ils vous duisent

2824 2267 2208 190 et me les vouloir renvoyeer sur cela de me

2823 2388 2268 184 dit comme a vre chere espouze de touthe

2794 2515 612 171 la famille

2808 2587 2388 250 Aelst de wed Jillij van den heyndehe Ady 2 9e r171

2797 2752 2330 166 Ick hebbe mij voor desen deere noangegeven ue

2832 2886 2202 121 te schrijvengende mij te recommandeeren

2820 2983 2112 182 Ick en twjfele niet oft ue heeft satisfactie

2824 3086 2166 189 noopende de twee alste laekens ue in mey

2813 3189 2366 203 gelevert en sal aenleydnghe geven om meerder

2828 3299 2367 217 saemen te handelen  daer op considereerende

2795 3443 2077 154 dat op Ponsidereerende dat ue niet het

2829 3541 2333 164 aenstaente saisoen al wat sal noodigh hebbe

2854 3646 2240 143 coeme ue mij nett dienst preseteeren onde ue

2853 3751 2157 103 adviseere  ick voen alles sertimen
