5212 3978
388 68 2215 149 te saemen die reken eens te advisseeren inder

380 187 2156 168 minnen doordien wij te saemen continneellin

411 299 2116 159 dis put syn gebleven over efreurs hem meenigh

333 406 2245 183 =mael geschreven daer ick hem in rekeninge

411 513 1988 215 noeydt en hebbe voor willen crediteeren

456 598 2058 205 ick hebbe bij een vrindt in hollandt een

400 712 2112 211 assignagie in handen waer uyt gedestineert

392 814 2243 237 hadde hem te voldoen die is als noch onberaelt

424 951 2179 200 echter dit en geeft tot de saeke niet waeren

421 1059 2171 225 wij eens int salde der rekeninge ick en vinde

426 1180 1879 230 p reste maer op mijne boecken hem

394 1290 2151 195 1 competcerende hollents courant ƒ93:1iin

421 1395 2151 206 lanck geschreven dies ƒ 93:1 ue can mijne

430 1525 1835 195 brieven naer sien en soo als ick hebbe

399 1573 2217 309 gerepliceert moet het daer mede accordeeren

439 1750 2129 220 beh parait met allen plaisir en afsectie

442 1866 2162 165 ue te voldoen en selfs in alle u occasien diens

404 1980 2144 188 te bewijsen rick en ben geen persoon om

401 2084 2220 239 prandt in de weerelt te willen bedisprteeren

381 2215 2213 152 oft chrcapnes te soeken daer maght ue wel

393 2352 2198 158 sin gerust wesen. hebbe dat alleen laeten

411 2454 2218 189 sluyeren ofter occasie hadde voorgecoemen

416 2623 1943 148 dat wij maeh anderen hadden connen

418 2702 2179 177 spreken en verstaen want beijde op onte

384 2813 2094 189 opinie blijven en can niet wesen ue

389 2927 2223 187 heeft cominueel ets nour de Roy ten mij nen

439 3070 2135 157 huyse gesonden ditis geen werck van

412 3170 1915 187 een schipper ie ae te vreden met de

421 3312 2165 168 gemelde ƒ93:1 salte instantelijck doer tellen

434 3413 822 177 een van herten

2657 69 2261 160 Amsterd  Mo Rousseau Ady 23 Ang: 1714

2762 223 2221 164 ue aongenaeme van 17 en 20 courant hebbe

2756 311 2235 161 wel ontfangen. bedancke ue voor ue adviesen

2732 430 2233 146 n informatie. goot wille dns geven en in

2714 530 2199 177 alles bestieren naer sijn wel behaeghen

2724 637 2282 154 wij beleven wondere ende benauwde tijden

2725 781 2289 158 de doodt van de coninginne van Engelande

2704 892 2188 179 heeft ons meer als a costy en in Engelandt

2720 988 2284 193 geallarmeert men moet awaghten ende

2708 1111 2202 171 sien hoe de saeken hun sulen schicken

2723 1216 2218 160 men is niet meer capabel eenige mesures

2724 1324 2233 186 niet condement te tnemen voor brieven

2739 1433 2255 189 op parys alhier geen geldt om londen wort

2733 1532 2238 208 niyss gedaen costy banco heden 2 ¾ preto

2710 1676 2303 174 en niet te genst aende en derve niet tresolveeren

2722 1780 2278 191 alnoch af te geven: onte commissie wegens de

2757 1887 2244 197 walvis baerden blijft ue bevoelen gelieft daer

2728 2002 2267 172 in als voor eiygen te procederen can ue niet

2737 2150 2224 159 dese versenderinge iets tot advant aye op

2766 2229 1946 202 tijdt aentresfen mits ue my metst daer

2780 2338 2091 143 continueel op te doen iavigileeren sal my

2768 2491 2153 115 mede altyots aengenaem wesen london

2753 2573 2266 213 hebbe stef ƒ2 a £300 noodigh dogh oordeel

2736 2692 2125 185 laegher sal loopen ue gedaghten en

2783 2830 2130 177 wissel cours bidde my van post tot ppost

2780 2929 2196 175 te comminieeeren nevens ue goeden raet

2780 3061 708 140 en blijve

2684 3075 2238 244 Bruel Rousseau Ady d chrit 1714

2772 3260 2196 145 ie me refere a ma derniere du 8 du courant celle

2749 3362 2218 107 eu pour converte a linclus remise sir Jean deckmans

2775 3453 2028 131 de 200 de change quil mles vre la voulorr

2760 3561 2165 191 paycer quoy quelle n'est pas eschen en touttes

2759 3648 1947 200 occasions dis posez de moy qui suis
