5473 3922
443 54 2172 199 Brussel Jacomo Rousseau Ady 27 gber 1715

505 188 2252 178 Jay bien receu la chere vre 20 du cour. ie nayt souhard

552 348 2204 123 vous trop incommoder jay escript de nouve au

565 421 2174 134 van Schoors il me respondx ceiourdhor quil les

533 523 2186 133 acceptera tellement que ie vous prie d'avoir la

543 646 2208 200 bonte a les faire presenter. vous r'obligerez qui

524 751 490 157 A4 18

448 875 2001 185 Brussel michiel van schoorAdy 23 d

532 957 2191 166 tot antwoort op ue aengenaeme dato 25 deser de

518 1093 2182 117 Rousseau sal ue de briefkens presenteeren soo als

520 1211 2225 131 hem heden nu versoekee aengaende de reden die ue mij

510 1296 2195 167 schrijft en connen ue ten mijnen requarde niet

508 1401 2216 150 amdaratteeren: ick en vernegoneere die niet af selden

478 1514 2251 180 Dhr Rousseau myn vrindt is faciel genoegh en alst soude

504 1607 2256 175 geveuren dat ue de somme sust niet queet gereet en hadde

454 1717 2240 194 scken soude daer op noeydt sien maer men maecht

502 1806 2198 207 oock geernettaet waer van men can disponceren

502 1918 2251 154 ende dat is de reden dat ick ue versoeke wisselbrieven

501 2007 2219 191 te accepteeren weest verseekert dat ue in alle

498 2151 2227 188 occasien sal ondervinden dat ue met een eerlijck

495 2237 2174 161 man te doen heeft ende dat ue altijts geerne met

504 2351 2060 153 miy sult negotieeren ondertusschen heeft ue

478 2456 2198 168 eenigh gerief noodigh ick ben ten uytersten van

458 2571 2203 147 alle schoon sortiment van laekens en andere

476 2678 2175 173 goederen seer wel voorsien gelieft maer te

463 2786 910 164 commandeeren

431 2856 2219 190 Amsterdam franc. Rousseau Ady 28 d. 1715

481 2990 2273 196 beyde ue aengenaeme 3 en 25 court. hebbe wel ontfange

472 3110 2283 114 de tijden en comen voor de negotianten niet satulser

488 3188 2253 156 wesen ende dat van de stoullie moet een ider voor

501 3313 2221 150 swaere ranepen doen vreesen. is het in effeet soo

503 3453 2201 99 als men debiteert soo sijn veele te beclaeghen het is

518 3537 2233 125 eenen slagh des hemels. by de couchenille endierge

488 3594 2274 185 licke sal voor de by hebbende geavanceert worden

500 3699 2122 117 dogh de generaele negotie sal leyden ende de

2815 84 2323 139 spaensche in spagnien gedestrucert worden en eenen

2812 147 2329 139 anderen couts nemen als ue gelieft voor de brieven

2813 271 2371 145 op tiydt als voeren intestaen dan sal ick ue remitteere

2816 354 2339 165 en occasie waernemen niet pretendeerende dat

2801 466 2346 141 ue door gaents daer tegens soude trecken maer hadde

2817 561 2289 132 ue soo veel goetheydt gehadt voor het iiport van

2834 646 2277 191 het briefse van £ 500 de tmuler dat soude my

2801 754 2365 176 seer aengenaem geweest hebben en oock profitabil

2808 867 2344 178 1ot 3 hebbe e e verheeft 2 ½ preto geofveert

2805 987 2201 166 hoeger en cander voor mij niet verschieten

2800 1094 2348 183 soo dat veroblgeert ben malgre mog ue het selfden

2802 1190 2292 166 geaccepteert weder te senden ue oorsockende soo

2802 1309 2331 205 die weerde tot 2½ preto selfs contpecten aen my

2793 1416 2219 187 het te endorseeren en wederte senden get

2820 1504 2254 193 meerdere partye can ue die vinden voor ese

2858 1611 2218 193 wast min houste een cappitael te wienen dan

2894 1738 2178 174 het sijne tegenwoordigh te conmen bewaeren

2887 1814 2187 222 ende een intrestien te maeken want soo wel

2870 1948 2190 188 de wissels dan ande re coopmanschagpen gaen

2879 2031 2226 223 tegens opinie en het schijnt men wergeny

2898 2144 2147 195 can optrecken ten sij niet het geval dat voor

2894 2250 2235 180 een negoiant niet raestae is sich daer aen te

2891 2393 2046 114 risqueeren dogh ick geloove gegent het

2874 2463 2170 189 voorjaer veele soorten van goederen seer laegh

2886 2538 2115 201 sullen loopen soo het wegens de stotillie soo

2898 2674 2099 187 lesperalt uyt valdt ende in veele gewesten

2894 2811 2179 123 wederom oreaenen van banque roeten sich

2882 2863 2155 194 sulen verthoonen daer Godt aen ider voor

2882 3019 2278 110 behoeden wildt het werck in engelands doet

2879 3071 2231 206 veel menschen voor hunne esleeten becom=

2846 3210 2238 154 mert wesen verneme well geerne eens ue

2848 3275 2230 200 speculatie ende de oie diemen costij daer

2884 3394 1739 166 van leeft blijve maer groetenisse
