5444 3945
1122 92 60 63 com

422 90 2259 124 a ma fastisfacte et d'en ayez bon soi quel p a e

421 160 2236 182 a contradere tant pr le bayes q g les draps je trouve

401 269 2269 252 beaucoup de coudiires at fautes dans vos draps ce qui

416 367 2233 246 me cause beaudoup de d chagren et du toit mes

399 514 2230 208 me qlon me veu renvoyeir de p en fin il y en a

417 617 2260 278 quils sont tres miserables et point vendable as faitte

417 733 2196 279 tris mal a m'envoyeer telle marchandise ie suis

1931 878 570 189 2 april 1715

358 944 888 160 halle  vanden begl

403 990 1015 190 Mechelen  van Beec

532 1007 2097 221 en can niet naerlaeten uy te adviseeren dat ick alle

464 1144 2190 167 mijne versche goederen godt danck nie ontfangen, hebbe

486 1237 2191 223 daer onder alle soorten van gepersten en spaensche lau

455 1318 2192 285 eens op de couleure oock gelijck ue laest hier sijnde

442 1451 2203 258 mij gevraeght heeft is ser nu eets van ue diensts weest

430 1552 2240 239 verseckeert dat ue sijn gerief ne bij mij sal venden ende

454 1681 2226 251 dat ick sal trachten ue naer ue contentement ende

456 1807 1535 257 goeden coop te bedienen soo blijve

1818 1939 657 198 2 april 1715

429 1969 1118 190 Mechelen Jan Bertrams

505 2046 2142 209 en hebbe met desen vasten ue bemende noch niet

475 2155 2180 243 over gesien oft ue nu eenige engelsche laeckens

471 2256 2216 245 noodigh hadde soo coeme ue mijn dienst presenteere

470 2363 2207 208 en adviseeren dat seer schoone partije verschegoederen

487 2487 2198 203 ontfangen hebbe ende dat alst ue belieft dat ick ue

443 2592 2210 296 sal trechten beeter appassement gelst bij het voor

465 2704 2170 262 gaende te geven ende goeden coop te bedienen om

423 2807 2259 291 de kennisse te vermeederen ende te onderhouden

432 3012 834 183 sijnde van heeten

1884 3043 576 216 2 april 1715

411 3096 1134 196 halle Nicolas van den berae

467 3170 2213 262 Iee ben bleijde geweest uyt jaques de bree te verneme dat ue

472 3300 2209 163 en te beminde en J: ue dochter te saemen noch wel vae

466 3386 2211 164 de sijt de ƒ175:5 ½ wiss die hij mij voor ue neck getelt heeft

463 3491 2203 238 hebbe ick op de selve  gepasseert dieo ƒ 175:5 ½ ict

450 3599 2191 223 hadde al verwacht het geluek te hebbe van ue oft

2808 104 2275 101 met s: ue bemende heer te en dat even wel wille

2776 162 2304 179 hoepe int cort sal wesen sijnde het apartement

2791 263 2305 204 tal gereet tot ue logencht ende de versche goederen

2789 387 2267 187 m abondantie tot ue dienste gearriveert, soo schoo

2783 471 2296 211 ne moede couleure in alle sorte ven gepeiste

2781 582 2318 208 en spansche van alle prijse soo schoon als ue

2809 704 2226 279 oyt can gesien hebbe ick groete ue van herte

2787 820 1771 281 als mede mijn huysvrouwe blijve

2758 933 2223 253 ontrijck Elias Frundtgreyffer Ady 3 Ame 1715

2775 1137 2289 156 het is mij leedt te sien bij ue aengenaeme 30 pasoe

2780 1199 2271 243 dat mijne gesondene staelen aen f s. ue coeminde

2765 1323 2282 235 niet en agreeeren preceie op het stael dat ue mij

2781 1459 2163 162 sendt en can ick ue niet dienen verhoepe

2774 1563 2255 187 voor een andere occasie sal wesen synde altijdes

4551 1718 184 111 n  an 1

2791 1709 557 142 van herten

4153 1815 650 160 4 april 1715

2739 1803 1157 155 leetenisse ven cent verpoorten

2783 1900 2289 160 niet tegenstaende het malheur aen den wolder over

2805 2058 2275 155 gecoemen soo ist mij lijf geweest te verstaen dat godt

2766 2137 2258 181 ue gespaert ende ue huys en schuere bevrijt en ge

2786 2200 2203 250 salveert heeft met de generaele vergaederinge dieder

2812 2316 2233 223 gehouden sijn geweest hebbe iet ue verwacht om met

2781 2421 2259 177 ue eens te connen sprecken ick en weete niet wat

2781 2507 2254 180 ue magh hebben belet ten waere de doodt van ue

2777 2604 2286 228 huysvrouwe dat mij leet is geweest te vernemen en

2794 2736 2285 200 waer over ick ue den ho beclaege wenschende godt

2794 2843 2294 206 ue wille vertroosten gelijck ue miy beloeft heeft sonder

2776 2966 2316 177 manquement in mij te coemen betaelen soo en hebbe

2784 3079 2313 187 ue eerder niet willen vermaenen doch de geschoeten

2784 3196 2296 170 niet langer connende uyt gestelt worden die nu

2781 3270 2239 205 met het malheeer verdobbelt wesen. sijnde ƒ 3 wese

2769 3386 2313 222 p gemet voor den jaer 1714 ende extraordinaernie

2760 3495 2267 222 noch ƒ3 p gemet de in desen jaere contant te be

2771 3588 2298 205 taelen soo versoecke niet naer te laeten die mo

2784 3712 2316 166 vesionelijck te voldoen want p thier desermaentt
