5495 3943
538 106 2264 159 ben in groot verlangen naer de Engels ht brieven

540 189 2249 166 a costy arriveerende bidde my vande gevrelen

521 324 2220 171 die men daer van sal formeeren hemissete

550 454 2133 204 geven als mede hoe den cours der wissel

580 543 2160 160 sich derrewaerts sal reguleeren als mede

544 664 2202 190 wat d veyts van sprofijnt a speauleeren

575 774 2154 169 in wat negotie het soude moogen wesen

542 898 552 188 blijve

498 990 2278 237 Rotterdam Dionjs verburgh Ad1  Janu 1715

535 1129 2206 215 Ick hebbe ue van 13 en 25 xber laest te beaut

548 1247 2208 208 woorden: ue en doet my geen plaisir als ick

553 1352 2203 185 ue remitteere van over den hat te waghten

562 1493 2145 179 met parceelen te ontfangen daer en is

570 1604 2159 148 maer te ppotesteeren en weder tesenden

474 1750 2257 147 dat is j advantagienser en het gene ick ue

576 1813 1922 165 versoekein alle voor vallende occasien

571 1967 2202 170 o de wissel getourmeertick moete patientie

569 2054 2122 173 hebben maer ick hebbe door gaents het geljck

603 2172 2040 189 van te mistresten: ick versoeke ue re

557 2264 2208 194 waghten tot dat gwij de Engelsche brieven

560 2357 2196 219 becoemen ende dan te sien hoe sichde

543 2473 2241 182 wissel sal schicken en mijn intrest die aen

561 2575 2174 239 gaende als eygen waer te nemen. te

1746 2681 814 187 Adij 8 d 1716

462 2697 1043 214 Londres Daiell hays

545 2823 1782 206 Jay  lhonneur de la vre  gbre

2055 2822 658 193 r de m

582 2927 2186 198 Jayt este attendant remise pour les  £120:

584 3035 2211 166 ie vous prie le faire a mon plus grand advan

531 3150 2247 174 taeposible p ce quartier p hollande ie nele

523 3261 2260 154 soulaitte pas la cause u il fault courir le risque

511 3381 2273 135 de changement de change qu'il n'est presente

529 3511 2247 174 =ment que 2¾ a½ sor Amsterdam d'avinee ie

564 3589 2196 133 voudrais de tout mon ceu vous pouvois faire

546 3680 2190 154 profider une bonne provisions a cette f in de

453 3770 2183 88 y feray mes desvoirs mais ie vous prie aussy a

2869 114 2202 135 voulois prompt remettre aun occasions

2868 224 2298 133 autrement on perde plus ennitrest pre s'on

2866 314 2154 196 puis prefiter. les dernieres lettres de vos

2851 441 2301 157 cartiers marquent 37:544 ie vous souhait

2856 565 2131 158 toutte sorte die bonheur en cette nouvelle

2859 690 2105 196 Annel et beauours suivantes et me dit

2809 807 2224 197 Amsterdam Franck Rousseau Adj 9 Janue 1716

2845 958 2275 198 op 2 deser adviseerde ue het saldo moet wesen £30:151 ½

2831 1078 2236 167 reden daer bij geallegueert niet twijfelende oft ue

2820 1207 2278 159 sal het soo conform hebben verandert dit is het gene

2830 1322 2290 147 ue in antwoort op ue aengenaeme van sehfden dato

2845 1418 2151 140 moete melden ende dat te vreden ben de £1000:-

2844 1539 2296 147 in banco voor in op de selfde conditie te prolongeeree

2820 1630 2290 122 hebbende die aengeteskent ofp 13 Augiusti tochoen

2824 1706 2044 148 mende voor de rest refeerere mij aen mijnen

2833 1832 2278 160 boven gemelde en recommandeere alle occasien

2842 1897 2316 170 van profijdt te willen waernemen ue gedaghten

2822 2021 2049 166 noopende de wisselop london sien te gmo

2839 2091 2217 185 werrewaerts ue noteerde ƒ33:6 andereƒ 35:4 als

2838 2201 2247 163 ue die opt laeghste soude oordeelen ende daertegens

2834 2303 2258 186 connen trecken de weerde tot gevantague dan soude

2842 2394 2255 180 ue mij wel £6 a £500: s moogen fous nieren

2845 2553 2243 105 n de speculatie van die hier in te trecken ende 2

2835 2623 2287 161 a 3 penningen te connen avanceeren on dat hier

2846 2727 2314 163 als oos met het vooraer derre waerts brieven noodigh

2840 2814 2311 182 sijn ende dat wij op deen oft dandere maniere

2844 2930 2229 164 onse correspondentie sond en traghten te onder

2834 3038 2333 165 houden en van wat meer wet redenaehen op parijs

2824 3159 2344 138 soude men boven de 38 gelot vinden alm london

2843 3232 2215 149 brieven 536:6 dogh weynigh geldt co banco 2¼

2844 3308 1181 169 courantt l aus. by de

2824 3421 2316 153 a sue niet in aeuige wissels een avedent advance te

2826 3535 2075 131 gemoet ue magh altidts sonder particuliere oft

2809 3614 2323 130 voordere ordras voor mij de weerde van £1000:-banco

2817 3724 2101 107 employeeren en trecken dit is eens voor al tot ue

2834 3802 756 65 naersight
