5420 3947
410 115 2272 115 wilen naer laeten afte geven nochte ue sonder sonde

406 183 2225 177 te laeten op dat ue deen occasie van protijdt en

413 302 2260 160 soude laeten voor bij gaen die costin mij 48 prind

413 390 2128 238 sijnde op morgen vallende als op Abraham

402 515 2208 219 Muystaerts rusados 1600 a 50¼ banco £335:-:

418 634 2136 181 en op Paeter Janssen van uyden tot hoorn

411 749 2278 210 in Amsterdam addres weynant van Cloppenburgh

426 845 2159 198 Cruseedos 200 a 50¾ banco £251:5:- waer

441 952 2113 215 voerent het noodigh belieft te besorghen te

380 1094 2257 206 crediteeren en mij tegens op tijdt met advance

437 1208 2134 173 de remitteeren de wissel soo hoogh sijnde

426 1303 2254 161 en derve mij niet verder int alaeven engegeeren

664 1424 173 86 eb

417 1409 2172 199 dat ue soude connen aentressen en heeft ue

421 1530 1419 172 maer te trecken  blijve

1823 1626 746 140 28 meert 1717

374 1658 902 156 Brusselle J: tas

439 1729 2225 237 toe vehoege ue goet te tous sende ue engesloete de

437 1822 2240 267 facture van het paxke conform ue ordre gisteren

423 1966 2245 245 scheep gedaen gemerckto dat verhoegie dat ue wel

1141 2092 282 112 dat alles

414 2078 2257 274 tal geworden en l naer ue contensement sal wesen

427 2190 2223 255 hier onder de facure bedraeghente in wisselgelde

421 2320 2201 208 ƒ637:3 waer voerens mij gelieft te crediteeren

402 2437 2063 212 mits sien dat ue sedert den jaere my geene

386 2565 2280 206 Rekert cour en hebbe gesonden soo heeft ue die

419 2677 2074 188 mede hier ingesloeten  op dat ue eens soude

410 2781 2266 208 naersien oft dat wij in alle partyes d'accord gaen

392 2898 2295 196 p salde der selve coemt mij tot dato heden £361:4:3

420 3024 2246 196 vlaems wisselgelde alst ue sal connen geleegen

431 3144 2209 158 coemen versoeke vrindelijck mij permitteeren ien

420 3246 2183 160 oprck ues te trecken ende in alles dat ue dienst

431 3353 2232 153 can voorvallen sal ue traghten wel te bedienen

417 3456 2134 177 ende de oude kennisse te onderhouden die

406 3607 1170 187 blijve van herte

3970 114 880 142 primo april 1715

2737 85 943 157 Amsterdam S. rousseau

2787 199 2280 171 voor deden post remitteerde ue banco £335 op abraham

2790 326 2260 166 meyssers en £251:5 addres wijnant cloppes bierghever

2782 445 2254 150 trouwe ue wel sijn ter hant gecoemen verwonderende

2782 502 2277 172 mij dien aengaende ue advies niet te hebben redine

2786 621 2277 156 ue desere ad vermits ue largo ordr geven

2780 774 2278 142 hebben om te trecken voort gene ue meeder soude son

2756 840 2285 220 nen remitteeren als bij ul sal te goet hebben soo en

2738 954 2322 167 hebbe heden niets afgegeven te meer siende van costij

2766 1080 2292 176 maer 4¼ p af coemt en hier onder de 43 niets te doen

2777 1201 2284 196 wat ende dat noch voor breeven op eenige daeen

2742 1348 944 199 sicht oft dato blijve

4231 1418 701 208 1 april 1715

2725 1478 1303 153 Rotterdam Diouijs verbugh

2780 1550 2290 207 ben tot noch toe verwachtende ue antwoort op en

2771 1674 2299 206 nen laesten 25 pas noopende de gereguereerde at

2769 1756 2282 189 restatie onder engelsche wollen handelaers dese

2778 1861 2286 209 om ue kennisse te geven dat p john foster van hiel

2786 1990 2275 225 afgeschept hebbe 1 balle &N7 met 77 noortsche car

2777 2124 2277 232 seien ider carsey op an6 gereducert  £95:10:8 die

2786 2235 2272 170 verhoegie voor ontfanck deser bij ue met ods pati

2800 2353 2237 213 wel gearrivert sal wesen ue gelieve dan het selve

2786 2467 2189 248 mij p eersten toe te senden ende den ingesloeter

2788 2604 1400 193 voortganck te geven en blijve

4195 2656 717 177 1 april 1715

2731 2737 996 208 Leeds Will can Cockson

2787 2838 2277 243 ferpere que ma derniern de 23 du passe vs sera

2780 2953 2292 178 bien parvenice avec ma re mes de l 140:8:6 su

2762 3097 2287 205 edward frouwd 23 mars 2 ie sence faute cy incluse

2756 3208 2297 174 la te condes jay receu depuis lhonneur de la chere

2944 3342 74 69 16

2756 3325 2224 160 vre 23 mais avec le connossemet du ballot de

2745 3402 2213 223 carsas & N7 charg dant le vaisseau John oster

4921 3541 142 81 ae

2756 3546 2300 183 jespere quil arrevera bien pr la grace du serg

2731 3653 2242 161 pr la reste de mon ordre tache de l'accomples
