5259 3975
334 87 2261 187 fait a la debite de vos manufactures car ce change

324 200 2208 165 =ment est venu tout d'n coup et presentement

333 314 2152 209 si hault quil n'at este de memoire dhomme

350 462 1977 174 2 usence3:1 a 2  cela augmente ou

376 525 2159 242 cominue ie n'ordonneray plus une piesce des

372 625 2211 271 marchandises car cs'est travailler sans profit

408 773 2110 217 ie tacheray ciro possible vous fourni ce que

373 886 2147 227 ie vous seray fredevable et nous solderons

349 1011 2235 195 nre compte apres que ces ballots seront arrivées

381 1118 2193 253 pr la graces du lergneur. ie vous salue et suis

258 1254 2346 314 Mons defanme det de ortt Adj 27 brer171

379 1433 2165 211 Je vois p l'honneur de la chere vre du 24 du

327 1559 2258 197 court & absence de mons. vre etpoux apoire

330 1654 2232 227 =ment quil sera part pour caris comme

369 1801 2169 168 il m'at escript foultre p les cartes d'eschant

378 1933 2226 155 villions que me renvoyers que vous en avez

368 2041 2194 229 fait choin de dept pi esces 1y marques dont

349 2224 2176 120 vous me faittez offfre de 2pattars moins

370 2290 2181 248 que ie ne les ay marqueey sers cela ie vous

386 2442 2153 203 diray que ie ne suis pas accoustamee de

386 2562 2200 165 marquer le propaultre qu'il ne doibt estre

408 2738 2202 108 de plus s'il ne seroit pont en consideration

394 2801 2229 179 de lamitie que i'asssenvers mons. vre espoux

369 2921 2049 228 que ie ne voudrois pas de faire et voss

337 3027 2258 213 laisser le choin re quatses ballots pour sopt

404 3143 2106 194 piesces des draps si vous me toudriez

355 3280 2187 184 donner un eschellin p. d davantage que

355 3431 2269 133 ne m'en faittez offre sie tacheray vous accom=

267 3523 2330 185 moder pour les bayes carisees et flannelles

371 3652 2180 124 dont tvous me faittes mention mais on

383 3774 2158 94 ou haitt ant pas des disputes 10 apres ie voors

2664 83 2336 196 me plaira faire respone si en soyez coutn

2667 197 2269 194 sef du prix cito possible du la mienne receu

2679 355 2255 221 ie ploutrois vous l' envoyeer encor samedy

2702 469 2181 254 pour la barque pour Bruxelles ayez la

2689 619 2175 236 conte de consider que les marchandses

2702 759 2288 180 sont bien angment ces en prix et aussy que

2707 891 2216 239 ie ne vous demande pas d'avantage que

2711 1013 2130 181 ene les vende aur marchandsie nre

2698 1202 2105 142 ville. en casquils vous dursent vre

2706 1278 2195 179 remise d ƒ600:- storins ne sera res

2703 1409 2075 199 agreable vous asseuratt que ie suis et

2677 1536 1404 196 feray tousjours en Autts

2650 1639 2214 242 Brussel M. De PauwAy 25 sber 1714

2670 1780 2311 191 voorleden saterdagh hebbe ue p Berstschis

2711 1902 2320 198 geaddresseert een pack gensorcht EBns voor

2674 2030 2084 228 rekene en pordie van mons Jacques

2685 2172 2190 208 Bascourt van Berghen. ick verhoope het

2679 2326 2348 121 helfde voor nu wel by ue sal sijn gearriveert

2692 2380 2336 239 ende dat de Bas court ue de noodighe sorgie

2739 2518 2274 219 en ordre sal hebben gelaeten van d'pexke

2702 2676 2254 171 hem soo haest moogelijck te expedieeren

2697 2797 2070 181 by faute van dien coeme ue het selfde

2675 2857 2357 261 vrindelijck versoeken en recommandeeren

2724 3011 1088 216 sijnde van hert en

2648 3130 2258 218 Rotterdam DE verburgh Ady 27 sber 1714

2708 3276 2233 211 ue drij aengenaeme 7 ½ 11 ½ an 24 deser vinde te

2670 3393 2217 227 beantwoorden voor d'oncosten opt pack uyt

2689 3508 2204 226 Ronvelandson hebbe ue conform gecrediteert

2685 3637 2170 172 ƒ 82:- sijnde wel ue het erreur in de voorige

2702 3763 2241 115 vraght sal redresseeren, soo dra den schipper
