<?xml version="1.0" encoding="UTF-8"?>
<alto xmlns:xsi="http://www.w3.org/2001/XMLSchema-instance"
      xmlns="http://www.loc.gov/standards/alto/ns-v4#"
      xmlns:page="http://schema.primaresearch.org/PAGE/gts/pagecontent/2013-07-15"
      xsi:schemaLocation="http://www.loc.gov/standards/alto/ns-v4# https://www.loc.gov/standards/alto/v4/alto.xsd">
   <Description>
      <MeasurementUnit>pixel</MeasurementUnit>
      <OCRProcessing ID="IdOcr">
         <ocrProcessingStep>
            <processingDateTime>2022-02-11T21:33:00.086+01:00</processingDateTime>
            <processingSoftware>
               <softwareCreator>READ COOP</softwareCreator>
               <softwareName>Transkribus</softwareName>
            </processingSoftware>
         </ocrProcessingStep>
      </OCRProcessing>
   </Description>
   <Layout>
      <Page ID="Page1" PHYSICAL_IMG_NR="1" HEIGHT="4009" WIDTH="5030">
         <TopMargin HEIGHT="0" WIDTH="5030" VPOS="0" HPOS="0"/>
         <LeftMargin HEIGHT="4009" WIDTH="0" VPOS="0" HPOS="0"/>
         <RightMargin HEIGHT="4009" WIDTH="0" VPOS="0" HPOS="5030"/>
         <BottomMargin HEIGHT="0" WIDTH="5030" VPOS="4009" HPOS="0"/>
         <PrintSpace HEIGHT="4009" WIDTH="5030" VPOS="0" HPOS="0">
            <TextBlock ID="region_1637767995186_844"
                       HEIGHT="3804"
                       WIDTH="2259"
                       VPOS="68"
                       HPOS="227">
               <Shape>
                  <Polygon POINTS="227,68 2486,68 2486,3872 227,3872"/>
               </Shape>
               <TextLine ID="region_1637767995186_844l1"
                         BASELINE="366,184 468,184 570,182 672,182 774,181 876,180 978,180 1080,180 1182,178 1284,178 1387,178 1489,178 1591,178 1693,178 1795,180 1897,180 1999,182 2101,184 2203,186 2305,188 2408,192"
                         HEIGHT="141"
                         WIDTH="2070"
                         VPOS="99"
                         HPOS="351">
                  <String ID="string_region_1637767995186_844l1"
                          HEIGHT="141"
                          WIDTH="2070"
                          VPOS="99"
                          HPOS="351"
                          CONTENT="profijt nj e enden sijne gedacnten te laeten toe"/>
               </TextLine>
               <TextLine ID="region_1637767995186_844l2"
                         BASELINE="406,296 508,294 610,292 712,290 815,286 917,284 1019,282 1122,280 1224,278 1326,276 1429,274 1531,273 1633,272 1735,272 1838,274 1940,276 2042,278 2145,281 2247,286 2349,290 2452,296"
                         HEIGHT="198"
                         WIDTH="2076"
                         VPOS="175"
                         HPOS="391">
                  <String ID="string_region_1637767995186_844l2"
                          HEIGHT="198"
                          WIDTH="2076"
                          VPOS="175"
                          HPOS="391"
                          CONTENT="coemen soo als met voorgaende ue noch mael heb"/>
               </TextLine>
               <TextLine ID="region_1637767995186_844l3"
                         BASELINE="392,410 433,406 475,402 517,398 559,395 601,394 642,392 684,390 726,388 768,388 810,386 851,386 893,384 935,382 977,380 1019,378 1060,376 1102,372 1144,368 1186,365 1228,360"
                         HEIGHT="176"
                         WIDTH="868"
                         VPOS="275"
                         HPOS="374">
                  <String ID="string_region_1637767995186_844l3"
                          HEIGHT="176"
                          WIDTH="868"
                          VPOS="275"
                          HPOS="374"
                          CONTENT="sokx ben versocht"/>
               </TextLine>
               <TextLine ID="region_1637767995186_844l4"
                         BASELINE="1756,448 1782,446 1808,444 1834,442 1860,442 1886,441 1912,440 1938,440 1964,439 1990,438 2016,436"
                         HEIGHT="135"
                         WIDTH="291"
                         VPOS="374"
                         HPOS="1741">
                  <String ID="string_region_1637767995186_844l4"
                          HEIGHT="135"
                          WIDTH="291"
                          VPOS="374"
                          HPOS="1741"
                          CONTENT="18 mey"/>
               </TextLine>
               <TextLine ID="region_1637767995186_844l5"
                         BASELINE="282,516 331,516 381,514 431,514 481,512 531,510 580,509 630,507 680,504 730,502 780,500 829,498 879,496 929,495 979,492 1029,490 1078,488 1128,487 1178,486 1228,485 1278,484"
                         HEIGHT="171"
                         WIDTH="1028"
                         VPOS="379"
                         HPOS="264">
                  <String ID="string_region_1637767995186_844l5"
                          HEIGHT="171"
                          WIDTH="1028"
                          VPOS="379"
                          HPOS="264"
                          CONTENT="Mons Ricolas de hauckin"/>
               </TextLine>
               <TextLine ID="region_1637767995186_844l6"
                         BASELINE="384,612 488,608 593,602 697,598 802,593 906,588 1011,582 1115,576 1220,571 1324,564 1429,560 1533,554 1638,550 1742,546 1847,541 1951,538 2056,536 2160,534 2265,532 2369,532 2474,534"
                         HEIGHT="231"
                         WIDTH="2120"
                         VPOS="459"
                         HPOS="366">
                  <String ID="string_region_1637767995186_844l6"
                          HEIGHT="231"
                          WIDTH="2120"
                          VPOS="459"
                          HPOS="366"
                          CONTENT="pr reponce a lhonneur de la vre du 4 du court mons"/>
               </TextLine>
               <TextLine ID="region_1637767995186_844l7"
                         BASELINE="412,704 512,702 613,698 713,695 814,690 914,686 1015,681 1115,676 1216,670 1316,665 1417,660 1517,654 1618,648 1718,643 1819,639 1919,634 2020,630 2120,626 2221,623 2321,620 2422,618"
                         HEIGHT="212"
                         WIDTH="2041"
                         VPOS="536"
                         HPOS="397">
                  <String ID="string_region_1637767995186_844l7"
                          HEIGHT="212"
                          WIDTH="2041"
                          VPOS="536"
                          HPOS="397"
                          CONTENT="charles haecke at acceptee la lettre a sa charge "/>
               </TextLine>
               <TextLine ID="region_1637767995186_844l8"
                         BASELINE="426,784 525,786 624,786 724,786 823,784 923,782 1022,778 1121,774 1221,770 1320,765 1420,760 1519,756 1618,751 1718,746 1817,742 1917,738 2016,734 2115,732 2215,730 2314,728 2414,728"
                         HEIGHT="220"
                         WIDTH="2014"
                         VPOS="636"
                         HPOS="412">
                  <String ID="string_region_1637767995186_844l8"
                          HEIGHT="220"
                          WIDTH="2014"
                          VPOS="636"
                          HPOS="412"
                          CONTENT="m'avez remis de £200 de change en son temps jen "/>
               </TextLine>
               <TextLine ID="region_1637767995186_844l9"
                         BASELINE="404,888 504,886 605,885 706,883 806,880 907,877 1008,874 1108,868 1209,864 1310,860 1411,856 1511,851 1612,848 1713,843 1813,840 1914,836 2015,834 2115,832 2216,830 2317,830 2418,830"
                         HEIGHT="217"
                         WIDTH="2043"
                         VPOS="734"
                         HPOS="389">
                  <String ID="string_region_1637767995186_844l9"
                          HEIGHT="217"
                          WIDTH="2043"
                          VPOS="734"
                          HPOS="389"
                          CONTENT="procureray le necessaire j'ay des affaires avec le "/>
               </TextLine>
               <TextLine ID="region_1637767995186_844l10"
                         BASELINE="418,984 520,984 622,984 724,982 826,978 929,975 1031,970 1133,966 1235,962 1337,956 1440,951 1542,946 1644,941 1746,937 1848,932 1951,930 2053,926 2155,926 2257,924 2359,926 2462,928"
                         HEIGHT="171"
                         WIDTH="2074"
                         VPOS="837"
                         HPOS="403">
                  <String ID="string_region_1637767995186_844l10"
                          HEIGHT="171"
                          WIDTH="2074"
                          VPOS="837"
                          HPOS="403"
                          CONTENT="tinturier in crogable il pretend sr vos 2 dernieres"/>
               </TextLine>
               <TextLine ID="region_1637767995186_844l11"
                         BASELINE="400,1094 501,1090 602,1087 703,1082 805,1078 906,1072 1007,1068 1109,1062 1210,1056 1311,1052 1413,1046 1514,1040 1615,1036 1716,1030 1818,1026 1919,1022 2020,1018 2122,1014 2223,1012 2324,1010 2426,1008"
                         HEIGHT="215"
                         WIDTH="2059"
                         VPOS="927"
                         HPOS="383">
                  <String ID="string_region_1637767995186_844l11"
                          HEIGHT="215"
                          WIDTH="2059"
                          VPOS="927"
                          HPOS="383"
                          CONTENT="p de serges ƒ20 p  et je ne luyveu payer q ƒ20"/>
               </TextLine>
               <TextLine ID="region_1637767995186_844l12"
                         BASELINE="428,1188 530,1185 632,1182 734,1177 837,1172 939,1167 1041,1162 1144,1157 1246,1151 1348,1145 1451,1140 1553,1134 1655,1129 1757,1125 1860,1120 1962,1116 2064,1112 2167,1110 2269,1108 2371,1106 2474,1106"
                         HEIGHT="253"
                         WIDTH="2078"
                         VPOS="1014"
                         HPOS="411">
                  <String ID="string_region_1637767995186_844l12"
                          HEIGHT="253"
                          WIDTH="2078"
                          VPOS="1014"
                          HPOS="411"
                          CONTENT="ensemble il est vray q du passe je les ay fait passer"/>
               </TextLine>
               <TextLine ID="region_1637767995186_844l13"
                         BASELINE="416,1298 518,1294 621,1290 724,1286 827,1280 930,1276 1033,1270 1136,1265 1239,1260 1342,1254 1445,1250 1547,1245 1650,1241 1753,1238 1856,1234 1959,1232 2062,1230 2165,1230 2268,1232 2371,1233 2474,1236"
                         HEIGHT="239"
                         WIDTH="2088"
                         VPOS="1136"
                         HPOS="400">
                  <String ID="string_region_1637767995186_844l13"
                          HEIGHT="239"
                          WIDTH="2088"
                          VPOS="1136"
                          HPOS="400"
                          CONTENT="pr v p mais a lafin je vois q jay toit carces sont"/>
               </TextLine>
               <TextLine ID="region_1637767995186_844l14"
                         BASELINE="444,1400 543,1397 642,1394 741,1392 840,1388 939,1384 1038,1378 1137,1374 1236,1369 1335,1364 1435,1359 1534,1354 1633,1348 1732,1344 1831,1340 1930,1336 2029,1333 2128,1331 2227,1329 2326,1328 2426,1328"
                         HEIGHT="229"
                         WIDTH="2014"
                         VPOS="1217"
                         HPOS="427">
                  <String ID="string_region_1637767995186_844l14"
                          HEIGHT="229"
                          WIDTH="2014"
                          VPOS="1217"
                          HPOS="427"
                          CONTENT="2 p entieres et en consiince l'ondoit rendre un"/>
               </TextLine>
               <TextLine ID="region_1637767995186_844l15"
                         BASELINE="442,1514 541,1510 641,1505 740,1500 840,1494 939,1488 1039,1481 1138,1475 1238,1469 1337,1464 1437,1458 1536,1452 1636,1448 1735,1444 1835,1441 1934,1438 2034,1437 2133,1436 2233,1436 2332,1438 2432,1442"
                         HEIGHT="234"
                         WIDTH="2016"
                         VPOS="1327"
                         HPOS="427">
                  <String ID="string_region_1637767995186_844l15"
                          HEIGHT="234"
                          WIDTH="2016"
                          VPOS="1327"
                          HPOS="427"
                          CONTENT="chagg un e quil luy t deu je tacheray de mai"/>
               </TextLine>
               <TextLine ID="region_1637767995186_844l16"
                         BASELINE="430,1604 530,1606 630,1604 730,1603 831,1600 931,1596 1031,1590 1132,1584 1232,1580 1332,1574 1433,1568 1533,1562 1633,1558 1733,1552 1834,1549 1934,1546 2034,1544 2135,1544 2235,1546 2335,1550 2436,1556"
                         HEIGHT="200"
                         WIDTH="2033"
                         VPOS="1447"
                         HPOS="415">
                  <String ID="string_region_1637767995186_844l16"
                          HEIGHT="200"
                          WIDTH="2033"
                          VPOS="1447"
                          HPOS="415"
                          CONTENT="commoder avec luy au iieux possible mais doris"/>
               </TextLine>
               <TextLine ID="region_1637767995186_844l17"
                         BASELINE="422,1692 523,1696 625,1698 727,1698 829,1696 931,1694 1032,1690 1134,1686 1236,1680 1338,1674 1440,1669 1541,1664 1643,1659 1745,1654 1847,1650 1949,1648 2050,1648 2152,1648 2254,1650 2356,1654 2458,1662"
                         HEIGHT="193"
                         WIDTH="2060"
                         VPOS="1577"
                         HPOS="408">
                  <String ID="string_region_1637767995186_844l17"
                          HEIGHT="193"
                          WIDTH="2060"
                          VPOS="1577"
                          HPOS="408"
                          CONTENT="nevant vs devrez payéer pr dhacque p 25 prvre"/>
               </TextLine>
               <TextLine ID="region_1637767995186_844l18"
                         BASELINE="440,1800 542,1800 644,1800 746,1798 848,1795 950,1792 1052,1787 1154,1782 1256,1778 1358,1774 1461,1769 1563,1765 1665,1761 1767,1758 1869,1756 1971,1754 2073,1754 2175,1755 2277,1758 2379,1761 2482,1768"
                         HEIGHT="223"
                         WIDTH="2073"
                         VPOS="1666"
                         HPOS="425">
                  <String ID="string_region_1637767995186_844l18"
                          HEIGHT="223"
                          WIDTH="2073"
                          VPOS="1666"
                          HPOS="425"
                          CONTENT="govene au regurd des manufactures vs en tirez plus "/>
               </TextLine>
               <TextLine ID="region_1637767995186_844l19"
                         BASELINE="418,1910 520,1917 623,1920 725,1920 828,1920 931,1917 1033,1912 1136,1908 1238,1902 1341,1896 1444,1889 1546,1884 1649,1877 1751,1872 1854,1868 1957,1865 2059,1864 2162,1865 2264,1868 2367,1874 2470,1882"
                         HEIGHT="179"
                         WIDTH="2085"
                         VPOS="1777"
                         HPOS="400">
                  <String ID="string_region_1637767995186_844l19"
                          HEIGHT="179"
                          WIDTH="2085"
                          VPOS="1777"
                          HPOS="400"
                          CONTENT="d'iun autre endroit  dacy iet pr consequence vs pouvez"/>
               </TextLine>
               <TextLine ID="region_1637767995186_844l20"
                         BASELINE="458,2004 558,2013 659,2016 760,2020 861,2020 962,2020 1062,2017 1163,2013 1264,2008 1365,2003 1466,1996 1566,1990 1667,1986 1768,1980 1869,1976 1970,1974 2070,1972 2171,1974 2272,1976 2373,1981 2474,1990"
                         HEIGHT="154"
                         WIDTH="2045"
                         VPOS="1869"
                         HPOS="443">
                  <String ID="string_region_1637767995186_844l20"
                          HEIGHT="154"
                          WIDTH="2045"
                          VPOS="1869"
                          HPOS="443"
                          CONTENT="bien jayer quelles sont encturies et de beaucoup mes p"/>
               </TextLine>
               <TextLine ID="region_1637767995186_844l21"
                         BASELINE="454,2104 551,2112 648,2118 745,2124 842,2126 939,2126 1036,2124 1133,2122 1230,2120 1327,2116 1425,2111 1522,2106 1619,2102 1716,2098 1813,2094 1910,2092 2007,2090 2104,2090 2201,2092 2298,2096 2396,2102"
                         HEIGHT="135"
                         WIDTH="1970"
                         VPOS="2008"
                         HPOS="440">
                  <String ID="string_region_1637767995186_844l21"
                          HEIGHT="135"
                          WIDTH="1970"
                          VPOS="2008"
                          HPOS="440"
                          CONTENT="non obstant je vs liveray des draps commiens tres"/>
               </TextLine>
               <TextLine ID="region_1637767995186_844l22"
                         BASELINE="2212,2146 2237,2148 2262,2149 2288,2152 2313,2154 2339,2155 2364,2157 2389,2158 2415,2160 2440,2162 2466,2164"
                         HEIGHT="116"
                         WIDTH="286"
                         VPOS="2097"
                         HPOS="2197">
                  <String ID="string_region_1637767995186_844l22"
                          HEIGHT="116"
                          WIDTH="286"
                          VPOS="2097"
                          HPOS="2197"
                          CONTENT="merville "/>
               </TextLine>
               <TextLine ID="region_1637767995186_844l23"
                         BASELINE="462,2210 558,2216 654,2220 750,2223 846,2224 943,2224 1039,2222 1135,2219 1231,2216 1327,2212 1424,2208 1520,2204 1616,2200 1712,2196 1808,2194 1905,2192 2001,2192 2097,2192 2193,2195 2289,2199 2386,2206"
                         HEIGHT="165"
                         WIDTH="1954"
                         VPOS="2109"
                         HPOS="446">
                  <String ID="string_region_1637767995186_844l23"
                          HEIGHT="165"
                          WIDTH="1954"
                          VPOS="2109"
                          HPOS="446"
                          CONTENT="bons et beaues de touttes sorte de couleures a ver"/>
               </TextLine>
               <TextLine ID="region_1637767995186_844l24"
                         BASELINE="462,2324 560,2328 658,2330 756,2330 854,2330 952,2328 1050,2327 1148,2324 1246,2322 1344,2318 1442,2316 1540,2312 1638,2310 1736,2306 1834,2304 1932,2303 2030,2302 2128,2302 2226,2302 2324,2304 2422,2308"
                         HEIGHT="180"
                         WIDTH="1988"
                         VPOS="2211"
                         HPOS="448">
                  <String ID="string_region_1637767995186_844l24"
                          HEIGHT="180"
                          WIDTH="1988"
                          VPOS="2211"
                          HPOS="448"
                          CONTENT="lle a un escu de nre aulne jen suis tres bien "/>
               </TextLine>
               <TextLine ID="region_1637767995186_844l25"
                         BASELINE="438,2438 535,2438 633,2436 730,2434 828,2431 926,2429 1023,2426 1121,2424 1218,2421 1316,2418 1414,2416 1511,2413 1609,2410 1706,2408 1804,2406 1902,2404 1999,2402 2097,2402 2194,2400 2292,2400 2390,2400"
                         HEIGHT="202"
                         WIDTH="1983"
                         VPOS="2308"
                         HPOS="422">
                  <String ID="string_region_1637767995186_844l25"
                          HEIGHT="202"
                          WIDTH="1983"
                          VPOS="2308"
                          HPOS="422"
                          CONTENT="baeme si vs en avez besoing aussij de 9  10 mais"/>
               </TextLine>
               <TextLine ID="region_1637767995186_844l26"
                         BASELINE="430,2560 531,2554 633,2549 735,2544 837,2540 939,2536 1040,2532 1142,2530 1244,2526 1346,2524 1448,2522 1549,2520 1651,2520 1753,2518 1855,2518 1957,2518 2058,2518 2160,2518 2262,2520 2364,2520 2466,2522"
                         HEIGHT="210"
                         WIDTH="2063"
                         VPOS="2407"
                         HPOS="416">
                  <String ID="string_region_1637767995186_844l26"
                          HEIGHT="210"
                          WIDTH="2063"
                          VPOS="2407"
                          HPOS="416"
                          CONTENT="sur tout sont en cheres le marchandises de bas prix"/>
               </TextLine>
               <TextLine ID="region_1637767995186_844l27"
                         BASELINE="438,2662 538,2660 639,2658 740,2654 840,2651 941,2647 1042,2644 1142,2640 1243,2636 1344,2633 1445,2630 1545,2628 1646,2626 1747,2624 1847,2622 1948,2622 2049,2622 2149,2624 2250,2626 2351,2630 2452,2634"
                         HEIGHT="163"
                         WIDTH="2043"
                         VPOS="2515"
                         HPOS="423">
                  <String ID="string_region_1637767995186_844l27"
                          HEIGHT="163"
                          WIDTH="2043"
                          VPOS="2515"
                          HPOS="423"
                          CONTENT="come draps de 6 et 17p a bayes flannelles et ca"/>
               </TextLine>
               <TextLine ID="region_1637767995186_844l28"
                         BASELINE="428,2758 530,2758 633,2756 735,2756 838,2753 940,2750 1043,2748 1145,2745 1248,2742 1350,2740 1453,2738 1555,2735 1658,2732 1760,2730 1863,2730 1965,2730 2068,2730 2170,2730 2273,2732 2375,2734 2478,2738"
                         HEIGHT="184"
                         WIDTH="2079"
                         VPOS="2622"
                         HPOS="413">
                  <String ID="string_region_1637767995186_844l28"
                          HEIGHT="184"
                          WIDTH="2079"
                          VPOS="2622"
                          HPOS="413"
                          CONTENT="risces dont jen ay peu d'assortiment et dont je suis "/>
               </TextLine>
               <TextLine ID="region_1637767995186_844l29"
                         BASELINE="436,2858 534,2858 633,2856 731,2856 830,2853 929,2850 1027,2848 1126,2844 1224,2841 1323,2838 1422,2834 1520,2831 1619,2829 1717,2827 1816,2826 1915,2826 2013,2826 2112,2828 2210,2830 2309,2834 2408,2840"
                         HEIGHT="177"
                         WIDTH="2002"
                         VPOS="2746"
                         HPOS="420">
                  <String ID="string_region_1637767995186_844l29"
                          HEIGHT="177"
                          WIDTH="2002"
                          VPOS="2746"
                          HPOS="420"
                          CONTENT="d'avis de n'enfaire venir q tres peu a cause yon"/>
               </TextLine>
               <TextLine ID="region_1637767995186_844l30"
                         BASELINE="448,2954 545,2954 643,2953 740,2952 838,2950 936,2947 1033,2944 1131,2940 1228,2936 1326,2933 1424,2930 1521,2927 1619,2924 1716,2922 1814,2920 1912,2920 2009,2920 2107,2922 2204,2924 2302,2928 2400,2932"
                         HEIGHT="134"
                         WIDTH="1981"
                         VPOS="2834"
                         HPOS="433">
                  <String ID="string_region_1637767995186_844l30"
                          HEIGHT="134"
                          WIDTH="1981"
                          VPOS="2834"
                          HPOS="433"
                          CONTENT="a stant du mal d'en faire son argent non obstant "/>
               </TextLine>
               <TextLine ID="region_1637767995186_844l31"
                         BASELINE="416,3052 516,3050 617,3048 717,3046 818,3044 919,3040 1019,3038 1120,3036 1220,3032 1321,3030 1422,3028 1522,3026 1623,3024 1723,3022 1824,3022 1925,3022 2025,3022 2126,3022 2226,3022 2327,3026 2428,3028"
                         HEIGHT="163"
                         WIDTH="2039"
                         VPOS="2952"
                         HPOS="401">
                  <String ID="string_region_1637767995186_844l31"
                          HEIGHT="163"
                          WIDTH="2039"
                          VPOS="2952"
                          HPOS="401"
                          CONTENT="pr tout a quil vs mang ayaz la bonte me l'ordon "/>
               </TextLine>
               <TextLine ID="region_1637767995186_844l32"
                         BASELINE="426,3148 526,3150 627,3152 728,3150 829,3150 930,3147 1031,3144 1132,3140 1233,3136 1334,3132 1435,3128 1535,3124 1636,3122 1737,3118 1838,3116 1939,3115 2040,3114 2141,3116 2242,3118 2343,3121 2444,3128"
                         HEIGHT="200"
                         WIDTH="2048"
                         VPOS="3026"
                         HPOS="410">
                  <String ID="string_region_1637767995186_844l32"
                          HEIGHT="200"
                          WIDTH="2048"
                          VPOS="3026"
                          HPOS="410"
                          CONTENT="ner et je techeray a vs rendre condent estant de ben"/>
               </TextLine>
               <TextLine ID="region_1637767995186_844l33"
                         BASELINE="418,3266 472,3264 527,3264 582,3262 637,3262 692,3260 746,3260 801,3258 856,3256 911,3254 966,3253 1020,3252 1075,3250 1130,3247 1185,3245 1240,3242 1294,3239 1349,3236 1404,3233 1459,3230 1514,3226"
                         HEIGHT="180"
                         WIDTH="1127"
                         VPOS="3139"
                         HPOS="402">
                  <String ID="string_region_1637767995186_844l33"
                          HEIGHT="180"
                          WIDTH="1127"
                          VPOS="3139"
                          HPOS="402"
                          CONTENT="coeur en touttes occasions "/>
               </TextLine>
               <TextLine ID="region_1637767995186_844l34"
                         BASELINE="1730,3284 1755,3282 1781,3280 1806,3280 1832,3279 1857,3278 1883,3278 1909,3278 1934,3278 1960,3278 1985,3278 2011,3278 2036,3278 2062,3279 2088,3280 2113,3280 2139,3280 2164,3281 2190,3282 2216,3282"
                         HEIGHT="212"
                         WIDTH="516"
                         VPOS="3134"
                         HPOS="1715">
                  <String ID="string_region_1637767995186_844l34"
                          HEIGHT="212"
                          WIDTH="516"
                          VPOS="3134"
                          HPOS="1715"
                          CONTENT="18 meij 1714"/>
               </TextLine>
               <TextLine ID="region_1637767995186_844l35"
                         BASELINE="288,3386 325,3379 363,3375 401,3371 439,3367 477,3364 514,3361 552,3359 590,3355 628,3354 666,3352 703,3350 741,3350 779,3350 817,3349 855,3348 892,3348 930,3348 968,3348 1006,3348 1044,3348"
                         HEIGHT="156"
                         WIDTH="789"
                         VPOS="3259"
                         HPOS="269">
                  <String ID="string_region_1637767995186_844l35"
                          HEIGHT="156"
                          WIDTH="789"
                          VPOS="3259"
                          HPOS="269"
                          CONTENT="Mons et Gallopin"/>
               </TextLine>
               <TextLine ID="region_1637767995186_844l36"
                         BASELINE="390,3448 494,3452 598,3452 703,3452 807,3448 912,3444 1016,3438 1120,3432 1225,3425 1329,3418 1434,3410 1538,3403 1642,3397 1747,3391 1851,3387 1956,3384 2060,3382 2164,3382 2269,3386 2373,3391 2478,3400"
                         HEIGHT="177"
                         WIDTH="2121"
                         VPOS="3321"
                         HPOS="372">
                  <String ID="string_region_1637767995186_844l36"
                          HEIGHT="177"
                          WIDTH="2121"
                          VPOS="3321"
                          HPOS="372"
                          CONTENT="en suitte de la chere vre du 12 du copt jay obsence paije"/>
               </TextLine>
               <TextLine ID="region_1637767995186_844l37"
                         BASELINE="374,3528 475,3528 577,3526 678,3522 780,3520 882,3516 983,3512 1085,3506 1186,3501 1288,3497 1390,3492 1491,3488 1593,3483 1694,3479 1796,3475 1898,3472 1999,3470 2101,3468 2202,3468 2304,3468 2406,3470"
                         HEIGHT="165"
                         WIDTH="2063"
                         VPOS="3397"
                         HPOS="358">
                  <String ID="string_region_1637767995186_844l37"
                          HEIGHT="165"
                          WIDTH="2063"
                          VPOS="3397"
                          HPOS="358"
                          CONTENT="ment de la remise q me faittes a charge monsr Bols"/>
               </TextLine>
               <TextLine ID="region_1637767995186_844l38"
                         BASELINE="388,3620 491,3615 595,3610 699,3604 802,3600 906,3594 1010,3589 1113,3584 1217,3580 1321,3574 1425,3570 1528,3566 1632,3562 1736,3560 1839,3558 1943,3556 2047,3554 2150,3554 2254,3554 2358,3556 2462,3558"
                         HEIGHT="169"
                         WIDTH="2106"
                         VPOS="3468"
                         HPOS="371">
                  <String ID="string_region_1637767995186_844l38"
                          HEIGHT="169"
                          WIDTH="2106"
                          VPOS="3468"
                          HPOS="371"
                          CONTENT="de  341 de change ou £56:16:8 et passe au credit de vre"/>
               </TextLine>
               <TextLine ID="region_1637767995186_844l39"
                         BASELINE="384,3702 484,3697 584,3692 684,3688 784,3683 884,3679 984,3674 1084,3671 1184,3667 1284,3664 1385,3660 1485,3656 1585,3654 1685,3650 1785,3648 1885,3644 1985,3642 2085,3640 2185,3638 2285,3636 2386,3634"
                         HEIGHT="145"
                         WIDTH="2030"
                         VPOS="3584"
                         HPOS="370">
                  <String ID="string_region_1637767995186_844l39"
                          HEIGHT="145"
                          WIDTH="2030"
                          VPOS="3584"
                          HPOS="370"
                          CONTENT="compte presentement je nay q de flanelles doubles"/>
               </TextLine>
               <TextLine ID="region_1637767995186_844l40"
                         BASELINE="368,3792 472,3788 577,3786 681,3782 786,3778 890,3774 995,3771 1099,3768 1204,3764 1308,3760 1413,3758 1517,3754 1622,3752 1726,3750 1831,3750 1935,3750 2040,3750 2144,3750 2249,3752 2353,3754 2458,3758"
                         HEIGHT="219"
                         WIDTH="2118"
                         VPOS="3640"
                         HPOS="353">
                  <String ID="string_region_1637767995186_844l40"
                          HEIGHT="219"
                          WIDTH="2118"
                          VPOS="3640"
                          HPOS="353"
                          CONTENT="et superfinnes de 3a larges a . les moindres a cause"/>
               </TextLine>
            </TextBlock>
            <TextBlock ID="region_1637767999658_847"
                       HEIGHT="3830"
                       WIDTH="2290"
                       VPOS="78"
                       HPOS="2616">
               <Shape>
                  <Polygon POINTS="2616,78 4906,78 4906,3908 2616,3908"/>
               </Shape>
               <TextLine ID="region_1637767999658_847l1"
                         BASELINE="2638,184 2748,182 2859,180 2970,178 3080,176 3191,174 3302,172 3412,171 3523,170 3634,168 3745,168 3855,168 3966,168 4077,168 4187,168 4298,168 4409,170 4519,172 4630,174 4741,176 4852,180"
                         HEIGHT="146"
                         WIDTH="2241"
                         VPOS="101"
                         HPOS="2625">
                  <String ID="string_region_1637767999658_847l1"
                          HEIGHT="146"
                          WIDTH="2241"
                          VPOS="101"
                          HPOS="2625"
                          CONTENT="que les sembles tombent de trop moindres calite pr"/>
               </TextLine>
               <TextLine ID="region_1637767999658_847l2"
                         BASELINE="2658,308 2769,301 2880,293 2992,286 3103,282 3215,278 3326,276 3437,274 3549,272 3660,270 3772,270 3883,270 3994,270 4106,272 4217,272 4329,272 4440,272 4551,272 4663,272 4774,272 4886,270"
                         HEIGHT="168"
                         WIDTH="2255"
                         VPOS="168"
                         HPOS="2644">
                  <String ID="string_region_1637767999658_847l2"
                          HEIGHT="168"
                          WIDTH="2255"
                          VPOS="168"
                          HPOS="2644"
                          CONTENT="leur prix mais en bref jen feray vener une bonne"/>
               </TextLine>
               <TextLine ID="region_1637767999658_847l3"
                         BASELINE="2662,408 2773,404 2884,400 2995,396 3106,393 3217,390 3328,386 3439,384 3550,382 3661,380 3772,380 3883,378 3994,378 4105,378 4216,380 4327,380 4438,382 4549,384 4660,386 4771,390 4882,394"
                         HEIGHT="201"
                         WIDTH="2249"
                         VPOS="274"
                         HPOS="2647">
                  <String ID="string_region_1637767999658_847l3"
                          HEIGHT="201"
                          WIDTH="2249"
                          VPOS="274"
                          HPOS="2647"
                          CONTENT="partie de mesme q de bayes deventer estant mes"/>
               </TextLine>
               <TextLine ID="region_1637767999658_847l4"
                         BASELINE="2666,544 2776,536 2886,529 2996,522 3106,517 3216,514 3326,510 3436,508 3546,506 3656,506 3766,506 3876,506 3986,506 4096,506 4206,506 4316,504 4426,504 4536,502 4646,500 4756,497 4866,494"
                         HEIGHT="157"
                         WIDTH="2230"
                         VPOS="399"
                         HPOS="2652">
                  <String ID="string_region_1637767999658_847l4"
                          HEIGHT="157"
                          WIDTH="2230"
                          VPOS="399"
                          HPOS="2652"
                          CONTENT="chandises d'hever mais se vs avez besoing de draps "/>
               </TextLine>
               <TextLine ID="region_1637767999658_847l5"
                         BASELINE="2726,642 2833,634 2940,628 3047,622 3154,618 3262,614 3369,612 3476,610 3583,608 3690,608 3798,606 3905,606 4012,608 4119,608 4226,610 4334,612 4441,614 4548,616 4655,618 4762,620 4870,622"
                         HEIGHT="118"
                         WIDTH="2174"
                         VPOS="533"
                         HPOS="2711">
                  <String ID="string_region_1637767999658_847l5"
                          HEIGHT="118"
                          WIDTH="2174"
                          VPOS="533"
                          HPOS="2711"
                          CONTENT="de touttes sorte et prix couleure nouvelle a la "/>
               </TextLine>
               <TextLine ID="region_1637767999658_847l6"
                         BASELINE="2696,752 2805,744 2914,735 3023,730 3132,724 3242,719 3351,716 3460,714 3569,712 3678,712 3788,712 3897,712 4006,714 4115,716 4224,718 4334,720 4443,724 4552,728 4661,732 4770,736 4880,740"
                         HEIGHT="187"
                         WIDTH="2212"
                         VPOS="615"
                         HPOS="2682">
                  <String ID="string_region_1637767999658_847l6"
                          HEIGHT="187"
                          WIDTH="2212"
                          VPOS="615"
                          HPOS="2682"
                          CONTENT="mode et draps noirs et bleux denre fabreque "/>
               </TextLine>
               <TextLine ID="region_1637767999658_847l7"
                         BASELINE="2688,870 2794,862 2901,856 3007,848 3114,843 3221,839 3327,835 3434,832 3540,829 3647,828 3754,826 3860,826 3967,827 4073,828 4180,832 4287,834 4393,839 4500,844 4606,850 4713,857 4820,864"
                         HEIGHT="183"
                         WIDTH="2159"
                         VPOS="721"
                         HPOS="2675">
                  <String ID="string_region_1637767999658_847l7"
                          HEIGHT="183"
                          WIDTH="2159"
                          VPOS="721"
                          HPOS="2675"
                          CONTENT="vs n'avez q a me commander non obstant q les"/>
               </TextLine>
               <TextLine ID="region_1637767999658_847l8"
                         BASELINE="2708,986 2816,976 2924,970 3033,964 3141,958 3250,953 3358,949 3466,946 3575,942 3683,940 3792,940 3900,938 4008,938 4117,938 4225,940 4334,942 4442,944 4550,946 4659,950 4767,953 4876,956"
                         HEIGHT="171"
                         WIDTH="2196"
                         VPOS="835"
                         HPOS="2694">
                  <String ID="string_region_1637767999658_847l8"
                          HEIGHT="171"
                          WIDTH="2196"
                          VPOS="835"
                          HPOS="2694"
                          CONTENT="merchandises sont bien en cheres je ne laisse"/>
               </TextLine>
               <TextLine ID="region_1637767999658_847l9"
                         BASELINE="2708,1094 2814,1090 2921,1085 3028,1080 3135,1074 3242,1071 3349,1067 3456,1063 3563,1060 3670,1056 3777,1054 3883,1052 3990,1050 4097,1050 4204,1048 4311,1048 4418,1048 4525,1050 4632,1050 4739,1052 4846,1056"
                         HEIGHT="196"
                         WIDTH="2166"
                         VPOS="948"
                         HPOS="2693">
                  <String ID="string_region_1637767999658_847l9"
                          HEIGHT="196"
                          WIDTH="2166"
                          VPOS="948"
                          HPOS="2693"
                          CONTENT="ray q de vs servir a unracsonnable prix"/>
               </TextLine>
               <TextLine ID="region_1637767999658_847l10"
                         BASELINE="2684,1214 2760,1208 2837,1204 2914,1198 2990,1196 3067,1192 3144,1188 3220,1184 3297,1182 3374,1180 3451,1178 3527,1176 3604,1172 3681,1170 3757,1168 3834,1166 3911,1162 3987,1160 4064,1157 4141,1154 4218,1150"
                         HEIGHT="191"
                         WIDTH="1565"
                         VPOS="1051"
                         HPOS="2667">
                  <String ID="string_region_1637767999658_847l10"
                          HEIGHT="191"
                          WIDTH="1565"
                          VPOS="1051"
                          HPOS="2667"
                          CONTENT="estant en estat de cela je suis"/>
               </TextLine>
               <TextLine ID="region_1637767999658_847l11"
                         BASELINE="3964,1270 3990,1265 4016,1263 4043,1262 4069,1259 4095,1258 4122,1256 4148,1256 4174,1256 4201,1256 4227,1256 4253,1254 4280,1254 4306,1254 4332,1254 4359,1254 4385,1252 4411,1252 4438,1250"
                         HEIGHT="154"
                         WIDTH="502"
                         VPOS="1180"
                         HPOS="3949">
                  <String ID="string_region_1637767999658_847l11"
                          HEIGHT="154"
                          WIDTH="502"
                          VPOS="1180"
                          HPOS="3949"
                          CONTENT="19 maij 1714"/>
               </TextLine>
               <TextLine ID="region_1637767999658_847l12"
                         BASELINE="2614,1314 2646,1311 2679,1310 2711,1306 2744,1305 2776,1303 2809,1300 2841,1299 2874,1296 2906,1295 2939,1294 2971,1292 3004,1290 3036,1290 3069,1288 3101,1288 3134,1286 3166,1286 3199,1285 3231,1284 3264,1284"
                         HEIGHT="148"
                         WIDTH="683"
                         VPOS="1198"
                         HPOS="2596">
                  <String ID="string_region_1637767999658_847l12"
                          HEIGHT="148"
                          WIDTH="683"
                          VPOS="1198"
                          HPOS="2596"
                          CONTENT="Mons f Cancobt"/>
               </TextLine>
               <TextLine ID="region_1637767999658_847l13"
                         BASELINE="2708,1404 2813,1400 2919,1397 3025,1394 3131,1390 3237,1386 3343,1382 3449,1378 3555,1375 3661,1372 3767,1368 3872,1366 3978,1362 4084,1360 4190,1358 4296,1356 4402,1354 4508,1354 4614,1354 4720,1354 4826,1354"
                         HEIGHT="146"
                         WIDTH="2148"
                         VPOS="1284"
                         HPOS="2693">
                  <String ID="string_region_1637767999658_847l13"
                          HEIGHT="146"
                          WIDTH="2148"
                          VPOS="1284"
                          HPOS="2693"
                          CONTENT="en suitte de la chere vre du 23 d'avul le messagesge"/>
               </TextLine>
               <TextLine ID="region_1637767999658_847l14"
                         BASELINE="2696,1508 2804,1504 2913,1500 3021,1496 3130,1492 3238,1486 3347,1482 3455,1478 3564,1473 3672,1468 3781,1463 3889,1458 3998,1454 4106,1450 4215,1446 4323,1444 4432,1440 4540,1438 4649,1436 4757,1434 4866,1434"
                         HEIGHT="201"
                         WIDTH="2197"
                         VPOS="1369"
                         HPOS="2681">
                  <String ID="string_region_1637767999658_847l14"
                          HEIGHT="201"
                          WIDTH="2197"
                          VPOS="1369"
                          HPOS="2681"
                          CONTENT="Jonaert in a compte les ƒ400 de change come vs aurez"/>
               </TextLine>
               <TextLine ID="region_1637767999658_847l15"
                         BASELINE="2712,1598 2820,1592 2929,1585 3038,1580 3146,1574 3255,1570 3364,1566 3472,1562 3581,1558 3690,1556 3799,1553 3907,1550 4016,1548 4125,1545 4233,1543 4342,1541 4451,1540 4559,1537 4668,1534 4777,1532 4886,1530"
                         HEIGHT="150"
                         WIDTH="2204"
                         VPOS="1472"
                         HPOS="2696">
                  <String ID="string_region_1637767999658_847l15"
                          HEIGHT="150"
                          WIDTH="2204"
                          VPOS="1472"
                          HPOS="2696"
                          CONTENT="veu p ma quittance luy donne vs in avez marques"/>
               </TextLine>
               <TextLine ID="region_1637767999658_847l16"
                         BASELINE="2710,1690 2819,1688 2928,1684 3037,1680 3146,1676 3255,1670 3364,1665 3473,1661 3582,1656 3691,1651 3801,1646 3910,1642 4019,1640 4128,1636 4237,1634 4346,1634 4455,1634 4564,1635 4673,1638 4782,1641 4892,1646"
                         HEIGHT="201"
                         WIDTH="2212"
                         VPOS="1542"
                         HPOS="2695">
                  <String ID="string_region_1637767999658_847l16"
                          HEIGHT="201"
                          WIDTH="2212"
                          VPOS="1542"
                          HPOS="2695"
                          CONTENT="de donner quily chose au missager ces gens sont trop "/>
               </TextLine>
               <TextLine ID="region_1637767999658_847l17"
                         BASELINE="2724,1774 2830,1776 2937,1778 3043,1776 3150,1775 3256,1772 3363,1768 3469,1764 3576,1760 3682,1755 3789,1749 3895,1745 4002,1740 4108,1736 4215,1732 4321,1728 4428,1726 4534,1726 4641,1726 4747,1729 4854,1732"
                         HEIGHT="225"
                         WIDTH="2159"
                         VPOS="1631"
                         HPOS="2709">
                  <String ID="string_region_1637767999658_847l17"
                          HEIGHT="225"
                          WIDTH="2159"
                          VPOS="1631"
                          HPOS="2709"
                          CONTENT="diffieul et jaime mieux de m'accomd des la de "/>
               </TextLine>
               <TextLine ID="region_1637767999658_847l18"
                         BASELINE="2750,1870 2853,1872 2957,1872 3060,1872 3164,1870 3268,1868 3371,1865 3475,1862 3578,1858 3682,1854 3786,1851 3889,1846 3993,1843 4096,1840 4200,1836 4304,1834 4407,1832 4511,1830 4614,1830 4718,1830 4822,1832"
                         HEIGHT="201"
                         WIDTH="2102"
                         VPOS="1725"
                         HPOS="2734">
                  <String ID="string_region_1637767999658_847l18"
                          HEIGHT="201"
                          WIDTH="2102"
                          VPOS="1725"
                          HPOS="2734"
                          CONTENT="dians avec v. q a cause quils feront et seront plus "/>
               </TextLine>
               <TextLine ID="region_1637767999658_847l19"
                         BASELINE="2734,1966 2836,1966 2938,1964 3040,1964 3142,1962 3244,1960 3346,1956 3448,1954 3550,1951 3652,1948 3754,1944 3856,1942 3958,1938 4060,1936 4162,1932 4264,1928 4366,1926 4468,1924 4570,1921 4672,1920 4774,1918"
                         HEIGHT="179"
                         WIDTH="2066"
                         VPOS="1842"
                         HPOS="2719">
                  <String ID="string_region_1637767999658_847l19"
                          HEIGHT="179"
                          WIDTH="2066"
                          VPOS="1842"
                          HPOS="2719"
                          CONTENT="raisonnable a vre egard jacurois biere souhaitte "/>
               </TextLine>
               <TextLine ID="region_1637767999658_847l20"
                         BASELINE="2740,2070 2843,2068 2947,2066 3051,2063 3155,2062 3259,2058 3363,2056 3467,2054 3571,2053 3675,2050 3779,2048 3882,2046 3986,2044 4090,2042 4194,2039 4298,2037 4402,2034 4506,2032 4610,2028 4714,2026 4818,2022"
                         HEIGHT="202"
                         WIDTH="2107"
                         VPOS="1939"
                         HPOS="2726">
                  <String ID="string_region_1637767999658_847l20"
                          HEIGHT="202"
                          WIDTH="2107"
                          VPOS="1939"
                          HPOS="2726"
                          CONTENT="q'avee delayce a me remette de quilq jours cu"/>
               </TextLine>
               <TextLine ID="region_1637767999658_847l21"
                         BASELINE="2742,2166 2847,2163 2953,2159 3059,2156 3165,2154 3271,2150 3376,2148 3482,2146 3588,2144 3694,2144 3800,2142 3905,2140 4011,2139 4117,2138 4223,2136 4329,2134 4434,2132 4540,2130 4646,2126 4752,2124 4858,2120"
                         HEIGHT="185"
                         WIDTH="2146"
                         VPOS="2049"
                         HPOS="2726">
                  <String ID="string_region_1637767999658_847l21"
                          HEIGHT="185"
                          WIDTH="2146"
                          VPOS="2049"
                          HPOS="2726"
                          CONTENT="jestoit pr ainsy dire asseuree que les espiies au"/>
               </TextLine>
               <TextLine ID="region_1637767999658_847l22"
                         BASELINE="2746,2268 2853,2266 2960,2264 3068,2262 3175,2259 3283,2256 3390,2254 3497,2252 3605,2249 3712,2246 3820,2244 3927,2241 4034,2238 4142,2236 4249,2234 4357,2232 4464,2230 4571,2230 4679,2230 4786,2228 4894,2228"
                         HEIGHT="177"
                         WIDTH="2176"
                         VPOS="2148"
                         HPOS="2733">
                  <String ID="string_region_1637767999658_847l22"
                          HEIGHT="177"
                          WIDTH="2176"
                          VPOS="2148"
                          HPOS="2733"
                          CONTENT="rocent cours pr icy jespere q cela fera du bien au"/>
               </TextLine>
               <TextLine ID="region_1637767999658_847l23"
                         BASELINE="2752,2354 2856,2356 2961,2358 3066,2358 3171,2358 3276,2356 3380,2354 3485,2352 3590,2350 3695,2347 3800,2344 3904,2342 4009,2338 4114,2336 4219,2334 4324,2332 4428,2332 4533,2332 4638,2332 4743,2334 4848,2336"
                         HEIGHT="160"
                         WIDTH="2124"
                         VPOS="2239"
                         HPOS="2737">
                  <String ID="string_region_1637767999658_847l23"
                          HEIGHT="160"
                          WIDTH="2124"
                          VPOS="2239"
                          HPOS="2737"
                          CONTENT="commerce car il ns et tout un quil a gent  q"/>
               </TextLine>
               <TextLine ID="region_1637767999658_847l24"
                         BASELINE="2748,2442 2855,2446 2962,2450 3069,2452 3176,2452 3283,2452 3390,2450 3497,2448 3604,2446 3711,2444 3819,2442 3926,2440 4033,2438 4140,2438 4247,2438 4354,2441 4461,2445 4568,2450 4675,2457 4782,2469 4890,2480"
                         HEIGHT="185"
                         WIDTH="2171"
                         VPOS="2350"
                         HPOS="2733">
                  <String ID="string_region_1637767999658_847l24"
                          HEIGHT="185"
                          WIDTH="2171"
                          VPOS="2350"
                          HPOS="2733"
                          CONTENT="ns recevons ques que le pouvons donner ie huis esfonne"/>
               </TextLine>
               <TextLine ID="region_1637767999658_847l25"
                         BASELINE="2764,2538 2870,2542 2976,2546 3082,2546 3188,2548 3294,2548 3400,2546 3506,2544 3612,2542 3718,2540 3825,2538 3931,2536 4037,2536 4143,2534 4249,2534 4355,2535 4461,2536 4567,2540 4673,2544 4779,2550 4886,2558"
                         HEIGHT="196"
                         WIDTH="2151"
                         VPOS="2431"
                         HPOS="2749">
                  <String ID="string_region_1637767999658_847l25"
                          HEIGHT="196"
                          WIDTH="2151"
                          VPOS="2431"
                          HPOS="2749"
                          CONTENT="quil y a si long temps que je nayt eu l'honneur de "/>
               </TextLine>
               <TextLine ID="region_1637767999658_847l26"
                         BASELINE="2764,2642 2870,2646 2976,2649 3082,2650 3188,2652 3295,2652 3401,2652 3507,2652 3613,2650 3719,2648 3826,2646 3932,2644 4038,2642 4144,2640 4250,2638 4357,2638 4463,2636 4569,2636 4675,2636 4781,2636 4888,2636"
                         HEIGHT="167"
                         WIDTH="2151"
                         VPOS="2542"
                         HPOS="2750">
                  <String ID="string_region_1637767999658_847l26"
                          HEIGHT="167"
                          WIDTH="2151"
                          VPOS="2542"
                          HPOS="2750"
                          CONTENT="vos commendements pr des marchandises londer"/>
               </TextLine>
               <TextLine ID="region_1637767999658_847l27"
                         BASELINE="2762,2744 2868,2748 2974,2752 3080,2753 3186,2754 3293,2754 3399,2752 3505,2749 3611,2746 3717,2744 3824,2740 3930,2737 4036,2734 4142,2732 4248,2730 4355,2728 4461,2728 4567,2728 4673,2730 4779,2733 4886,2738"
                         HEIGHT="178"
                         WIDTH="2152"
                         VPOS="2638"
                         HPOS="2748">
                  <String ID="string_region_1637767999658_847l27"
                          HEIGHT="178"
                          WIDTH="2152"
                          VPOS="2638"
                          HPOS="2748"
                          CONTENT="que presentement il y auroit de debite en cas yais"/>
               </TextLine>
               <TextLine ID="region_1637767999658_847l28"
                         BASELINE="2740,2850 2847,2852 2954,2852 3062,2854 3169,2852 3277,2852 3384,2850 3491,2848 3599,2846 3706,2842 3814,2840 3921,2838 4028,2836 4136,2834 4243,2832 4351,2832 4458,2832 4565,2832 4673,2834 4780,2837 4888,2840"
                         HEIGHT="162"
                         WIDTH="2176"
                         VPOS="2737"
                         HPOS="2725">
                  <String ID="string_region_1637767999658_847l28"
                          HEIGHT="162"
                          WIDTH="2176"
                          VPOS="2737"
                          HPOS="2725"
                          CONTENT="es besoing de quelq assortiment croyez que jen suis tres"/>
               </TextLine>
               <TextLine ID="region_1637767999658_847l29"
                         BASELINE="2740,2938 2846,2944 2953,2950 3060,2954 3167,2956 3274,2956 3380,2956 3487,2954 3594,2953 3701,2950 3808,2948 3914,2944 4021,2941 4128,2938 4235,2934 4342,2932 4448,2930 4555,2930 4662,2930 4769,2930 4876,2932"
                         HEIGHT="144"
                         WIDTH="2164"
                         VPOS="2824"
                         HPOS="2726">
                  <String ID="string_region_1637767999658_847l29"
                          HEIGHT="144"
                          WIDTH="2164"
                          VPOS="2824"
                          HPOS="2726"
                          CONTENT="bien fourie et q je vs serviray a racdonnable mix"/>
               </TextLine>
               <TextLine ID="region_1637767999658_847l30"
                         BASELINE="2718,3046 2825,3052 2932,3055 3039,3056 3147,3058 3254,3058 3361,3056 3469,3055 3576,3053 3683,3050 3791,3048 3898,3044 4005,3042 4112,3038 4220,3036 4327,3034 4434,3034 4542,3034 4649,3034 4756,3036 4864,3038"
                         HEIGHT="186"
                         WIDTH="2174"
                         VPOS="2939"
                         HPOS="2703">
                  <String ID="string_region_1637767999658_847l30"
                          HEIGHT="186"
                          WIDTH="2174"
                          VPOS="2939"
                          HPOS="2703"
                          CONTENT="ayant toutte sorte de draps nouvelle couleure a la "/>
               </TextLine>
               <TextLine ID="region_1637767999658_847l31"
                         BASELINE="2714,3156 2820,3159 2926,3162 3032,3162 3138,3162 3245,3162 3351,3160 3457,3158 3563,3156 3669,3152 3776,3150 3882,3146 3988,3144 4094,3140 4200,3138 4307,3136 4413,3134 4519,3134 4625,3134 4731,3136 4838,3140"
                         HEIGHT="121"
                         WIDTH="2152"
                         VPOS="3042"
                         HPOS="2699">
                  <String ID="string_region_1637767999658_847l31"
                          HEIGHT="121"
                          WIDTH="2152"
                          VPOS="3042"
                          HPOS="2699"
                          CONTENT="mode et autres assortiment sissolie q lon piees"/>
               </TextLine>
               <TextLine ID="region_1637767999658_847l32"
                         BASELINE="2738,3258 2845,3260 2953,3262 3060,3262 3168,3262 3276,3260 3383,3258 3491,3256 3598,3252 3706,3250 3814,3246 3921,3242 4029,3240 4136,3236 4244,3234 4352,3232 4459,3230 4567,3230 4674,3230 4782,3230 4890,3232"
                         HEIGHT="146"
                         WIDTH="2180"
                         VPOS="3126"
                         HPOS="2724">
                  <String ID="string_region_1637767999658_847l32"
                          HEIGHT="146"
                          WIDTH="2180"
                          VPOS="3126"
                          HPOS="2724"
                          CONTENT="vous les manufactures sont en cherees come pouvez"/>
               </TextLine>
               <TextLine ID="region_1637767999658_847l33"
                         BASELINE="2746,3340 2852,3348 2959,3355 3066,3360 3173,3362 3280,3364 3386,3362 3493,3361 3600,3359 3707,3356 3814,3352 3920,3348 4027,3344 4134,3340 4241,3336 4348,3332 4454,3330 4561,3328 4668,3326 4775,3328 4882,3330"
                         HEIGHT="162"
                         WIDTH="2162"
                         VPOS="3267"
                         HPOS="2733">
                  <String ID="string_region_1637767999658_847l33"
                          HEIGHT="162"
                          WIDTH="2162"
                          VPOS="3267"
                          HPOS="2733"
                          CONTENT="bien considerer mai ser tout les meerchandises de "/>
               </TextLine>
               <TextLine ID="region_1637767999658_847l34"
                         BASELINE="2726,3438 2834,3446 2943,3450 3051,3454 3160,3454 3269,3454 3377,3454 3486,3450 3594,3448 3703,3444 3812,3440 3920,3436 4029,3432 4137,3428 4246,3426 4355,3424 4463,3422 4572,3422 4680,3424 4789,3427 4898,3432"
                         HEIGHT="188"
                         WIDTH="2199"
                         VPOS="3330"
                         HPOS="2712">
                  <String ID="string_region_1637767999658_847l34"
                          HEIGHT="188"
                          WIDTH="2199"
                          VPOS="3330"
                          HPOS="2712"
                          CONTENT="bas prix pr les sortes q vs estez accoutieme da "/>
               </TextLine>
               <TextLine ID="region_1637767999658_847l35"
                         BASELINE="2730,3536 2837,3539 2944,3540 3051,3542 3158,3540 3265,3540 3372,3538 3479,3536 3586,3534 3693,3530 3800,3528 3907,3524 4014,3522 4121,3520 4228,3517 4335,3516 4442,3514 4549,3514 4656,3514 4763,3516 4870,3520"
                         HEIGHT="178"
                         WIDTH="2169"
                         VPOS="3427"
                         HPOS="2716">
                  <String ID="string_region_1637767999658_847l35"
                          HEIGHT="178"
                          WIDTH="2169"
                          VPOS="3427"
                          HPOS="2716"
                          CONTENT="d'avoir de moy je vs le livreray en cor come draps "/>
               </TextLine>
               <TextLine ID="region_1637767999658_847l36"
                         BASELINE="2724,3636 2829,3636 2934,3638 3039,3638 3144,3637 3250,3636 3355,3634 3460,3632 3565,3632 3670,3628 3776,3626 3881,3624 3986,3621 4091,3618 4196,3616 4302,3614 4407,3612 4512,3610 4617,3608 4722,3608 4828,3608"
                         HEIGHT="169"
                         WIDTH="2132"
                         VPOS="3522"
                         HPOS="2710">
                  <String ID="string_region_1637767999658_847l36"
                          HEIGHT="169"
                          WIDTH="2132"
                          VPOS="3522"
                          HPOS="2710"
                          CONTENT="a un escue l'aulne toect ce qui on puis voer"/>
               </TextLine>
               <TextLine ID="region_1637767999658_847l37"
                         BASELINE="2722,3720 2829,3720 2936,3720 3043,3720 3150,3720 3257,3718 3364,3718 3471,3716 3578,3714 3685,3711 3792,3709 3899,3706 4006,3704 4113,3702 4220,3702 4327,3700 4434,3700 4541,3698 4648,3700 4755,3700 4862,3702"
                         HEIGHT="132"
                         WIDTH="2169"
                         VPOS="3635"
                         HPOS="2708">
                  <String ID="string_region_1637767999658_847l37"
                          HEIGHT="132"
                          WIDTH="2169"
                          VPOS="3635"
                          HPOS="2708"
                          CONTENT="en ayant en abondene a vre service de flanelles "/>
               </TextLine>
               <TextLine ID="region_1637767999658_847l38"
                         BASELINE="2738,3796 2838,3800 2939,3802 3039,3804 3140,3806 3241,3806 3341,3806 3442,3806 3542,3805 3643,3804 3744,3802 3844,3802 3945,3800 4045,3798 4146,3798 4247,3796 4347,3796 4448,3794 4548,3794 4649,3794 4750,3796"
                         HEIGHT="151"
                         WIDTH="2040"
                         VPOS="3730"
                         HPOS="2723">
                  <String ID="string_region_1637767999658_847l38"
                          HEIGHT="151"
                          WIDTH="2040"
                          VPOS="3730"
                          HPOS="2723"
                          CONTENT="de 3 &amp; larges de  ƒ40 jenen vy point "/>
               </TextLine>
            </TextBlock>
         </PrintSpace>
      </Page>
   </Layout>
</alto>
