5331 3972
391 77 2170 173 de noa draps noirs et bleux. iay cependatnt

381 191 2265 168 lhonneur de servir en ce la plusieurs marchan

361 311 2247 208 de vre ville quils ay trosiveut pas mal

358 437 2286 225 leur compitecar nos draps quoy que pluy

355 540 2251 250 chers que ceux de verviers so touts subtres

382 665 2246 250 et plus vendables nous en avons que nons

361 790 2268 260 asipellons draps dhoonmes a  larges en

348 922 2250 263 foir et aussy de 2 a touts ce que l'on

388 1031 2134 273 puis voir ie voudrois vous en pouvoir

350 1150 2297 260 livres quelques presces pour ine espreuve

385 1325 2115 194 ie nay posint reccu le 200 esu de

362 1418 2281 225 messager jonaert dene in al commode

373 1549 2265 219 pas avec luy vous pouvez mieux me

408 1699 2225 216 remettre  occasionie ne vous presse

421 1833 1595 204 pass il  out salve et suis

280 1869 2370 312 Brussel Francis van den hecke Ady 20 sber 175

383 2063 2242 188 Ick en hebbe noeydt gevoelijeker geweest als toen

330 2205 2298 127 ick de laeste reyse het geljck gehadt hebbe dan ue

382 2276 2201 171 ten mijnen huysen te spreken ende te sien dat ue

343 2379 2290 180 naer allen considerake ten ier requarde bewesen

340 2531 2296 127 mij soo heeft willen handelen datter niet rechtveer

312 2617 2332 190 digher en is als dat ue my moet voldoen volgens

379 2778 2125 132 de rekene ue getoent sal een gheele weerels

383 2849 2257 180 advoneenen. daeris meer in intrest verloopen

376 2964 2249 168 alser op ditto goederen voor mij heeft connen

359 3083 2257 164 boni wesen boven dien heeft ue mij noch weder

355 3220 2287 204 gesonden de vrappers tegens stiel van handelen

337 3330 2283 142 en watter voorders ue niet en heeft aengestaen

368 3445 2248 160 en naer verloop van soo veel tijdt wilt ue mij

383 3542 2127 170 nogh sonder het minste fondament corten

349 3678 2289 119 en om dat ick in conscientie niet en can toestaen

351 3760 2220 128 dat ue van mij pretendeert gaet ue mij voor bij

2720 86 2322 134 et bij eesn ander coopen daer ick uyt consideraire aen

2747 179 2238 179 us bewesen behoorde aen andere gepresceert te

2748 319 2241 147 wesen want het is geweest in die intentie dat ick

2748 440 2130 146 soo civiel met ue hebbe wilen handelen. ick

2742 547 2244 159 hebbe ue mijne goederen gepresenteert ende en

2745 671 2287 153 twijfele niet oft soo civiel valt ue bij andere can

2742 778 2288 198 ten rechten geraeckt wesen dogh te vergeefs

2759 900 2188 204 quod ti bi non vis siere alters ne seceris

2727 1019 2231 227 benedictie dat lan bibrenghen laese ick ue

2739 1156 2241 160 selfs oordeelen het is waer het is ue liberte

2725 1306 2287 141 coopen daer het ue belieft maer ueen soude

2735 1405 2329 152 to als ue mij doet niet geerne van ue calatie

2735 1522 2337 177 buyten twijfel beieghent worden ick en versock

2755 1625 2262 198 ue maer nmet ter minnen voldoeninge als ine

2736 1754 2297 194 gelegen coemt ende en heeft ue nogh bj mijne

2739 1864 2292 191 opgegevene notitie geene satisfactie sal aen ue

2737 1974 2165 186 aeme reken courant informa afsenden met

2716 2085 2332 198 presentatie van mijne e goederen en dienst in alle

2721 2198 2215 206 occasien alst ue sal geraeden vinden ue wel

2752 2303 2321 175 verscekerende dat ue geen mne sal aentressen

2736 2424 2297 161 die met meerder genegentheydt en consideratie

2731 2546 2302 162 sijne vrinden sal bedienen en handelen als ick

2744 2681 2315 135 iltijdts gedaen hebbe ende sparalt ben te doen

2730 2773 2338 172 als ue sal gelieven. coemende tot ue brief van

2744 2924 2198 114 4 deser die ick ten synen tijde wel hebbe

2727 2989 2238 141 ontfangen met eene quittantie van £30:-:-

2741 3128 2098 160 courant gelde op den ontfanger vande

2741 3235 2274 160 parociael ende Colligiaele diureke van onser

2716 3361 2337 142 torouwe binnen Brugghe ende een attignane

2762 3472 2303 170 van £9:1455 courant gelde op s Jan Balous

2748 3552 2270 220 oock winneu Brugghe moete ue segghen dat

2740 3691 2338 172 ick alle devoiren gedaen hebbe om die hier
