5445 3934
2227 111 556 165 3 sber 1716

633 94 997 171 Brusselle  dowedan

679 219 2193 177 ue aengenaeme 27 passato hebbe wel ontfange

682 327 2193 161 oock met den bode het t blouw ratteen dat niet

702 467 2161 116 en can vercoope alsoo tes dan is sal daer mede

676 511 2199 185 mijn devoire doen het couleur willens s 22½

684 642 2167 155 jae miete en vn olgens niet mee betaele

698 756 2183 133 en alhoe wel daer geen gereet gelt daer van

707 833 2129 166 becoemen jae deck maels wel meer als een

708 934 2163 168 jaer sal moete bage soo hebbe evenwel ue

679 1025 2105 196 p boede hendrick veyer de versochte ƒto

695 1159 2103 167 toe t gesonde om ue dienst te doen ende

685 1328 2160 131 gelieft ue op die voet mij allens ken te voldoen

687 1387 2102 229 sent mij rattenin ick sal ue contant gelt

700 1525 2130 205 tegens senden en op aden stuck maer corte

722 1626 2145 168 heb geene ue sal connen derve en goetvende

1379 1739 561 121 voor ue erpelee

715 1728 2167 223 ende de rattienen benitiuren als ick connen

716 1867 1722 183 doen soude voor mijn eygen blijve

2206 1942 604 156 6 9 bar. 1716

592 1998 885 180 Mons A Gillonen

685 2032 2177 237 je me donne l'honneur de rsdire qu'avies la bonte d'un

676 2198 2202 187 peu considerer le continiue de ma lettre  vs esc

679 2289 2196 171 le 10 sber et vs voyerez se jay marque ie bien vre grace

680 2359 2198 204 doutant que je vs ay dit qu je ne vs fait payer non

678 2466 2167 221 plus que au autre et que ie ne provis me diere de

696 2580 2177 227 quelle qualité sois de la bleuse ou bien de la blan

718 2696 2155 211 que vs souhaiteez le teentes afin quiye me poura

703 2783 2162 185 nge a l drenan n'ayant pourt de prode suis

691 2890 2190 148 alla vs m ecrive le 19 dbr et me faites plainite

701 2994 2164 186 de la cerisees bleuses a ƒ35 sans rnen repondre aus

691 3111 2173 190 sayet de a prisedente que je n'auvoi ga envoyer le

687 3199 2155 208 temres cansels pr Jonaert je dit au dit jonait pr

662 3307 2204 219 ne vs pas charge mal a propes de port de lestre que

649 3428 2210 204 n'auvoit q a v due quil n'etoit pas teenten

640 3550 2244 193 sehackent vre resoulution et quil vs priarois de

649 3665 2230 184 me ne ponde incessement je ne scay sil soit acqi

640 3758 2235 110 sa de la commesin ou noins mais selon la  neu

3015 104 2267 108 de vre lettre de 3 du ouront je  que non

2999 199 2229 170 cependant je leuy ay livre dont dans une petite

2984 316 2285 159 celle marque ½ 6 2 care es c teint

2993 401 2288 172 a ƒ29 ƒ55 car de la quelite de la blanche

2975 506 2293 215 que je vs ay envoye de vroit coute tiente ƒ33

2981 616 2288 230 bleva 37  nossans vs donnende finnes a cau

2955 697 2243 288 se quens estir plaiz du  ƒ35: bluises

2967 767 2275 297 bleudde meere geden vj de presse dartkant

2928 867 2321 349 que quy tssoiers aster de pvre reponce nais is

2969 970 2305 361 l'auver potynteodaye de laua lile comme

2965 1125 2256 264 nar d  a mains d'autrs ordre jemere

2994 1206 2236 313 y vs nvier eb la p de bay n ex lair

2971 1339 2267 276 dindiie  fonne blanche dont pn

2965 1457 2321 242 bal lot de jours en jour entre temps

2942 1541 2327 283 dez mois en todt ce quil soffis e se

2950 1685 2309 247 et s serez prmop tment servie dont vs pouvoi

2960 1787 2299 260 estres gesseure et qui je ne vs ferez gpagernon

2974 1877 2307 283 plus quaue aatre j ve re commande l'incle

2981 2025 1427 200 se a de ma port et me dit

4377 2087 558 154 6 gber 1716

2915 2169 768 202 Mons et d'avast

2962 2131 2306 259 depuis ma derniere du 9 sber je nas d' lhonneur d'au

2945 2271 2290 207 une de chere vre ny aucune de vss mendemerts

2961 2368 2195 189 vs n avez devente pois pr de drapsrouge es brien

2956 2463 2290 191 bleude commne d'une  laure ce lloigge

2970 2550 2298 199 vs donner advis que je vs en paia servi presentems

2929 2677 144 119 m

2946 2718 2249 153 n'ayent besoinge commandee mayd de mis me en

2953 2794 2267 149 tout autre chose que le pous offrer pevre serve et

3317 2927 62 78 46

2958 2897 2296 171 viserez promtement et p bien servide celly que

2942 3033 2311 155 le dit je vs prie de pace vs estant possible ne

2941 3103 2324 178 faire quel que remisse car lon ne jcc toeue un

2951 3207 1279 157 foulsi avlon tracceve bon

4424 3235 738 157 6 gbe 1

2926 3310 668 145 Mons Jor Haille

2952 3319 2329 177 ily a quelque temps que je vs ay escret et je me tou a

2949 3426 2265 190 l'effes  de ma supplication a vs staittes il gat un

2949 3484 2331 171 un que je s'ay liver de la marchandise et que j nay boeuhe

2949 3630 2322 115 en seul pattart considerez sil cela est raisonnable et en

2933 3702 2342 105 quil estat que ne es trovons sans pouvoir toucher un patar

2945 3757 2317 101 de noo dette plain de marchandise sans debite monsee cette
