5479 3943
448 109 2261 129 mann aclures est oient cheres mais jamais on

497 160 2227 226 ne les aveu comme d'apresent jayt en et veue

473 299 2205 220 passee peu die tamees des draps de ƒ3 aƒ32:3

482 394 2219 171 autyt vont que les drapsts pres qutement des

487 506 2271 221 de  310 & ƒ34  ils sost durs, groosiers ensin

481 628 2219 246 point vendables a profit vous n'avez q e

434 746 2164 241 t faire charger et ballot cito possible, de

500 873 2233 207 mesime celuy a ris de t so mas saworth dens

490 977 2193 171 n galtre vaisseau comme ie vous ay dit

491 1103 2240 214 p ma precedente. vous me demandez ler

492 1218 2189 183 une fois des ses. en vous  £e00:-

2138 1320 68 70 C

487 1311 2134 234 ur Edward frouwd e du cour iusences

525 1427 2061 230 £50 ma traitte sur scaven et

497 1547 2210 174 tochdale si un chacy n vous remette

501 1650 2247 216 comme je fait mad fois vous aultres messis

549 1772 2135 152 estez bien heureux et profisez cent fois

501 1875 2209 215 plus que nous ne posvous laire ie suis

409 2006 2345 211 London P. De Dorpere Ady 17 Augni 1715

526 2143 2230 196 oft ick ue schrijve oft niet en schrijve mijdunck

510 2260 2194 182 het een ense het sselfde te wesek ue hadde

540 2372 2224 173 van in den beginnen van juni u t'gereet en

521 2485 2163 183 presseerde my om antwoort waer aen ick

506 2579 2259 208 promptelijck hebbe voldaen, nu is het den teydt

535 2681 2226 178 ende het saisoen om daer van iets te connen

548 2790 2203 179 debiteeren en laeter coemende tt het te versee

526 2903 2140 170 daerom en belieft ue mij niet meerte

529 2999 2083 182 bedienen gelijck ick niet andersen can

536 3097 2224 176 oordeelen  gelieft de laekens maer te behouden

559 3233 2066 162 ende remitteert mij tegens het geneick ue

553 3325 2118 189 geremitteert hebbe want men soude

416 3422 2336 170 desperaet worden op die maniere negotie

550 3544 938 199 te doen blijve

2790 106 2198 164 Brussel michiel vander Borght Ady 17Auy 1715

2836 215 2069 178 soo iuttantelijck verneme door de wedue de

2840 328 2172 167 Beau mes ue geerne van mijne carsenen sout

2844 446 2245 151 hebben. geloeft mj het my meer mijn doet als ue

2848 536 2294 194 can geloeven dat ick ue hebbe moeten laeten

2847 666 2189 188 gaen sonder te gerieven dogh niet om de

2854 788 2174 167 winste maer om ue calandisie te winnen

2829 886 2259 188 hebbe haer geteydt dat ickte ie sal laeten ut

2836 995 2186 191 ƒ 29:10: het is te laet omse evenwel desen

2852 1129 2251 221 avons scheep te doen gelieftse ue schrijft

2854 1295 2291 161 maer:ick valse tegens woonsdagh sonder

2842 1366 2145 178 faute afsenden hoe minder hoe liever

2859 1481 2280 200 want daer en is geen winste aen die goedere

2803 1604 2257 198 blijve van herten eere soorten

2843 1710 2299 228 en synder in espen niet te becoemen

2843 1825 1532 203 ue sa dex perientie hebben

2847 1927 1573 186 ick en hebber maer 50 stucken

2796 2018 2295 237 Brussel Mesiel van der Brght  Ady 19 ƒay 17157

2827 2163 2320 180 het is droe dat men bynde se rijden niet alleen eenen

2804 2305 2309 142 stuijver can winsnen en nogh drowigher dat men

2818 2360 2193 190 noch meer moeyten doen moet ick en can in

2806 2484 2319 166 antwoort op ue aengenaeme van gisteren niet

2797 2566 2283 233 anders segghen al dat ick mijne fijnste carseyen

2811 2671 2307 191 van Posna seylden niet anders vercoopen en can

2802 2766 2078 196 als tot ƒ30- - ende dat ick niet eens hadde

2824 2869 2322 201 gedaght ue den woort soude hebben tegenschreven

2817 2977 2200 200 doen ick ue die hebbe geaccordeert tot ƒ 29:10

2816 3084 2117 188 ick en doen het niet als om ue calandisiete

2838 3221 2163 135 winnen want daeren is geen arbeytt soon

2828 3330 2235 145 alleen in die goederen te winnen laet staet

2831 3388 2301 185 een int rest van sijn geldt ick en geloove niet dat

2835 3538 2287 125 ue van dat merck is f nt werpen sal vinden

2806 3587 2350 183 nochte datter jmandt sulcken blooghe prijsen ontbier

2835 3727 2314 116 ende en gestest het ue nist te besteeden ick moete

2828 3793 2258 86 datientie hebben want het is ondoendelijck  blijve
