5473 3943
460 76 2275 161 mons JJosephmaille Ady p. sber 1715

604 207 2089 184 ay receu la vre 14 du sbre avec remise du 23

497 319 2202 189 Jpin 3 usences sur o de nicolars a Bruxelles

513 429 2202 167 de 150 escur payables le 3 du cour. estant payée

528 536 2038 153 ie vous en passeray la valeur en comtte

528 635 2204 163 vouts mes amis me viennent voirs etie ne scay

520 746 2229 197 pas vous avoir donné raison pour m'avacoimes

532 865 2206 190 vous trouverez p le temps que ie vous ay bien

1684 994 99 112 2y

1764 978 906 169 demais non ples

519 980 1136 181 servi et ie ny manquern

486 1033 2240 274 quant il vous plaire m'honnorer de vre

501 1207 2229 184 chalandise jay les plus belles marchandises

521 1310 2091 181 et les plus bcaux assortiments de toutte

497 1442 2202 152 sorte que l'on puis voir tous jours pour vre

495 1543 962 219 servir et suis

451 1629 2212 227 Touunage A Joseph de Baste CAdy 1 xbre 1715

474 1806 2267 181 pour entrescnir la connoissence et vous les moigne

528 1886 2212 168 ma reconmoistence ie vous diray en responce

468 2016 2102 152 a la vre 29 d oust ue les. watte carhy sz

486 2092 2210 217 pris le plaiser de zerallier de moy dee

472 2234 2179 181 etenee de suitte meserivant chacque Annee

458 2350 2266 227 qui l avoir besoing quantite dles marchantises

438 2479 2304 151 1 et venant p rey prest enue vous l'ors quiil

485 2585 2089 206 avoit acheptee aultre part et a cheve ces

480 2699 2263 191 effaires, m'a fait ffaire beaucoup de piennies

470 2863 2243 137 mal apropss et au bont du compte meprise

462 2926 2281 172 mes marchandises ou je suis bien lasseures

441 3055 2301 210 qu'il n'en at achepte des mellieures au pix

475 3176 2248 187 que ie luy ay laisle les priennes je suit son

467 3278 2254 203 dervitent en touttes occasions etie ne doubre

470 3406 2243 180 pas ou il voira plus clair un jous car quil

492 3540 2252 157 veu boir duvin de bourgogne d'en sobt payeer

474 3626 2278 151 a ladvenant ie ne scauvois sache sils le don

496 3749 2199 108 le temps d'aller voir p tout il est natures

2783 95 2327 153 de chercher son advantage mais quartt on sest

2783 219 2298 197 servi dauleurs on ne veu plus entendre u le

2800 342 2325 210 mettre a la raison. ie ne seache luy avoir donne

2822 461 2206 206 saison pour ce la car sil gat unhonie

2805 609 2330 160 scleux pour vendre et accommoder ces chalaud

2811 745 2201 169 quant: lest possible 'est mode ie ne crop

2810 836 2259 233 pas quil le puis plaindre de tout ce que ie

2817 957 2204 242 luys ay vendue et pour ie malhes relix draps

2808 1090 2280 227 et je nay jamais fait il sacon in luy refuse

2784 1215 2249 213 faire raison comme ie luy ay mons tre

2808 1325 2077 216 en effecterie vous prie luy faire mes

2811 1490 2339 159 compliments et sdire que mes draps bleuren

2786 1601 2351 220 noirs sont prests et en cas quil en souhaitte

2792 1710 2144 214 que ie luy envoyeray des eschantalions et

2795 1839 2258 220 qu'il aura quelque chose de beaux et bon

2804 1951 2094 229 marche pour lny monstrer ien esleet

2790 2062 2148 215 qui la toit de m'avoir abandonne

2795 2253 2124 172 et pour regagner pr la sa chalandise

2801 2330 2186 221 ie vous salue et  particulierement vre

2809 2426 926 201 onele et suis

4627 2541 137 136 6

2794 2557 2285 197 Bruxelles Jacomo Rousseau A1sber 1715

2860 2689 2289 208 Jay receu lhonneur de la vre 18 du passé. il estbien

2812 2788 2249 198 q'avez fait honneur a mg traitte en faveur m.

2858 2921 2238 210 Eugene henrij friez de ƒ2304:- de change ie vous

2825 3057 2299 176 prie avoir la bonte procurer l& jequis de deux

2787 3164 2298 202 met remises cy incluses scavoir £60: de change

2803 3258 2310 183 sur  de nicolais payable ie 3 du cour et de £40

2806 3372 2046 191 sut Bapt leais au 6 du courant vous

2823 3472 1282 212 m'obligerez qui suis
