5445 3934
664 114 2217 116 boden hebbe heer te lande weynigh credit en sack het

688 155 2188 168 ue noch gesey dat ick niet geerne geaccepteerde briev

652 273 2228 114 sien aen d'ordre des treckes soo verneggteeert worde

654 360 2226 149 want dat baert speculatie en geschiet ordeneur ne

666 425 2191 135 als om nedene ue tratos opssicht voor Dh Aendmand

662 520 2148 156 broeta en is mij noch niet gepresenteert sal niet

653 599 2214 164 naer laeten de selve promipt te verneeren ende soo

643 692 2231 171 blijve iet van profijt voor coeniende magh uede

656 840 827 146 hijt waer nemen

2115 814 605 224 30 sber 1716

589 888 1245 205 tournay Ja francos Soevenaerts

1564 988 63 72 e

656 944 2161 219 Jay receu la chere vre 17 sber en sontemps pujons

682 1063 2187 194 ties sur vre paroles voy la demain le derneird a moy

668 1151 2204 215 et je ne recoivent de vos nouvelle a quil n'est pas

663 1266 2190 196 laisonnable il faut te ur parole sil vs plaiss ur

679 1342 2197 208 considerez un peu en quelle estat que ns ns trovons

653 1458 2192 243 presentement point de debite l'argent ne roulle pas

690 1553 2194 195 et cependant pleun de marchandise dont il ons faut

682 1641 2163 242 saipe le payement content ie vs prie dont de sras

661 1749 2194 211 la me vouloir fapier la somme promisse et vs

653 1824 2197 226 trouvine tousjours prest celuy que je dit enaften

2253 1999 522 151 31 sber 1716

603 2023 330 166 dant

569 2064 1261 200 L ondon John Choppens et Edeeward

602 2141 2208 186 hebbe ue aengenaeme  deser ontfangen ende geene

659 2233 2130 200 gesien den encoop van f £5t0 actus inde & uyte

691 2357 2142 134 comp voor mijne reke ende op mijnen naem geneges

696 2417 2102 161 treet a 102 ¾ £511:17:6 andere vrenden hebben altijts

632 2514 2249 163 ingecoght en naer dat doen en gistreren ende daer voor

674 2594 2179 188 gebrocht N5 en Ret en maer 2 pmet provisie daer

642 2680 2168 155 e met int jaer van  £300: hebbe ue conform

667 2774 2198 180 gedebiteert £3:11:6 ende ue brato s £204:11 voor ue wed

677 2868 2192 156 hendrick van couwenhoeven en soonen voldaen aƒ ƒ 36:4

655 2934 2206 150 ue gelieve mij een forme van procuratie te sendert die

676 3023 2200 189 ue sal noodisthe hebben tot het ontfangen erande intres sen

662 3102 2174 170 ende wanneer die compe die 6 iet betaelt in een

673 3181 2202 213 payement jaerlijckx oft in 2 payementen ende afte

669 3263 2172 210 buyten den intrest andere faveuren bij die compe te

669 3351 2180 240 verwachten wesen tot mijnder speculatie versoecke

674 3438 2186 221 voor den ingeleyde acceptatie gelieft te besorge e

663 3528 2181 220 Jacobo mendes da  costa en my renvoyeren het

668 3651 2208 196 is geacceptert oft geprotessent blijve naer cordiael

1949 3753 544 116 groetenisse

2969 99 829 175 Gent J:B: Sandelaer

4340 119 587 132 31 xber 1716

2996 219 2249 137 met ue aengenaeme van gisteren becoemen temesen

3002 307 2205 142 £29:8:10 wes: van 19 deser 8 daege data op 03

2995 381 2249 177 van de Jande siencor waer voor heden het noodigh sal

2999 491 1307 157 besorgen seynde van herten 35

4492 568 560 131 2 sber 1716

2940 587 1221 179 Rotterdam Dionijs verbargh

2974 660 2243 151 mijnen laeste was 8 passato sedert sonder d heere van

2966 773 2180 121 ue mij altijts aengenaeme hebbe advis en nn

2956 826 2301 183 van een balle &N24 van halle op acost afgelae

2947 904 2212 215 de pr Jocathan bagvell met 36 as bayes a65

2968 997 2265 199 ider gereduceert weede 80 ue eerst daghs stont te ver

2955 1107 2305 170 trecken verhoepe hijden laesten torm niet sal hebbe

2954 1211 2308 161 opt moet ende dat gat hem sal geleve salvate brenge

2964 1325 2239 131 ue daer iets van verne mende geleeve mij te aviseren

2974 1395 2304 185 en sbij sijn arrivement de baele sies te depasche

2961 1503 2301 137 ren aengaende de oncos te rick voorle den gesonde moch

2970 1603 2299 169 ne sagge ue sich abieseert int betaelen dant vraghte van

2949 1678 2320 185 22 en   23 en comt willenson ƒ 28:8 ue stelf

2921 1796 2351 208 ƒ25:4 aen thomas verne ƒ9 ue stelt ƒ6 aen I pens

2942 1923 2204 157 teny t 36 ue stelt ƒ4 bidde mij eens te melde op

2963 1988 2315 182 wat voet iude vrachte betaelt ende wat de schip

2959 2091 2145 176 pers  volgen coustanne soo van laecken

2946 2226 1366 153 buyen carseyen totkomt blijve

4267 2309 553 158 3 xber 1716

2932 2334 959 172 Gent J:B desaedelaer

2932 2369 2322 166 mijnen laesten is 31 past desen tot het op senden van

2935 2506 2266 116 den ingesloeten brief tsen laste by mij addve heden

2921 2596 2295 124 gevallen ende door mij voor ae reacquitteert aen

2924 2670 2318 121 Dh Jacobus de Connels £100 aƒ 66 dsi I vlaimes

2925 2724 2329 140 £183:15 waer voor mij gelieft te creditieren en in alle

2938 2805 2334 132 occasien leber te disponeren bidde mij eens te melo

2933 2914 2220 125 ofter a cogh waegens adroiteur op &c wesen

2925 2974 2293 121 voor oop man schapgien en welt daere inde weete

2935 3044 2300 140 dge derre waerty vertrecken moete alldaer een pa

2950 3140 2258 181 laeckens addvisseeren aengaende mijne onder ue

2924 3204 2333 177 wenste wel ue soo goet waere mij at te helpen ende

2964 3282 2282 174 eens een slot van die drove reck te hebbe want ick

2957 3396 2314 128 sien dat op die negosie niet meer te deneken is en ge

2963 3430 2256 208 ick ick nieuwe socken met het nieuwe jaer moete

2947 3495 2260 217 maecken soo soude geerne die reck sluyten en sal

2952 3609 1964 233 mij ten hooghten verplchter die bi
