5369 3972
475 83 2226 155 en lichaem in dit begonnen nieuve jaer met veele

497 223 2202 97 volgende tot contentement est saligheydt verhoepend

464 297 2212 119 datter occasie sal voorvallen om onse begooime

475 388 2113 179 kennisse en correspondentie te vermeerderen

492 483 2192 165 waertoe alles van mijnen cant sal contribneeren

487 591 2143 170 wat in mijn maght is hebbe seer schoone pansye

479 689 2200 177 versche moede couleure spaensche en geperste

466 809 2202 156 laekens ontfangen tot ue dienste blijve van

472 943 1253 183 herten in safwaghtinge

428 1010 2192 272 Ghendt JBapt De Saedelaer Ady 16 Januari 1715

507 1163 2146 135 in conformitende van ue laesten 29 xbor haest hebbe

497 1251 2078 196 ick van ijds tot tijdt verwaght rekeninge van het

491 1395 2091 149 vercoghte doch als noch niet vernoemen. droeviger

483 1486 2127 193 negotie en cander niet beggeijft worden alster niets

502 1572 2156 179 meer aen te doen is soo in aemen spatientie hebben

501 1690 2096 176 ende heteraem vandonneeren is ick bidde ue

501 1810 2125 215 gelieft mij van het vercoghte rekeninge te senden

497 1915 2140 198 ende te noteeren hoe ick met de restant en staen

511 2029 2164 179 wenste ins gelyckx wel ue mij eenige remises geliefde

491 2106 2206 205 te doen want het vercoghte diende nu wel ingecoemen

470 2215 2209 173 te wesen oft my te permitteeren in ue de trecken

479 2306 2195 189 want daer men te goet vindt can men nan welickx

508 2419 2195 163 iets becoemen ben geloove niet dat men ellendighen

466 2527 2077 207 tijden voor negorie in dese landen gesien heeft

495 2610 2062 174 ick ent waifele niet meer aen ue volcoeme

474 2720 2029 191 berstellinghe in gesontheydt waer van ue de

471 2807 2168 187 continuatre wensche in dit begoenen men ue jaer

483 2914 2178 166 met veele volgende in alle soorten van benivice

496 3019 2059 197 tot contentement en saligheydt blijve

405 3117 2197 238 Antwerpen Jacobus snollaerts Ady 168 ditto

465 3308 2189 144 sedert dat de laeste reyze ue gesprocken hebbe soo

423 3347 2276 227 hebbe ick tot nu toepatientie gehadt ende verwaght

400 3531 2266 126 dat ue sijne beloftten soude hebben naergecoemen

435 3571 2247 194 dat heeft nu van in Aprit laest geduert  ue oiy

457 3664 2185 199 met goede woorden heeft gepaeydt ietsegestande

2728 94 2321 123 hebbe ick ue nogh goet gelevert dat ue belieft heeft ende niet

2750 194 2258 188 eenen stuijver ue meer in rekeninge getracht alt het mij

2740 292 2286 129 andere generaelijck en betaelen meerder preuve van

2758 423 2250 174 mijne genegentheydt om met ue rehandelen en can

2759 508 2309 179 ick ue niet geven ende daer op diende ue voor soo veel

2755 660 2214 146 inue maght is te correspondeeren maer op de

2744 741 2203 151 maniere gelijck eno mitmj coemt te ageeren en

2744 869 2284 117 connen geene menschen approbeeren. ue can wel

3373 964 408 88 van tijdt

2753 973 2235 167 dencken dat ick ope tot tijts op Engelandt moete

2754 1077 2226 192 remitteeren ende dat alle de weerelte present soo

2744 1203 2272 121 prompt niet en betaelt soo dat menis ue door dien

2732 1286 2339 156 ett dan door dander nootsaehelijck moet gesoulgeere

2733 1432 2299 153 worden dat coeme icke ue nogh eens minnelyen p

2737 1522 2345 174 desen versoeken en vraeghen opdat wij goede vrinden

2724 1626 2308 198 vesaemen moogen blijven watt om daeghelijckx

2744 1744 2292 164 ue huys afteloopen en is mijn unniet niet nochte en

2723 1862 2313 117 soude ue oock niet aengenaem wesen daerom vinde

2717 1981 2204 124 & raetsaemen in stilte met desen brief ue mijne

2746 2069 2200 154 intentie henbaer te maeken biddende niet langer

2740 2177 2256 146 uyt te stellen van aen mijn soo redelijck versoeck

2735 2252 2229 198 te willen voldoen verhoepe ue huy svrouwe in

2736 2359 2304 180 gedonheydt hertelt is, ende dat hodt ue beyde iudit

2752 2475 2278 138 begonnen jaer met veele volgende naer siel en lichaem

2759 2580 2203 195 caesinen seghen gelieven te geven tot ue beyde

2783 2685 2307 188 contentement en saligheydt en bljve van herten d

2720 2775 2175 221 Rotterdam Dionys Werburgh Ady 18 Januarie 1715

2753 2936 2291 165 tot mijne verwonderinge ben ick als noeh sonder voordere

2745 3052 2320 118 ue my altijdts aengenaeme als 30 gber laet in conformureydt

2745 3110 2287 192 van dien en hebbe ick niet getwyfeldt oft de saeke wegens

2752 3251 2220 136 het malheureus pack soude geeijndight worden dogh

2738 3286 2337 175 geen voorder advies hebbende moet ick oordeelen de selve

2768 3435 2316 148 in voorighen staet te wesen dat een van de droeffe

2760 3513 2298 122 affairens is die mensch in de weereest can overcoemen

2764 3635 2168 112 op soo eene maniere van ageeren soude een geringh

2775 3731 2307 95 parsoon connen gernineert worden die bi disdaentighe oft

2775 3802 2304 84 waerderen voor val den middeh niet en hadde ops spps
