5479 3943
489 83 2215 118 tousles jours avec la grace de Dau tellement q je me puis

493 184 2243 112 flatter et vs asseurer q'n'aurez jamui veu plus bel ansortiment

485 250 2236 139 q je nayt pr le present de touttes sorte de maschandises a vre service

492 310 2195 131 tant draps noirs bleu et drap de dammes draps d'engleterre de

493 398 2201 124 toutte sorte de couleur s a la mode de 42.4. 45:48.5d.54:58

476 516 2213 102 a ƒ3 plus fins a ladvenant bayes carisces faanelles et autres

467 568 2265 158 sil vs conviinne faittez moy cet honneur la et es aurez lieu

474 667 2235 118 d'estre content enfin je vs asseures q vs en serez servi piecux

491 741 2215 127 ne meillieur marche q de celluy quil je recommande envos

484 834 1980 120 bonnes graces et le dit come a touste vre chere famelle

1790 915 524 130 16 Jullet 17

407 906 670 153 tournay et du he

478 927 2203 200 je vierne de recevoir lhonneur de la vre dhier pr repone

456 1082 2265 130 je vs diray p personne acupionde ne peus estre plus accomsde

474 1128 2241 142 ble  je ne pretende d'estre pr rendre servee aus a mes mais

469 1224 2259 104 considerez sil vs plaist sil ne ns est pas necessaire de longee

472 1295 2222 131 nuit et jours pr ns rendre en cet at afiernir des remeces

481 1363 2239 170 en angleterre pr les marchandisis dont ilns faut fournes

484 1465 2215 155 la bes il ny a point du credit sans argent contentilay et

479 1544 2160 128 rien a faire comment vouleuvs qus ns en pounajons

471 1636 2242 164 rien ne mest plus agriable q dapprendre q me veindres

489 1753 2247 107 voir vs me feres tres bien venue eu je ne souhaitte  dentre

477 1831 2253 135 denin vre chalandise aussy vs vs trou verez toujours bien avec

491 1937 2227 150 moy carje vs serviray tres bien et tres exactement en touttes

472 2005 2222 195 occasions je vs peus dire q ne trouverez les assortiments dans

497 2125 2198 151 tous les pays dont ie suis assorte pr le present a vre services

507 2186 2199 148 je seray done attendant l'honneurde vs voire je me fie su

488 2312 2190 101 vos pre messes mais je vs prie de pace et tres intanment

489 2358 2242 137 a me vouloir envoyeer darance quelq remises pr la raison

473 2498 2252 118 cy dessces mentionneé sil ne seroit o cents lievres de por je vs

492 2538 2236 135 en acroy dobligation je vs en tesmoigner ay ma re connoissan

472 2606 1479 151 ce en toutte occasions perce la emie dif

389 2695 1289 188 Brussel nicolas Donsedan

1782 2691 865 194 Ady 17 Julii 1715

434 2823 2293 185 Ick en wisse niet wat het beduyde dat geen antwoort

418 2940 2215 169 van ue en omtinge nu becoeme eyndelijck ue brief

452 3039 2148 168 van gistere en can ue maer ƒ60:- courant r

451 3178 2186 113 rekene betaelen ick sal die accepteeren om ue de

430 3266 2218 129 thoonen gelyck: ick ue altijdts beloeft hebbe dat ick

426 3354 2309 165 geen inteutie en hebbe als eerlijck met ue te handelen

424 3469 2303 123 vertrouwende dat ue den woordt hat maintineeren

408 3605 2253 126 ende voor het toekoemende beeter geen sorghe

405 3682 2295 120 draeghenom mij te volioen, ick bidde ue aos ontmanck

424 3788 2245 72 deser die tegaen tellen aen Dh Jacomo Rousseaue

2812 92 2164 190 ick sende hem daer van quittantie die hy ue sal

2809 209 2223 198 geven. hij woondt achter het stadthuys nevens

2774 327 2265 187 radheer van hoch. sal mij hier op verlaeten ende

2800 451 2239 173 daer ick ue can dienst doen salt ue bethoonen

2798 590 656 121 te wesen

2785 671 2155 203 Bruxelles Jacomo Rousseau Ady 17 Julu 1715

2794 821 2313 150 en suitte a lhonneur de la chere vre 11 du courant

2802 962 2322 134 i'espere que le s michiel van schoor at acquittie

2792 1033 2375 209 les ƒ300:- de change a sa charge sa medy dernier

2788 1218 2315 136 comme il ue vous pas le pienne ie ne voys ay

2788 1300 2240 167 point envoyce ex traiert du compte courant

2793 1424 2251 120 ce serve pour la fin de l'et unce sil plaise

2792 1537 2250 163 a dier &ie vous prie d'envoyeer quelq un de

2786 1652 2027 140 vos gens pour avoir spaygement de ma

2798 1781 2192 179 quittence cy incluse de ƒ60:- argent courant

2793 1896 1962 165 payable pr Certain nicolas Dousedan

2794 2006 2291 175 conteraes van den Dwingh huyse a costy: lode

2800 2120 2265 169 marque de les paseer vous mobligerez qui

2793 2232 276 164 say

3482 2277 68 108 £

4338 2242 538 190 19: July 87158

2791 2263 694 182 Mons Adaourt

2804 2380 2356 152 ensuitte a ma lettre die 2 du court je vs ay envoye hier p message

2803 2520 2362 117 Jonaert une rolle contenant 1 super fiynne caisee rouse et 2 blan

2828 2584 2329 135 avec le coupon de baye laquelle estoit chez moy la  nurle

2843 2626 2324 135 couleur du plony et un couleur de fer avec le 3 caffende dot

2814 2699 2330 179 ferent couleur ne seront prest q la semaine p qu veenne je

2807 2796 2372 120 vs les envoyerez d'abord plues belles ne plus fene ne vae

2799 2876 2367 150 ne jamais ve ne eut entre temps si ¼ il offre quelqchon

2837 2949 2339 161 p vr service je vs prie p je commander je  les pou is ene

2812 3032 2343 179 voyer eoy en mesme temps an receu de toute sorte

2817 3114 1723 183 de mon celle marchandise a vre

4283 3168 611 161 19 Julette 1715

2793 3224 1282 142 Mons est pe7: PBclc bleux

2807 3285 2364 172 pr reponce a la chere vre du 15 du iourt les caresces ne sera

2816 3352 2336 161 preste q la semaind que van et jauray soinvs en envoy

2818 3445 2270 117 et ans canelle et un couleure die ge long ieulde

2809 3524 2303 116 et dchoddre mais ie sont le plus finne de ƒ 28 de

2813 3567 2331 142 moindre gen ay de isme teinte mais te nacis na

2818 3632 2254 162 vs l'envoyer ce seroit autre di vs q: siroit iey et le

2819 3699 2265 157 voyeroit en pissie car je n'aine point de claintesv
