5450 3934
651 77 2215 112 laeten continueren laetons het op den cl

654 121 2218 172 voet houden tot dat de tijden beteren en het e

658 236 2224 153 sondement gedaen can worden 1ooo eu van

680 348 2200 152 dat werce seffen is al al genoeh van dan can

692 406 2186 175 van swerius coeen brieve ven ja tes fac

681 508 2192 189 en s0o lanck den comack in duytflandris sullen

665 600 2112 204 Engelsche brieven wesen gelieft daer weet opte

638 723 2212 217 garoigileeren remitteeren en can ue leeden niet

552 829 2316 238 consament niet doen trecht bidde ick ue wat onder

655 944 2194 200 de 2 en hebbe niet connen afgeven ue eet

633 1046 2218 225 lanke tot 24 connen trecken meerendeels dat ue

631 1188 2200 194 gesonden hebbe heeft mij 2  gecot dat immert

599 1294 2252 208 aen 8over boortis in plaestene van avanne by

623 1423 1928 178 het remitteeren, geve eenen bries van

619 1533 2215 157 recommondarie aen vlys trauwe matthras

632 1636 2086 200 sira mien blouw verver dat seckeerlijck

632 1749 2148 202 leyden weesen in cosy gaet om

604 1866 2141 175 coopen op dat ue de gaetheydt heeft haerten

614 1971 2250 199 regnen te helpen en goet aenloye magh doen

595 2083 2227 179 veerlijcke uyden tescontreeren bidde haer

596 2206 2107 181 met ue goeden raedt iustrietre wille geven

1970 2307 708 182 11

550 2446 2247 196 ingesloeten een briefce saujusdij 2 uso op Dh

607 2565 2275 187 Jan van eel nostordan ddres abraam de ri

587 2664 2279 167 a cost 136½ croonen a 82 bancs £48:12:9 waer

580 2776 1762 182 voor het noodigh gelieft te besorge blijve

553 2826 2250 258 G hendt Jean Bapt De Saedelaer Ady 2 xber 1716

564 2963 2315 220 resegkere mij aen mijnen van gisseren. desen tot couvert

581 3083 2210 167 vanden brief ien laste door mij voor ue rekene

599 3162 2248 252 geacquisteert aen dlr Jacobus de connen van 150

575 3332 2291 182 ƒ 36:9 die ue met quttantie toesende biddende mj te

598 3412 2246 164 crediteeren vlaems wisselgelde £275:12:6 en in

579 3559 2277 169 alle occasien libers te disponeeren van die blijve

648 3670 247 120 en

2943 86 854 181 Londres Daniel hays

3991 84 990 181 Ady 3 xbre 1716

2964 178 2283 203 je vous ay envoyée p voys dhollande le premmier dis

2961 290 2337 167 courant la lettre de  £100:- sur li vn e

2944 408 2350 178 avec le prosest fautte de payement dout il me vienne

2963 524 2353 182 504:12 en suitte sas comppe marque le voi le

2935 636 2305 157 ett cor avec la seconde lettre pour vous servir d'advis

2932 712 2352 249 priant m'en crediter de conformitee et le senir entre

2943 839 2355 190 vos mains jusques a mellieur advantage a me remettre

2944 954 476 182 te me dit

2926 1064 2209 222 Brussel michiel van Schour Ady 3 xbre 1716

2955 1183 2323 240 Ick hebbe ue 23 past. geschreven met alle ervilsteydt

2956 1335 2229 172 ue en antwoort niet voorders ue heeft alhier in

2930 1482 2259 114 stadt geweest sonder ny te sprecken oft naeer te

2932 1555 2256 192 coemen daer ick ue geen reeden toe en geve nochte

2940 1657 2296 197 gegeven hebbe ue ue mat satisfaist van mij dat en

2952 1770 2295 168 can ics niet gebeeteren want beetere condities als

2934 1890 2306 200 Ick ue gepresenteert hebbe en presenteere en can

2933 1994 2183 215 niemandt doen nochte ue van geen coopman

2926 2114 2364 148 ander desireeren daer om en wittue met mij niet

2938 2240 2259 153 handelen ich moete pastentie nemen maer het is

2940 2334 2294 201 redeelijck dat ue mij gelievere antwoorden en

2941 2448 2251 197 mijnge sonde ne briefkens geaccepteert toesende

2945 2566 1943 191 waer op mj sal verlaeten en blijve

4484 2686 652 156 5 x68a 1716

2933 2666 1298 157 Amsterdamm Dranises Rousseau

2957 2797 2281 122 mijnen laesten prems dser voekme e wel sabn

2962 2860 2276 149 genorden met een briefen  deser vallenden

2944 2959 2319 120 136 ¼ a 32 baneo £46:12:3 op Dr Jan vanlad

2949 3033 2360 171 dres abraam de raet acos met versoecke  op mij oen

2929 3108 2279 108 partije geleefde ter tricke dat verwachte heden geet

2932 3170 2334 147 tweert hebbe den brief op dhr Jan de Bleves tot

2936 3273 2273 121 in antwerpen te betaelen n 200-—  sber 2

2927 3347 2361 112 hebbe geaccepteet becoemen a  36:6 e vlaems  368

2944 3434 2361 156 f 3¼ benio £353  209 sedert is my geworde ue eenge naeme

2947 3503 2334 154 van den selve dato pke october met een er   ber

2929 3595 2367 131 2 usos op redro van Dist 100 a 36:6  vlaems £128-

2938 3695 2350 143 10½ a 3a baneo £176:11:3 die geaccepsert is ue nosern
