5282 3972
339 107 2066 142 van London sal wesen geretourneert sal niet

333 217 2275 152 naer laeten by het toekoemende ue de connossemen

348 330 2287 207 ten aftesenden die van hull maeken het te bove

372 449 2219 166 en blijven vraghten pretendeeren soo als ten

364 555 2215 256 oor loghs tijde dat te exceslie is. bide ue dienaen

339 694 2268 254 =gaende met de schippers te spreken op dat die

369 809 2229 242 wat moogen modereeren: p ue tweeden

385 944 2230 190 hebbe de quittannies op den heere elinck graef

413 1042 2118 205 terugghe ontfangen en aen de eygenaerts

398 1175 2100 210 weder behandight p ue laesten verneme

405 1260 2171 268 het gelijckigh arrivement van thomas faud

399 1413 2219 207 van hull Godt danck met mijn pack en

370 1534 2243 188 ½ inhoudende g. 610 a 813¼ dosijnheus als

413 1668 2187 163 de voorgaende costende sonder de vrappers

384 1800 2250 184 en oncosten netto ste £133:13:3 dat gelieft

403 1907 2128 189 transito te expediceren ende de oncosten

376 2035 2241 194 opt nauiste te menageeren te mitteere u

418 2150 2208 170 ingesloeten op Amsterdam hollants courant

436 2259 2186 204 ƒ 300:- op Dr Gabriell de surmons 23 deser

380 2377 2244 171 vervallen waer voor gelieft het noodigh te

389 2512 2221 135 besorghen en mij te crediteeren. aengaende

363 2598 2264 248 mijn pack worde ick verdrictigh. naer soo groot

418 2735 2152 219 verloop van tijde en ontslaeginge p vouis

397 2867 2232 231 soo te worden uytgestreken al oft men het gaen

419 2995 2221 217 en depit wilde doen door de mosten consnmeer

431 3116 1997 203 is voor waer ongoddelijck hoe connen

344 3237 2270 186 menschen met malhanderen soo ageeren

416 3369 2138 161 ick bidde ue gelieft sogh door vrinden dese

392 3516 2172 159 saeke ten eynde te erggen want het gaen

410 3623 2101 222 de reden te buyren blijve van herten

2668 84 2070 230 Bruxelles Jacomo Rousseau Ady 29 xber 1713

2726 230 2219 216 il m'at este tres sensible devoir p celle que made

2728 348 2170 154 vre mere m'a fait lhonneur de m'escrire le 6du

2741 450 2247 197 courant lincommodise vous sursenuce. j'espere que

2727 636 2221 120 vous en estez ensierretieuz remis pour le present

2722 719 2210 174 ce quil me sera tres agreable d'apprendre i'ay

2727 832 2285 203 ette endanger de perdre matemme laquelle

2734 945 2158 155 at este administree et a l'extremite de petittes

2715 1093 2238 203 verolles mais grace uu seigneur il vat mieux

2732 1238 2241 149 et i'espere quelle sera querie en peude jours

2728 1322 2226 217 le prenne la liberse vous remettre cy incluse

2738 1478 2053 153 et vous prier d'en vouloir procurer le

2695 1564 2147 165 necessaire scavoir ƒ600:- sur mad: Janssens

2739 1683 2229 196 de vote prochetles je suittes et ƒ300:- sir can

2732 1812 2230 238 Beeckmans lesquels payer ont prompst ƒ300:

2740 1948 2184 227 sur michiel van schoor escheu le 21 payable

2702 2080 2308 229 lundy prenurer asvenir et ƒ505:- sur mons

2721 2203 2207 230 Ansillion pour le 9 sbre ensemble ƒ1605:-

2733 2357 2236 198 de change ayez la boun me donnet  nmt

2736 2463 2136 221 d'advis du receu et me croire en touttes

2714 2587 1609 207 occasions que ie suis du ceur

2686 2700 2003 202 Brussel Arimberghen Ady 24 ditto

2750 2823 2284 193 Iick hebbe pr ordre van Jofs van den Berghen van hall ue

2726 2947 2286 173 gisteren p Beurtschig geaddresseert een pack gemercht

2696 3050 2319 216 MW ick vertrouwe sij int passant ue dienaen

2692 3189 2323 163 gaende sal hebben gesprocken faiste van dien neme

2710 3290 2304 171 de liberteydt un het selfse te recommandeeren

2737 3388 2241 170 dat het dogh soo haest moogelijck ophall mach

2717 3504 2326 190 worden voorts gesonden ue connende dienst doen

2738 3617 1878 223 gelieft te disponeeren van die blijvee
