5451 3943
483 80 2171 85 a costy sal gelost worden soo ick niet en tijfele aege

461 158 2225 142 lieve daer voor de noodighe soorge te draegn ende dat p

458 255 2238 155 voerman van de wedt Jcan de haye op bergen soo haest

451 326 2234 180 moogelijck voorts te senden daer is een pas poort bij dat

439 447 1890 125 den tholl betaelt is tot ue naerright blijve

384 543 1134 178 Amsterdam Francois Rousseau

1879 557 558 160 20 maij 1715

448 649 2264 164 Ick en wete niet wat motief aen te nemen om ue beyde van

444 744 2272 200 16 en 17 court te beantwoorden veel min wat ue gemoveerthe

442 842 2260 129 om de nove £765113:8 tot 3 ¼ mijnder schaede te trecken

452 927 2201 208 wel is waerue de ordre hadde voor £1000 als ue mij ad

431 1086 2288 113 van tagienselijck daer tegens conde remisteeren maer wat

431 1175 2291 173 is bij dese ue tratos meer contrarie al dat dato 13 des

445 1262 2231 176 remitteerde ue £244:15 16 banco ue noteerende den

441 1362 2210 194 cours 3 ¼ ende dat tot ue naemiijnt van selven dato

456 1466 2250 158 treckt ue £600 tot 3¼ ende remitteende selfs verwach

444 1598 2258 166 tende de £466 op louit de coninck soude keeren ende

450 1680 2176 182 dat ick uw als 13 geschreven tegens donder dagh soude

445 1780 2261 225 remitteeren hoe ist dan moogelijck dat ue dien selfden

460 1891 2216 177 donderdagh die £765:13:8 tot 3 ¼ mijn schaede coemt

462 2008 2211 176 te trecken ende tanderdaeghs schrijft het avance soo

456 2089 2238 200 nu van ue hebbe sal alhier behoude ten sj favorabele

473 2229 2210 171 occasie op tijt vonde waer aen seer twijffele Ick hebbe

455 2336 2245 141 de selve verhaert ende ue gedebeteert baneo £786:177:8 en

454 2438 2247 155 de nota gemaeckt van e remise op Jons 3o ma Bries

456 2525 2229 178 sel addras toris wouters £600 of 4  £570:15 dat al eso

470 2644 2163 134 de voorgaende mij  p mier can uyt doen daer nu

465 2734 2163 147 noch in te gendeelresic loope beyten den intrest

457 2820 2200 197 van voort gene onder ue hebbe het selfde niet he be

467 2927 2193 149 coemen voorders daer ue soo jeriquuleu is toe aen

445 3024 2222 160 het wesen sonder mijn advis te hebben van een ende

445 3152 2239 179 selven parsoon in 2 ryien soo ½900 aen tenemen

451 3235 2248 179 ende dat brieven just van selven dato ende die geae

438 3346 2265 202 cepteert ick hebbe liever brieven ongeaccepteert dans

449 3463 2254 171 informeert men ach met eenen naer de capacctye

449 3553 2248 176 der acceptanten dat gedaen is en can niet erdaen vor

438 3694 2243 100 den maer ue mevrouwe ue moeder en broeders tot breef

433 3732 2254 126 sal hebbende versoecke ue naer ditto pris van boma ue

2782 24 2320 211 e  cle a  e  le

2801 204 2302 108 advis dat ick ue can seggen is dat die brieven veel tijts

2782 258 2311 182 teeren ende dat en is niet dat ick soecken want op die

2781 397 2312 181 maniere en can men geensond oft jore staet macke

2795 488 2297 146 verders weete ick datter sijn die hienne vrinden

2827 605 2199 168 daer van hebben afgeraeden ue moet jacob ploos

2811 721 2271 164 van hamster beeter als ick seennen doch buyten

2815 843 2237 184 hem en geloove ick niet ue fcauretijt heeft ieke

2830 969 2259 215 geloovk dat heden soude te n rechte gecoe

2805 1084 2291 163 paen hebben tot 3 & considereert hoeick ne met

2815 1186 2254 208 ue tratos staen gelieft mij mijn goet vinden op

2798 1314 2303 184 hijt te remitteeren ende daer op tot mijne advan

2803 1444 2297 169 tape te mvigileeren volgens ue notitie en can

2810 1538 2294 200 mijn op londen afte geven niets als naer die lwe

2807 1639 2221 221 ten het gene tegens naesten post verhoepenae

2813 1763 2206 179 sal connen affacticeeren want men can niet

2808 1868 2278 178 weeten hoe de wissels sullen doagen stellende

2794 1983 2291 225 het frans werck present een ider in constema

2803 2086 2224 209 tie enblisde sijnde mij deerne neet en hebbe

2816 2207 2263 226 ese intresseert men hoort niet als van banque

2813 2316 2238 217 roeten en prostesten ende tereeyt heeren van

2811 2428 2173 212 brieven Ick bidde hetelijck wat beeter mesures

2809 2552 2237 196 voort toekoe mende voor mijn intrest te nemen

2816 2675 2274 202 want ue profiteert soo veel als ick profiteere dat

2790 2819 2298 172 ke even met my genoeghsaem can af meeten blijv

2783 2924 2170 163 Carge houseau et sighe Ady 22 may 175

2793 3016 2237 152 vernoemen heff gepasseerde door ue missive aen

2785 3132 2225 160 S Cogels sijn ue provisionelijck danckbaer voor de

2786 3209 2269 215 gchoemene roeyten. hij belet sijnde en can ue niet

2782 3336 2303 138 voor morgen antwoorden ende het versochte senden

2789 3424 2305 184 niettenin ick vertrouwe dat ue p interin sich van het

2796 3565 2300 142 dappitael sal verseekert hebben soo niet gelieft het selfde

2780 3617 2306 135 te doen hoe eerder hoe liever want iets niet weel

2789 3731 2216 110 wat can voorvallen met dese dan geresise sijten waer

2828 3806 1377 74 op my sal verlaeten en blijve
