5158 3978
1912 110 449 146 2 Julij 1714

378 85 1270 209 te do msterdam franci Rousseau

392 222 2071 178 Boj ue aengenaeme van 29 pat sien ue de weerde

381 347 2156 143 de 4 asignaties op Dhr tenport tesaemen groot ƒ403:7

410 429 2130 173 hollants court hadde ontfangen en afgetrocken t½ pret

396 519 2104 150 agis ue mij banco £64:6:8 daer voorens hadde gecrede

429 621 2046 222 teert ue seght dat voor mijn goet vinden op tjt niet

442 707 2104 194 oonde remitteerenes het d'een post dagh niet laet het

433 812 2162 171 een ander wesen want ick en presseere ue noyt maer

421 928 2102 203 ter contraie geve ue caspo la go dat ue de occasie

419 1038 2124 135 van de borse van amsterdam hadde mij dunckt dat

408 1143 2076 181 ick op soo eenen voet wel een doorgaende negotie

406 1249 2111 210 soude maecken ue can altijts trecken en remitteeren

431 1335 2107 199 weerwaerts ue het can goet vinden oft met advanta

439 1467 2147 192 qe afmeeten ampelder commissien en can  et

439 1563 2090 192 geven tusschen beyden andere a costy profiteeren daer

442 1661 2082 185 van ende mijn schoon moeder wort van post dagh

433 1802 2142 142 tot portdagh betrocken ende daer tegens geremitteert

445 1886 2046 158 ende ick wenstewel ue van de selve niemeurge

452 2008 2071 178 leefde te wesen dan soude wy te saemen wat meer

431 2114 2086 223 der couragie hebben niet tegenstaende dat ick ue

416 2226 2029 222 soo menighmael wegens het afgeven op londen

439 2347 2045 225 geschreven hebben en heeft ue echter niets geeffee

455 2477 2124 178 het nens die conditie wederom erger en medder

445 2587 2071 198 lertijt sal doorde pj ke moeter passeeren ne

461 2693 2118 184 een a 2 post daeghe voor 4 a 500 die ten hoogh

441 2794 2104 152 sten noodigh hebbe ick weete niet wat ick wille

434 2897 2130 223 segegen het gaet met ons tegens den draet want niet

447 3007 2137 210 tegenstaende allen mijn schrijven en vlijven vende

441 3110 2052 213 ick mij altijts tusschen 2 staelen in dasschen

438 3220 2099 194 bidde hertelijck gien occasie van protfijt te laete

454 3328 2057 216 voor bij gaen dat ick ue niet remitteere is om de

424 3427 2077 165 hooge iours van wissel ende dat ue tot de selfde

442 3519 2136 212 avantage faculde can trecken dan i remitteer

440 3626 2115 221 want wy en hebben geene borse meer daer eenige

2714 77 2215 169 staet op gemaecken can worden hier onder oliydts

2701 158 2269 176 notitie der wissels tot ue naerrecht blijve

2722 268 1303 123 naer mensaeme groetenisse

2651 333 2180 258 Bruxelles Jocomo Rousseau Ady 4 Julu 1714

2728 506 2122 235 pour responcee a la vre dhier ie vous envoye cy

2762 638 2096 175 inelus le compte cour p solde duquel il me

2759 731 2155 235 vieune salvo Eriore £ƒ120:8:7 de change comme

2758 883 2172 177 ie vous debite sur compte nouveau priantfaire

2715 1036 2180 163 de mesme le trouvant  ie vous selieite de

2722 1122 2228 162 pout mon coeur de mesme que mad vre mere

2726 1205 2180 223 et toutte la famille au resquard du mariage

2748 1334 2143 190 de mons frere. le bon dieu leurs vieulle

2712 1481 2127 125 donner toutte serte des contente mens et

2756 1569 2193 174 aenedictions priant vres humblement de vouloir

2750 1680 2228 172 faire mes compliments aun nouveaux mariz

2739 1773 1583 181 et me croire pasfaitte ment

2667 1890 2208 215 Rotterdam Dirnys verburgh Ady 5 Julu 1714

2751 2021 2218 212 ngvelte iue aen vehaeme van 29 neli en 5 suntalet

2742 2154 2222 194 hebbe de to baeltiens daer bi vermoede pot danck

2771 2297 2188 173 wel becoemen en achter volgens de oncost rekeninge

2749 2402 2132 183 daer van verwacht die  bidde mij getsenien digh

2765 2518 2177 156 verwondeere ue de minste geene piste aeer e

2767 2608 2157 149 maeckt van het pack tt het grrestie ue can wel

2788 2711 2128 166 dencken dat sulckx uyt de themone niet engaet

2784 2837 2149 127 ick en can niet penetteeren wat daer magh

2785 2929 2165 171 onderspeelen daer en is immers geene saeke in

2780 3036 2199 137 de veereldt oft die can gemodeteert voord en

2747 3130 2062 189 laet ons de moft dondere middel gebruyken

2759 3241 2216 151 om een eynde te hebben daer son altodts vrinder

2786 3346 2026 151 te maeken oft te vinden om eene saeke te

2780 3447 2199 151 accommodeeren½ witt het met het saght met

2734 3548 2235 170 lucken naer het o met vrinden oft middelaes

2767 3672 2210 144 af maeken. ick sal te vreden wesen eschet aen het

2796 3763 2087 107 geval over leveren want het diertte lanck
