5423 3972
448 115 2236 133 ende dat hij aen boort heeft een packette met vier

442 196 2047 217 paer Engelsche seyde  beussens in gevolghe het

443 317 2263 167 ingesloeten connossement voor sjnhoogh weerdigh

473 436 2199 148 onsen heere Bisschos soo neme de libersedt

460 497 2257 196 ue p desen te versoehen het selfde packiettie

451 632 2108 245 goelieft te aenveerden ende het p eersten

435 716 2125 213 moogelijck met jopandt vant volch ue

456 831 2270 226 bekent de Bargie opghendt de doen leveren

459 960 2038 179 aen Dhr Jean Bat De saedelael om

495 1089 2219 175 voorders mijne ordre daer mede te volghen

482 1176 2137 249 ue dit doende sal mij verobeigeeren die

491 1318 2218 231 vant passeerende een letter advies versoeke

579 1466 494 208 Blijve

397 1463 2334 320 gmendt J Bapte De Saedelaer Ady 19 meert171

489 1628 2229 192 referere my aen mijnen laesten 22 pasto sedert

467 1770 2266 184 ben sonder eenige net aengenaeme desen alleen

467 1858 2249 175 Not advies dat ue pr sendinghe van grelt van

478 1965 2254 208 Coppenolle van Brugghe pr bargie voor mij sal

484 2086 2244 240 geaddresseert worden een cljn hacke niet vier

444 2183 2287 259 spaer seyde Engelsche caussens dat versoeke swaegen

460 2305 2252 191 met een voorman van ue kennisse mij gelieft to

448 2423 2103 196 moogelijck toe te senden op dat het niet in het

460 2524 2188 181 ongereet en geraene oock een lester advies isser

467 2623 2191 189 ander addres opt paxke alst mijne gelieft dat

466 2731 2213 214 uyt te doen endte het mijne daer op te stellen om

464 2854 2264 151 reden dit verwaghtende blijve nsgelyckx in alle

451 2949 2259 147 occasien. mirs het seer cleijn moet wesen wilt het

445 3048 2178 159 eenen boede mede brenghen ue magh dat oock

471 3168 1537 130 doen miss met hem accordeerende

1841 3203 741 195 21 meert 1715

385 3296 817 151 Brusselle S: haegens

517 3326 2217 205 en hebbe in lange d'eere niet gehadt ue te sien

519 3428 2224 174 oft eennge ven ue aengenaeme te becoemen conside

525 3531 2211 168 rerende den slechten tijt ende het weynigh vertie

516 3620 2179 182 soo hebbe const deratie gebruyckt ende ue niet

538 3704 2195 176 wille incommodeeren doch present dat ick moch

2795 84 2326 168 voor de versche goederen sorghen ende remitteeren

2799 184 2306 170 ende dat het met den vasten voor ue mede wat

2785 277 2325 182 meerder vertier sal wesen soo en dencke niet dat

2804 381 2238 196 ue mu sal refuseeren te trecken ƒ 300 op reck

2827 457 2312 269 te betaelen aen d'ordre Dhr Jacomo Rousseau

2829 638 2250 216 die ue coeme p desen terecommandeeren

2828 737 2240 224 te willen verheeren ende over coemende

2815 774 2312 309 mij te willen coemen besoecken ue sal alle

2841 936 2283 239 sortiment in abondantie bn mij vinden oock

2830 1042 2283 267 dat ick gereet sal sijn ue te dienen endionse

2804 1184 1830 262 kennisse te onderhouden die blijve

2784 1304 2220 303 Brusselle Paulo de Broger 21 meert 1715

2817 1450 2274 249 hebbe den missiwe door s: ue bemende de dato 17

2823 1596 2289 208 deser wel ontfangen ick en wille mienant van

2818 1697 2302 253 mijne calanten lastigh vallen als ick het eanen

2804 1828 2312 166 euseren maer ue gelieve consideratie te gebruye

2819 1928 2277 190 ende te gedencke dat daer wij te goet con vinde

2803 2057 2264 168 met dese droeve sijde alove al worde versocht

2804 2153 2280 220 van te welle delayeren ende tusschen bijden

2804 2274 2330 256 moeten wij sorgen om penninge tc rancasseeren

2813 2387 2241 184 om onse versche goederen te betaelen daerom

2809 2478 2293 205 versoecke ue van herte can het geschieden dat

2806 2616 2207 220 ick de verschte ƒ 400 tussechen dit en 8 a 10

2802 2731 2276 238 daegen souden moogen trecken voorders het sal

2802 2836 2325 190 mij aengenaem wesen als ue mij sal gelieve te coeme

2808 2969 2330 228 besoecken ende aengaende het sortement versecken

2824 3083 2282 158 ick ue dat ue geen schonder in ghee antwerspen

2828 3202 2247 176 en sal vinden als oock dat niemant meerder

2822 3296 2294 167 devoiren sal doen als ick om onse comespon

2821 3395 2259 165 dentie te moogen onderhouden ende ue wel te

2833 3494 2238 220 bedancn waer op ue magh staet maecken en

2864 3636 654 184 dat ick ben
