5439 3952
594 74 750 177 Mons

1924 94 881 174 Ady 20 gbre 1716

689 134 2121 208 advis de luy, avoir envoyées chier p Jonaert unne

692 290 2103 174 rolleder finnes bayes a ƒ48½ ƒ144 de change

2589 372 117 106 oy

677 398 1305 173 au reste offres deservi

1841 467 744 238 Ady 20 d

612 520 838 208 Mons  Laigle

697 584 2106 199 advis dunne plesee de baye p Jonaert dans unne

707 706 2117 244 relle marque a ƒ46 de change. offres de servie

697 836 1873 202 et la leftre de Caniost  incluse at port

2517 1008 66 55 1

1914 932 692 215 Ady 20 a

550 971 815 193 Mons A. Gallopin

594 1027 2258 235 advis de la marchandise luy envoyee p Jonnert dans

711 1155 2114 175 unne rolle A6 portante ensemble de change

686 1280 1498 200 1145 au reste offre de service

1812 1267 829 332 Aj 1 d

544 1382 1068 287 Mons J Bappt le Bleux

718 1478 2044 235 advis bes facure de la marchandise luy envoyee

660 1621 2216 224 pr Jonaert dans un ballot marque. LBL:B portante

668 1724 1951 259 1486:9 comme au say de ƒ200:- & e qudie

690 1831 2175 247 Jonaert pour son compte ensuitte a ma quittence

672 1935 2178 240 que ie luy en ay livre celle de gallopin

637 2035 2220 253 incluse at port et au reste doffre des

552 2160 2276 241 Bruxelles Jacomo Rousseau Ady 20 gbre 1716

643 2308 2218 258 Jay receu lhonneur de la vre du 14 du cout. il est bie

606 2437 2270 163 ce que  a la bonte m'adviser. celle pour converte

629 2539 2206 187 a les incluses remises de ƒ600: sur mad janssens

644 2658 2210 167 de vote pres les jesuittes et ƒ217:1 sur mons. Jean

652 2768 2166 211 Bapte  dont il vous plaira procurer le

659 2853 2215 229 requisime crediter et n honnorer d'advis de la

638 2983 2236 193 reception de cette v q m'obligera

555 3117 2287 253 Bruxelles mad. Janssens Ady 29 gbre 1716

648 3283 1992 242 advis de ma traitte sur ditte preposte

2920 103 2075 208 Ghendt J Bapt De Saedelaer Ady 21 gber 1716

2963 161 2296 243 in antwoort van ue aengenaeme van gisteren

2954 291 2344 216 bedancke ue voor de expediie vant paaxke en verwaghte

2947 455 2236 177 advies van Ryssel dat het daer wel sal gearriveert

2932 557 2114 195 wesen ick geloove dat ue beeter advantagie vint

2957 669 2270 249 het remitteeren dan by my trecken echter het is

2956 768 2272 273 my indifferent hebbe dat heden gedaen voor £275:-

2937 891 2315 283 date aen dordre de wedue Broeckmans

5136 1057 97 94 6

2938 1030 2251 225 waer van ue deere recommandeere en blyve

2960 1178 2232 238 Brussel C legers Ady 24 gber 1716

2980 1351 2325 182 in antwoort op ue aengenaeme van gisteren

2953 1483 2257 188 moete segghen dat het paxke noch gepackt

2987 1589 2116 211 is waer van het staeltten afgesneden ende

3002 1718 2258 218 aen ue huysvrouwe laest hier sijnde gegeven

2995 1841 2209 186 hebbe soo dat ue geen  en can

2967 1975 2230 186 senden voorders de  dat in soo

2977 2104 2188 176 lange by mj niet gecoght en heeft est

2948 2216 1652 250 off ernn dienst

4324 2369 637 138 25 gber 1716

2954 2385 748 179 Reeds W Cockson

2981 2456 2343 183 Jay reccu en son temps les 2 vres du  sber avec facture

3013 2593 2299 108 d'un ballot de bayers  N24 et  d avec le conpossement du

2980 2636 2334 154 ditto charge dans Jonathan bagvell le quil est arrivee depuis

2977 2735 2286 138 gi au jaignaair et jay bien reccu le ballot dont jayt este aussy

2981 2815 2305 105 bien estonnee de voir les bayes sur tout les finnes de la mar

2982 2900 2334 113 que IH que je nen veu plus de mavie a nul prix sont a la

2964 2965 2294 151 de manufactures a les gard de cellu de NC que ie m'avez

2965 3087 2247 100 envoye l stnnée  1712 dans le ballot N37 a N59 de

2955 3108 2351 137 mesne celles de 65 dans le ballot N41 et  N3 a N59

2951 3228 2346 78 e lus autres sortes de  30  36 et  48 d'année a

2954 3262 2324 117 pirs si bien qu le draps n'est il pas miserable q'ou m'envoye pas des

2957 3297 2347 129 superfinnes marchandises ou je ne regard point au prix et ou jp vs ay tous jours de

2954 3373 2333 122 escrit quil me faut de marchandises extxordinair ou q je n'en peu pas vendre p

2960 3414 2352 114 l'année qui veinne pr la gr de Dieu il m faut de meillieu sortes quoy q je les detrois

2965 3482 2351 115 faire fabrique expres ou il me faut abandonner le commerde je vs remette cy inclue

2963 3525 2342 111 come au ried de cette dont il vs plaira procurer le necessaire mon crediter quoy

2963 3575 2355 112 quelle n'est point payée et menvoyer  pied mon compte ut en reponce

2975 3641 2286 142 de cette parce que je voit faire de nouveau livres en attendant je me dit
