5509 3934
583 80 2253 132 au peed la facture pontant en argend de change ƒ255:9 jay fait

581 132 2238 191 venir d'angleterre dun ballot de 24 p tous couleure canelle

568 235 2263 163 je les aurez bantot pr la grace de ien au premier je vren

558 377 2279 127 fairez voir les eschantillions sil vs duisent vs les poeure

581 413 2250 194 accepter sil ne s duissent ¼ pas il seront pr mon con

548 503 2246 204 te les 3 p de draps dont v e faitmention vs les aurez

566 599 1713 175 avec les carisees bleux je vs salue et suis

483 711 2300 146 London John Schoppens en John EDwars Ady 15 Jpuli5 1715

563 850 2154 156 gesien bij ue aengenaeme 19 pass. mij niet en hadde

586 923 2167 200 connen remitteeren dh Jacobus de Coninck heeft die

557 1022 2220 166 tijdt tot  37 remises gehadt  moete panesttie hebben

594 1117 2186 175 en versoeke soo daer advantagie in wissel coemt

573 1226 2256 175 het voor mij op het savorabelste te willen waernemen

596 1335 2170 160 het moet just tot 3 37 niet geexccuteert worden als

598 1429 2214 185 ue meerder faveur te gemoet soude sicy midteller wjt

584 1534 2196 177 vertrouwe en verwaghte ue mij voort laeghleggende

601 1657 2181 154 intrest sal hebben besorght en goet doen soo als ue mij

614 1737 1967 169 in den eersten heeft gelieven te noteeren naer

576 1843 1639 143 cordiaele groetenisse soo blijve d

585 1936 2225 131 als ue mij geen intrest soude goetdoen soo soute van

625 2036 913 137 de £310 disponeeren

570 2107 2252 124 en geeft dan liever af op 2 usosat wat maer iit

559 2201 1895 193 336:10 a 11 mits caveerende voor de brieven

1927 2306 525 162 16 Julij 1716

548 2325 1254 179 Amsterdam Franois Rousseau

594 2410 2237 166 ue aengenaeme 10 deser hebbe wel ontfange hem doet mij leet te sun

581 2515 2231 98 ende te ondrr vinden dattor geen negotie meer is te dencken ue moet gepersu

596 2581 2222 121 deert. wesen dat het ondoendelijcker is ins afgeven avantagie te beetemen want

606 2653 2222 150 ick can ue goet maecken dat men nu 4 maenden ten minsten nu soo hoogh

562 2717 2255 143 gedaen heeft als het afcoemen brieven voor andere quaertieren sijn taer

1891 2787 179 59 van

540 2793 2278 137 selden en alles wort op de wissels op de borse costy soo nau w cy t gec

552 2863 2287 136 fert dat daer op niet eens en is te n dencken oft spiculatie te maes

579 2942 2239 129 ken daerom als ue ue en dan niet mier met advantagie en can trecke

579 3013 2231 121 en remitteren soo moete ick het op geven en patientie nemen enga

562 3087 2190 107 de het geavanceerde wegens den cacu hebbe my geinformeert ene coorde

559 3146 2243 152 mij soo toeele redene geavanceet dat mij niet en cen resoldaen sijnde

552 3217 2243 150 soo groote destintie en die qualityt den prijs court niet op het laeghtte

549 3313 2284 144 want men heeft men op  17 geweten met een woort men verluft de coeure

569 3402 2264 137 gie siende ende ondevindende dat alles present tegens cours en llanclj mt

565 3447 2246 162 cabale wort ondernoemen en qualijck uyt valt oock is het in faillibelonge

582 3526 2196 83 raetsaere sick daer aen te risgueren als men allenelijck het vice can

555 3589 2216 107 hebben eenen intrest te maecken de oncosten die daer op loopn

559 3646 2280 143 van pack huyshuere provisie resies  noeten meer belove als

566 3707 2126 130 intrest als de occasie voor coent datter on bederffeljcke waere

2923 74 2310 103 soo loegh in prys wesen dat niet meer en soude connen deee watten

2902 154 2307 137 soude connen voorvallen oft niet dan sal ik pose tief resolveeren

2912 225 2290 142 tot ue naemcht daer op gelieve ue te reflecteeren, hiers ja pers

2902 316 2284 129 nem die pertije tolie hebb bij gehadt ende gaocht over tis tott

2895 426 2313 98 N16 en  nu wederom a costy gesonden envercocht tot N35 a

2881 467 2326 179 N36 dat is de moejte weert maer hoe het die dabele sal maecken

2878 546 2362 142 moet den tijt leeren de selve wete ick al consederable slaegen hebben ge

2877 622 2372 156 daen het is waer het is her eenighste affairens van nk af hebbe geve

2891 711 2279 123 doch moegelijck voor ons die daer niet m'avaeren fairt sijn in op

2891 800 477 167 gese bljve

2884 854 2163 206 ghendt franc. L vanden Berghen Ady 17 Julri 1716

2912 985 2184 151 segghen in antwoort ap de mosives doer den notae

2920 1106 2120 158 ff blousmen dato 14 deser aen ons uyt ue naee

2917 1212 2211 175 geschreven dat het noodigh is ue de Antwerpsche

2910 1311 2126 176 crediteuren van den oedel van eynier die luck

2910 1420 2302 177 aen jder int besonden soo ell aen de luy ten lanssche

2907 1508 2281 203 crediteuren advertentie en inspmiatie sende op datter

2910 1670 2239 127 bij niemant geexeipieert oft questie gemoveerten

2893 1732 2012 188 worde daer wy niet en pretendeeren voor te

2908 1826 2149 147 ant woorden want selfs sijn hier crediteuren

2882 1951 2155 122 die wergens in convoearies gecompareert hebben

2908 2043 2216 167 hebben nochte in haer behent gemaeckt hebben

2920 2150 1200 141 tot ue naerright en blijven

4441 2177 120 109 llugh

3856 2229 1272 147 getrekent  & vermoelen

2883 2251 820 180 1 post gesonden

3881 2310 558 151 franc dick

3804 2360 1422 185 Jan PBappte van de Landen Janier

2920 2375 687 190 Ad: 17 Juli 1716

3798 2483 1426 133 vvoor d'erven eA d. van dackhoeven

4205 2565 667 124 dedro melyn

4031 2602 167 145 d

2872 2597 766 173 Leeds Jannus Ebbetson

4603 2662 223 149 316

4283 2676 314 141 169uy

4855 2684 214 136 aij

2880 2717 2349 179 & uwed mij altits aengenaem sijn hel geworden als 17 July 27 Junij

2901 2813 342 78 en 22 seint

2982 2828 2190 95 11 deser met den laesten facture en staelen van de baele N2

2891 2872 2333 147 die p Rocher hall te gemoet sien en by tijde het connosseen

2885 2965 2357 125 daer van verwachten voor de couleure bevallen mij de monsher

2896 3042 2341 131 doch de qualityjt naer hiere prijs & agreeren mj niet ick wenste dat

2884 3138 2363 102 ick meer behaege en beter ue wachtinge by de stucken magh ve

2880 3191 2375 80 den den tijt to soo slecht datter niet te doenen is en dat ick d'accose

2892 3256 2363 89 noch niet gehadt en hebbe van het pack N1 te openin en na

2890 3329 2310 123 te sien soo iet dien aengande noch nuten con schrjve wy

3968 3400 298 61 in deelande

2876 3398 2372 159 tullens de engelsche wolle negotie gants verlieren en dat n weij

2898 3482 2328 104 uge gaime want de lunborgers ende de hollanders laveun

2879 3571 2360 96 coap laecken al de engelske conmen donen mindere mane

2876 3619 2369 142 fachere befenmen sij oock te onder nemen ende door d'abondantie die

2885 3688 2363 121 presen te hier te lande van alle cente gebrocht en overvoert wort

2886 3759 2351 88 en can men op het niet van eeren ooc ien ick de casseyen en baye
