<?xml version="1.0" encoding="UTF-8"?>
<alto xmlns:xsi="http://www.w3.org/2001/XMLSchema-instance"
      xmlns="http://www.loc.gov/standards/alto/ns-v4#"
      xmlns:page="http://schema.primaresearch.org/PAGE/gts/pagecontent/2013-07-15"
      xsi:schemaLocation="http://www.loc.gov/standards/alto/ns-v4# https://www.loc.gov/standards/alto/v4/alto.xsd">
   <Description>
      <MeasurementUnit>pixel</MeasurementUnit>
      <OCRProcessing ID="IdOcr">
         <ocrProcessingStep>
            <processingDateTime>2022-02-11T21:33:12.798+01:00</processingDateTime>
            <processingSoftware>
               <softwareCreator>READ COOP</softwareCreator>
               <softwareName>Transkribus</softwareName>
            </processingSoftware>
         </ocrProcessingStep>
      </OCRProcessing>
   </Description>
   <Layout>
      <Page ID="Page1" PHYSICAL_IMG_NR="1" HEIGHT="3943" WIDTH="5523">
         <TopMargin HEIGHT="0" WIDTH="5523" VPOS="0" HPOS="0"/>
         <LeftMargin HEIGHT="3943" WIDTH="0" VPOS="0" HPOS="0"/>
         <RightMargin HEIGHT="3943" WIDTH="0" VPOS="0" HPOS="5523"/>
         <BottomMargin HEIGHT="0" WIDTH="5523" VPOS="3943" HPOS="0"/>
         <PrintSpace HEIGHT="3943" WIDTH="5523" VPOS="0" HPOS="0">
            <TextBlock ID="region_1638874429366_779"
                       HEIGHT="3812"
                       WIDTH="2330"
                       VPOS="54"
                       HPOS="525">
               <Shape>
                  <Polygon POINTS="525,54 2855,54 2855,3866 525,3866"/>
               </Shape>
               <TextLine ID="region_1638874429366_779l1"
                         BASELINE="534,220 639,212 744,206 849,202 954,198 1059,196 1164,196 1269,196 1374,196 1479,198 1585,199 1690,202 1795,204 1900,206 2005,208 2110,208 2215,208 2320,208 2425,206 2530,202 2636,198"
                         HEIGHT="218"
                         WIDTH="2130"
                         VPOS="77"
                         HPOS="520">
                  <String ID="string_region_1638874429366_779l1"
                          HEIGHT="218"
                          WIDTH="2130"
                          VPOS="77"
                          HPOS="520"
                          CONTENT="Pournaye f stevenars Ady 13 Juin 1716"/>
               </TextLine>
               <TextLine ID="region_1638874429366_779l2"
                         BASELINE="652,346 758,340 865,334 972,330 1079,326 1186,324 1293,324 1400,324 1507,324 1614,324 1721,326 1827,328 1934,328 2041,330 2148,330 2255,332 2362,332 2469,330 2576,329 2683,326 2790,322"
                         HEIGHT="156"
                         WIDTH="2167"
                         VPOS="247"
                         HPOS="638">
                  <String ID="string_region_1638874429366_779l2"
                          HEIGHT="156"
                          WIDTH="2167"
                          VPOS="247"
                          HPOS="638"
                          CONTENT="Jamais ne m'est arrivee ce quil m'arrive jayteu"/>
               </TextLine>
               <TextLine ID="region_1638874429366_779l3"
                         BASELINE="628,452 735,447 843,442 951,438 1059,435 1167,433 1274,432 1382,432 1490,432 1598,432 1706,432 1813,432 1921,434 2029,434 2137,436 2245,436 2352,434 2460,434 2568,432 2676,430 2784,426"
                         HEIGHT="174"
                         WIDTH="2184"
                         VPOS="323"
                         HPOS="613">
                  <String ID="string_region_1638874429366_779l3"
                          HEIGHT="174"
                          WIDTH="2184"
                          VPOS="323"
                          HPOS="613"
                          CONTENT="plus de confience en vous. je n'aytesse capable cause"/>
               </TextLine>
               <TextLine ID="region_1638874429366_779l4"
                         BASELINE="644,576 748,563 852,555 956,548 1060,541 1164,536 1268,534 1372,532 1476,530 1580,530 1684,532 1788,532 1892,532 1996,534 2100,534 2204,534 2308,534 2412,532 2516,530 2620,526 2724,522"
                         HEIGHT="191"
                         WIDTH="2110"
                         VPOS="430"
                         HPOS="629">
                  <String ID="string_region_1638874429366_779l4"
                          HEIGHT="191"
                          WIDTH="2110"
                          VPOS="430"
                          HPOS="629"
                          CONTENT="du chagrin &amp; faire responce a la vre 6 pin il"/>
               </TextLine>
               <TextLine ID="region_1638874429366_779l5"
                         BASELINE="644,662 754,659 864,656 974,652 1084,650 1195,648 1305,646 1415,644 1525,642 1635,642 1746,640 1856,638 1966,638 2076,636 2186,634 2297,632 2407,632 2517,628 2627,626 2737,624 2848,620"
                         HEIGHT="208"
                         WIDTH="2234"
                         VPOS="535"
                         HPOS="630">
                  <String ID="string_region_1638874429366_779l5"
                          HEIGHT="208"
                          WIDTH="2234"
                          VPOS="535"
                          HPOS="630"
                          CONTENT="fault temr parolle bn s on ne merite point du credit"/>
               </TextLine>
               <TextLine ID="region_1638874429366_779l6"
                         BASELINE="684,782 791,776 899,772 1007,767 1114,762 1222,760 1330,756 1437,754 1545,752 1653,750 1761,748 1868,746 1976,744 2084,742 2191,740 2299,738 2407,736 2514,734 2622,732 2730,729 2838,726"
                         HEIGHT="157"
                         WIDTH="2186"
                         VPOS="652"
                         HPOS="668">
                  <String ID="string_region_1638874429366_779l6"
                          HEIGHT="157"
                          WIDTH="2186"
                          VPOS="652"
                          HPOS="668"
                          CONTENT="ce que ie trouve bon a vos graces est anssy u"/>
               </TextLine>
               <TextLine ID="region_1638874429366_779l7"
                         BASELINE="672,892 779,885 887,879 995,873 1102,870 1210,866 1318,863 1425,860 1533,858 1641,856 1749,856 1856,854 1964,854 2072,854 2179,852 2287,852 2395,850 2502,850 2610,848 2718,846 2826,844"
                         HEIGHT="164"
                         WIDTH="2181"
                         VPOS="762"
                         HPOS="657">
                  <String ID="string_region_1638874429366_779l7"
                          HEIGHT="164"
                          WIDTH="2181"
                          VPOS="762"
                          HPOS="657"
                          CONTENT="ett sans doubte depuis plus long temps que le s."/>
               </TextLine>
               <TextLine ID="region_1638874429366_779l8"
                         BASELINE="676,990 784,986 893,983 1001,979 1110,975 1219,972 1327,970 1436,968 1544,966 1653,964 1762,962 1870,962 1979,960 2087,960 2196,960 2305,960 2413,962 2522,962 2630,964 2739,966 2848,968"
                         HEIGHT="174"
                         WIDTH="2204"
                         VPOS="875"
                         HPOS="661">
                  <String ID="string_region_1638874429366_779l8"
                          HEIGHT="174"
                          WIDTH="2204"
                          VPOS="875"
                          HPOS="661"
                          CONTENT="vermoeken. vous n'avie pas besoing de masseures "/>
               </TextLine>
               <TextLine ID="region_1638874429366_779l9"
                         BASELINE="656,1102 765,1098 874,1094 983,1090 1092,1087 1201,1084 1310,1081 1419,1078 1528,1076 1637,1074 1747,1074 1856,1072 1965,1072 2074,1070 2183,1070 2292,1072 2401,1072 2510,1074 2619,1076 2728,1078 2838,1082"
                         HEIGHT="181"
                         WIDTH="2212"
                         VPOS="955"
                         HPOS="642">
                  <String ID="string_region_1638874429366_779l9"
                          HEIGHT="181"
                          WIDTH="2212"
                          VPOS="955"
                          HPOS="642"
                          CONTENT="en homme d'honneur pour le 20 du may may an "/>
               </TextLine>
               <TextLine ID="region_1638874429366_779l10"
                         BASELINE="668,1212 773,1208 879,1206 985,1202 1090,1199 1196,1196 1302,1194 1407,1191 1513,1190 1619,1188 1725,1186 1830,1184 1936,1184 2042,1182 2147,1182 2253,1182 2359,1182 2464,1182 2570,1182 2676,1182 2782,1184"
                         HEIGHT="155"
                         WIDTH="2144"
                         VPOS="1087"
                         HPOS="653">
                  <String ID="string_region_1638874429366_779l10"
                          HEIGHT="155"
                          WIDTH="2144"
                          VPOS="1087"
                          HPOS="653"
                          CONTENT="en cor dilayce d'un mois plus de vos promistes"/>
               </TextLine>
               <TextLine ID="region_1638874429366_779l11"
                         BASELINE="678,1318 775,1316 872,1312 969,1310 1067,1308 1164,1305 1261,1304 1359,1301 1456,1300 1553,1298 1651,1296 1748,1294 1845,1294 1942,1292 2040,1291 2137,1290 2234,1288 2332,1288 2429,1288 2526,1286 2624,1286"
                         HEIGHT="176"
                         WIDTH="1976"
                         VPOS="1195"
                         HPOS="664">
                  <String ID="string_region_1638874429366_779l11"
                          HEIGHT="176"
                          WIDTH="1976"
                          VPOS="1195"
                          HPOS="664"
                          CONTENT="sont cela les recompences a mes cnuilitees 3"/>
               </TextLine>
               <TextLine ID="region_1638874429366_779l12"
                         BASELINE="666,1426 769,1424 872,1422 976,1420 1079,1418 1183,1416 1286,1414 1389,1412 1493,1409 1596,1408 1700,1406 1803,1404 1906,1402 2010,1400 2113,1398 2217,1396 2320,1394 2423,1392 2527,1390 2630,1388 2734,1386"
                         HEIGHT="184"
                         WIDTH="2100"
                         VPOS="1285"
                         HPOS="649">
                  <String ID="string_region_1638874429366_779l12"
                          HEIGHT="184"
                          WIDTH="2100"
                          VPOS="1285"
                          HPOS="649"
                          CONTENT="croyes monsieur que jagiste de bonne hois et en"/>
               </TextLine>
               <TextLine ID="region_1638874429366_779l13"
                         BASELINE="662,1550 770,1543 879,1534 988,1529 1097,1524 1206,1520 1314,1516 1423,1514 1532,1512 1641,1510 1750,1508 1858,1506 1967,1506 2076,1504 2185,1502 2294,1501 2402,1500 2511,1496 2620,1494 2729,1490 2838,1486"
                         HEIGHT="175"
                         WIDTH="2211"
                         VPOS="1419"
                         HPOS="645">
                  <String ID="string_region_1638874429366_779l13"
                          HEIGHT="175"
                          WIDTH="2211"
                          VPOS="1419"
                          HPOS="645"
                          CONTENT="honneste homme mais que lon doibt marches"/>
               </TextLine>
               <TextLine ID="region_1638874429366_779l14"
                         BASELINE="664,1660 767,1650 871,1642 974,1636 1078,1630 1181,1628 1285,1624 1388,1622 1492,1620 1595,1620 1699,1619 1802,1618 1906,1618 2009,1616 2113,1615 2216,1613 2320,1610 2423,1606 2527,1601 2630,1595 2734,1586"
                         HEIGHT="132"
                         WIDTH="2100"
                         VPOS="1543"
                         HPOS="649">
                  <String ID="string_region_1638874429366_779l14"
                          HEIGHT="132"
                          WIDTH="2100"
                          VPOS="1543"
                          HPOS="649"
                          CONTENT="droibt evve mog. ie ne inclaisse pas irer p"/>
               </TextLine>
               <TextLine ID="region_1638874429366_779l15"
                         BASELINE="656,1772 762,1761 869,1752 975,1746 1082,1740 1188,1736 1295,1734 1401,1732 1508,1730 1614,1728 1721,1728 1827,1728 1934,1728 2040,1726 2147,1726 2253,1724 2360,1722 2466,1718 2573,1712 2679,1706 2786,1698"
                         HEIGHT="192"
                         WIDTH="2158"
                         VPOS="1606"
                         HPOS="641">
                  <String ID="string_region_1638874429366_779l15"
                          HEIGHT="192"
                          WIDTH="2158"
                          VPOS="1606"
                          HPOS="641"
                          CONTENT="le nee in ie nerecoive point des amisse ments "/>
               </TextLine>
               <TextLine ID="region_1638874429366_779l16"
                         BASELINE="676,1890 783,1874 891,1861 999,1850 1106,1842 1214,1837 1322,1834 1429,1832 1537,1830 1645,1832 1753,1832 1860,1834 1968,1834 2076,1836 2183,1838 2291,1838 2399,1836 2506,1835 2614,1832 2722,1826 2830,1818"
                         HEIGHT="226"
                         WIDTH="2183"
                         VPOS="1725"
                         HPOS="660">
                  <String ID="string_region_1638874429366_779l16"
                          HEIGHT="226"
                          WIDTH="2183"
                          VPOS="1725"
                          HPOS="660"
                          CONTENT="pour de largent contant en prant l'ouperde"/>
               </TextLine>
               <TextLine ID="region_1638874429366_779l17"
                         BASELINE="718,2002 820,1986 922,1973 1024,1963 1126,1955 1228,1950 1330,1945 1432,1942 1534,1940 1636,1940 1739,1942 1841,1942 1943,1944 2045,1945 2147,1946 2249,1948 2351,1948 2453,1946 2555,1945 2657,1941 2760,1936"
                         HEIGHT="215"
                         WIDTH="2072"
                         VPOS="1836"
                         HPOS="703">
                  <String ID="string_region_1638874429366_779l17"
                          HEIGHT="215"
                          WIDTH="2072"
                          VPOS="1836"
                          HPOS="703"
                          CONTENT="icy ½ pourcent sus tous naye et tirer sut vous"/>
               </TextLine>
               <TextLine ID="region_1638874429366_779l18"
                         BASELINE="668,2112 775,2100 883,2090 990,2081 1098,2075 1206,2070 1313,2065 1421,2062 1528,2060 1636,2058 1744,2056 1851,2056 1959,2056 2066,2056 2174,2056 2282,2056 2389,2056 2497,2056 2604,2054 2712,2054 2820,2052"
                         HEIGHT="185"
                         WIDTH="2181"
                         VPOS="1943"
                         HPOS="652">
                  <String ID="string_region_1638874429366_779l18"
                          HEIGHT="185"
                          WIDTH="2181"
                          VPOS="1943"
                          HPOS="652"
                          CONTENT="a usence ie ne le pourrois faire a 1 pour cent "/>
               </TextLine>
               <TextLine ID="region_1638874429366_779l19"
                         BASELINE="680,2226 780,2216 881,2208 981,2200 1082,2194 1183,2188 1283,2184 1384,2180 1484,2178 1585,2176 1686,2174 1786,2172 1887,2172 1987,2172 2088,2172 2189,2170 2289,2170 2390,2170 2490,2170 2591,2169 2692,2168"
                         HEIGHT="178"
                         WIDTH="2044"
                         VPOS="2065"
                         HPOS="663">
                  <String ID="string_region_1638874429366_779l19"
                          HEIGHT="178"
                          WIDTH="2044"
                          VPOS="2065"
                          HPOS="663"
                          CONTENT="de perte tellement vous n'avez y a me "/>
               </TextLine>
               <TextLine ID="region_1638874429366_779l20"
                         BASELINE="680,2348 782,2333 884,2321 986,2311 1089,2302 1191,2296 1293,2292 1396,2288 1498,2286 1600,2284 1703,2284 1805,2284 1907,2284 2009,2284 2112,2284 2214,2284 2316,2284 2419,2282 2521,2280 2623,2277 2726,2272"
                         HEIGHT="205"
                         WIDTH="2076"
                         VPOS="2168"
                         HPOS="665">
                  <String ID="string_region_1638874429366_779l20"
                          HEIGHT="205"
                          WIDTH="2076"
                          VPOS="2168"
                          HPOS="665"
                          CONTENT="voinettre en responce de cettes quoy quil"/>
               </TextLine>
               <TextLine ID="region_1638874429366_779l21"
                         BASELINE="674,2440 776,2430 879,2422 981,2416 1084,2412 1187,2407 1289,2404 1392,2402 1494,2402 1597,2400 1700,2400 1802,2400 1905,2400 2007,2400 2110,2400 2213,2400 2315,2398 2418,2396 2520,2392 2623,2388 2726,2382"
                         HEIGHT="171"
                         WIDTH="2084"
                         VPOS="2293"
                         HPOS="658">
                  <String ID="string_region_1638874429366_779l21"
                          HEIGHT="171"
                          WIDTH="2084"
                          VPOS="2293"
                          HPOS="658"
                          CONTENT="seroit a dsele d'en seray content et il "/>
               </TextLine>
               <TextLine ID="region_1638874429366_779l22"
                         BASELINE="674,2550 776,2541 878,2534 980,2530 1082,2525 1184,2520 1286,2518 1388,2514 1490,2512 1592,2510 1695,2508 1797,2507 1899,2506 2001,2504 2103,2504 2205,2502 2307,2500 2409,2498 2511,2496 2613,2493 2716,2490"
                         HEIGHT="144"
                         WIDTH="2073"
                         VPOS="2430"
                         HPOS="657">
                  <String ID="string_region_1638874429366_779l22"
                          HEIGHT="144"
                          WIDTH="2073"
                          VPOS="2430"
                          HPOS="657"
                          CONTENT="trouveray icy a dis compter cette lettre mais"/>
               </TextLine>
               <TextLine ID="region_1638874429366_779l23"
                         BASELINE="668,2658 767,2653 866,2649 965,2645 1064,2642 1164,2638 1263,2636 1362,2633 1461,2630 1560,2627 1660,2625 1759,2622 1858,2620 1957,2618 2056,2616 2156,2613 2255,2610 2354,2608 2453,2604 2552,2602 2652,2598"
                         HEIGHT="214"
                         WIDTH="2016"
                         VPOS="2498"
                         HPOS="651">
                  <String ID="string_region_1638874429366_779l23"
                          HEIGHT="214"
                          WIDTH="2016"
                          VPOS="2498"
                          HPOS="651"
                          CONTENT="ny manquet pas ie vous en prie du ie seray"/>
               </TextLine>
               <TextLine ID="region_1638874429366_779l24"
                         BASELINE="718,2766 819,2764 920,2762 1022,2758 1123,2756 1225,2754 1326,2750 1427,2748 1529,2744 1630,2741 1732,2739 1833,2736 1934,2734 2036,2730 2137,2728 2239,2726 2340,2722 2441,2721 2543,2720 2644,2718 2746,2718"
                         HEIGHT="235"
                         WIDTH="2058"
                         VPOS="2602"
                         HPOS="702">
                  <String ID="string_region_1638874429366_779l24"
                          HEIGHT="235"
                          WIDTH="2058"
                          VPOS="2602"
                          HPOS="702"
                          CONTENT="o beiges aprendie daultres mesures ie suis"/>
               </TextLine>
               <TextLine ID="region_1638874429366_779l25"
                         BASELINE="668,2884 707,2884 746,2883 785,2882 825,2881 864,2880 903,2880 943,2878 982,2876 1021,2875 1061,2873 1100,2870 1139,2869 1178,2866 1218,2864 1257,2861 1296,2857 1336,2855 1375,2850 1414,2846 1454,2842"
                         HEIGHT="180"
                         WIDTH="820"
                         VPOS="2783"
                         HPOS="652">
                  <String ID="string_region_1638874429366_779l25"
                          HEIGHT="180"
                          WIDTH="820"
                          VPOS="2783"
                          HPOS="652"
                          CONTENT="en attendant "/>
               </TextLine>
               <TextLine ID="region_1638874429366_779l26"
                         BASELINE="538,3032 648,3018 758,3004 868,2994 978,2987 1088,2981 1198,2976 1308,2974 1418,2972 1528,2972 1639,2970 1749,2970 1859,2970 1969,2970 2079,2970 2189,2968 2299,2966 2409,2963 2519,2957 2629,2950 2740,2942"
                         HEIGHT="266"
                         WIDTH="2234"
                         VPOS="2814"
                         HPOS="521">
                  <String ID="string_region_1638874429366_779l26"
                          HEIGHT="266"
                          WIDTH="2234"
                          VPOS="2814"
                          HPOS="521"
                          CONTENT="Brussel JBapt Beydaels Ady 15 Junii 1716"/>
               </TextLine>
               <TextLine ID="region_1638874429366_779l27"
                         BASELINE="690,3126 791,3117 892,3110 993,3105 1094,3101 1195,3098 1296,3098 1397,3098 1498,3098 1599,3098 1701,3098 1802,3100 1903,3100 2004,3100 2105,3100 2206,3098 2307,3096 2408,3093 2509,3087 2610,3079 2712,3072"
                         HEIGHT="201"
                         WIDTH="2052"
                         VPOS="2978"
                         HPOS="674">
                  <String ID="string_region_1638874429366_779l27"
                          HEIGHT="201"
                          WIDTH="2052"
                          VPOS="2978"
                          HPOS="674"
                          CONTENT="advis dst trecke opreken aen d'ordre Jacomo"/>
               </TextLine>
               <TextLine ID="region_1638874429366_779l28"
                         BASELINE="636,3240 738,3230 841,3222 944,3215 1046,3210 1149,3207 1252,3204 1354,3202 1457,3202 1560,3202 1663,3200 1765,3200 1868,3200 1971,3200 2073,3198 2176,3197 2279,3194 2381,3190 2484,3186 2587,3179 2690,3170"
                         HEIGHT="218"
                         WIDTH="2086"
                         VPOS="3090"
                         HPOS="620">
                  <String ID="string_region_1638874429366_779l28"
                          HEIGHT="218"
                          WIDTH="2086"
                          VPOS="3090"
                          HPOS="620"
                          CONTENT="Rousseau ƒ400:- wisselgelde op rekeninge "/>
               </TextLine>
               <TextLine ID="region_1638874429366_779l29"
                         BASELINE="542,3394 635,3380 729,3369 823,3361 917,3354 1011,3348 1104,3346 1198,3344 1292,3344 1386,3344 1480,3344 1573,3346 1667,3346 1761,3348 1855,3348 1949,3348 2042,3346 2136,3342 2230,3338 2324,3331 2418,3322"
                         HEIGHT="249"
                         WIDTH="1906"
                         VPOS="3195"
                         HPOS="526">
                  <String ID="string_region_1638874429366_779l29"
                          HEIGHT="249"
                          WIDTH="1906"
                          VPOS="3195"
                          HPOS="526"
                          CONTENT="Brussel Joannes Haeghens Ady 15d"/>
               </TextLine>
               <TextLine ID="region_1638874429366_779l30"
                         BASELINE="634,3490 741,3482 848,3476 956,3472 1063,3468 1171,3466 1278,3464 1385,3462 1493,3462 1600,3460 1708,3460 1815,3460 1922,3458 2030,3458 2137,3456 2245,3454 2352,3452 2459,3448 2567,3444 2674,3437 2782,3430"
                         HEIGHT="183"
                         WIDTH="2177"
                         VPOS="3334"
                         HPOS="619">
                  <String ID="string_region_1638874429366_779l30"
                          HEIGHT="183"
                          WIDTH="2177"
                          VPOS="3334"
                          HPOS="619"
                          CONTENT="advis van ƒ400:- wisselgelde die recke op schenl"/>
               </TextLine>
               <TextLine ID="region_1638874429366_779l31"
                         BASELINE="644,3592 744,3585 845,3580 946,3576 1047,3572 1148,3570 1249,3568 1350,3566 1451,3566 1552,3564 1653,3564 1753,3562 1854,3560 1955,3560 2056,3558 2157,3554 2258,3550 2359,3546 2460,3541 2561,3533 2662,3526"
                         HEIGHT="208"
                         WIDTH="2049"
                         VPOS="3452"
                         HPOS="628">
                  <String ID="string_region_1638874429366_779l31"
                          HEIGHT="208"
                          WIDTH="2049"
                          VPOS="3452"
                          HPOS="628"
                          CONTENT="op  d sicost aen d'ordre Dhr sacomo Rousseau"/>
               </TextLine>
               <TextLine ID="region_1638874429366_779l32"
                         BASELINE="1962,3670 1989,3670 2017,3671 2045,3672 2073,3672 2101,3672 2128,3672 2156,3672 2184,3672 2212,3670 2240,3669 2267,3666 2295,3665 2323,3662 2351,3660 2379,3656 2406,3652 2434,3647 2462,3642 2490,3637 2518,3630"
                         HEIGHT="168"
                         WIDTH="588"
                         VPOS="3545"
                         HPOS="1945">
                  <String ID="string_region_1638874429366_779l32"
                          HEIGHT="168"
                          WIDTH="588"
                          VPOS="3545"
                          HPOS="1945"
                          CONTENT="Ady 15d"/>
               </TextLine>
               <TextLine ID="region_1638874429366_779l33"
                         BASELINE="566,3714 623,3706 681,3700 739,3696 796,3692 854,3688 912,3686 969,3684 1027,3682 1085,3682 1143,3680 1200,3680 1258,3678 1316,3678 1373,3676 1431,3674 1489,3672 1546,3670 1604,3666 1662,3663 1720,3658"
                         HEIGHT="163"
                         WIDTH="1186"
                         VPOS="3576"
                         HPOS="549">
                  <String ID="string_region_1638874429366_779l33"
                          HEIGHT="163"
                          WIDTH="1186"
                          VPOS="3576"
                          HPOS="549"
                          CONTENT="Brussel Paulo de Broyeer"/>
               </TextLine>
               <TextLine ID="region_1638874429366_779l34"
                         BASELINE="708,3792 813,3786 919,3779 1024,3774 1130,3770 1235,3766 1341,3764 1446,3762 1552,3760 1657,3758 1763,3757 1868,3756 1974,3754 2079,3752 2185,3750 2290,3748 2396,3746 2501,3741 2607,3737 2712,3731 2818,3724"
                         HEIGHT="195"
                         WIDTH="2143"
                         VPOS="3626"
                         HPOS="690">
                  <String ID="string_region_1638874429366_779l34"
                          HEIGHT="195"
                          WIDTH="2143"
                          VPOS="3626"
                          HPOS="690"
                          CONTENT="advis van ƒs00 wisselgelde die recke op reken op 8 d"/>
               </TextLine>
               <TextLine ID="region_1638874429366_779l35"
                         BASELINE="680,3858 759,3855 838,3853 918,3851 997,3848 1077,3846 1156,3846 1235,3844 1315,3842 1394,3840 1474,3839 1553,3838 1632,3836 1712,3836 1791,3836 1871,3834 1950,3834 2029,3834 2109,3834 2188,3834 2268,3834"
                         HEIGHT="65"
                         WIDTH="1618"
                         VPOS="3791"
                         HPOS="665">
                  <String ID="string_region_1638874429366_779l35"
                          HEIGHT="65"
                          WIDTH="1618"
                          VPOS="3791"
                          HPOS="665"
                          CONTENT="sicht aen d'ordre Dor Jacomo Rousseau"/>
               </TextLine>
            </TextBlock>
            <TextBlock ID="region_1638874432567_782"
                       HEIGHT="3767"
                       WIDTH="2356"
                       VPOS="104"
                       HPOS="2905">
               <Shape>
                  <Polygon POINTS="2905,104 5261,104 5261,3871 2905,3871"/>
               </Shape>
               <TextLine ID="region_1638874432567_782l1"
                         BASELINE="2906,242 3001,229 3097,218 3192,211 3288,205 3384,202 3479,200 3575,200 3670,200 3766,202 3862,204 3957,206 4053,208 4148,211 4244,214 4340,214 4435,214 4531,214 4626,212 4722,208 4818,200"
                         HEIGHT="218"
                         WIDTH="1940"
                         VPOS="83"
                         HPOS="2892">
                  <String ID="string_region_1638874432567_782l1"
                          HEIGHT="218"
                          WIDTH="1940"
                          VPOS="83"
                          HPOS="2892"
                          CONTENT="Loeds William Cootson Ady 17 Juin 1716"/>
               </TextLine>
               <TextLine ID="region_1638874432567_782l2"
                         BASELINE="2972,328 3083,324 3195,321 3306,320 3418,318 3530,320 3641,320 3753,322 3864,324 3976,326 4088,328 4199,330 4311,332 4422,334 4534,335 4646,336 4757,336 4869,334 4980,333 5092,330 5204,326"
                         HEIGHT="186"
                         WIDTH="2261"
                         VPOS="212"
                         HPOS="2958">
                  <String ID="string_region_1638874432567_782l2"
                          HEIGHT="186"
                          WIDTH="2261"
                          VPOS="212"
                          HPOS="2958"
                          CONTENT="Jay receu quatres de vos lettres 12.19 23 may et s de ce "/>
               </TextLine>
               <TextLine ID="region_1638874432567_782l3"
                         BASELINE="2934,438 3045,432 3157,428 3269,426 3381,424 3493,422 3604,424 3716,424 3828,426 3940,428 4052,430 4163,432 4275,435 4387,436 4499,438 4611,440 4722,440 4834,440 4946,438 5058,436 5170,432"
                         HEIGHT="143"
                         WIDTH="2264"
                         VPOS="327"
                         HPOS="2920">
                  <String ID="string_region_1638874432567_782l3"
                          HEIGHT="143"
                          WIDTH="2264"
                          VPOS="327"
                          HPOS="2920"
                          CONTENT="in e Jay fait honneur a la traitte a veuc dem francois"/>
               </TextLine>
               <TextLine ID="region_1638874432567_782l4"
                         BASELINE="2926,578 3040,566 3155,556 3269,547 3384,542 3498,538 3613,534 3727,534 3842,534 3956,534 4071,536 4185,538 4300,540 4414,542 4529,546 4643,548 4758,548 4872,548 4987,548 5101,546 5216,544"
                         HEIGHT="168"
                         WIDTH="2322"
                         VPOS="437"
                         HPOS="2910">
                  <String ID="string_region_1638874432567_782l4"
                          HEIGHT="168"
                          WIDTH="2322"
                          VPOS="437"
                          HPOS="2910"
                          CONTENT="housfield de  £200:- et ie vous en ay debtte en compte"/>
               </TextLine>
               <TextLine ID="region_1638874432567_782l5"
                         BASELINE="2934,676 3047,668 3160,662 3273,656 3387,652 3500,648 3613,646 3727,646 3840,646 3953,646 4067,646 4180,648 4293,650 4406,651 4520,652 4633,654 4746,656 4860,656 4973,656 5086,656 5200,656"
                         HEIGHT="159"
                         WIDTH="2295"
                         VPOS="549"
                         HPOS="2919">
                  <String ID="string_region_1638874432567_782l5"
                          HEIGHT="159"
                          WIDTH="2295"
                          VPOS="549"
                          HPOS="2919"
                          CONTENT="pi vre dernere vous m'envoyez facture et eschantill ions "/>
               </TextLine>
               <TextLine ID="region_1638874432567_782l6"
                         BASELINE="2934,778 3047,773 3161,768 3275,764 3388,760 3502,758 3616,757 3729,756 3843,756 3957,756 4071,758 4184,758 4298,760 4412,762 4525,764 4639,764 4753,766 4866,768 4980,770 5094,770 5208,770"
                         HEIGHT="139"
                         WIDTH="2304"
                         VPOS="685"
                         HPOS="2919">
                  <String ID="string_region_1638874432567_782l6"
                          HEIGHT="139"
                          WIDTH="2304"
                          VPOS="685"
                          HPOS="2919"
                          CONTENT="daun ballot oN 21 avec  des draps. les stonegraye "/>
               </TextLine>
               <TextLine ID="region_1638874432567_782l7"
                         BASELINE="2932,890 3044,881 3156,872 3269,866 3381,862 3494,860 3606,860 3718,860 3831,860 3943,863 4056,866 4168,868 4280,872 4393,875 4505,878 4618,880 4730,882 4842,884 4955,884 5067,882 5180,880"
                         HEIGHT="163"
                         WIDTH="2278"
                         VPOS="769"
                         HPOS="2917">
                  <String ID="string_region_1638874432567_782l7"
                          HEIGHT="163"
                          WIDTH="2278"
                          VPOS="769"
                          HPOS="2917"
                          CONTENT="sont bont pour la couleure mais ie ne vous ay prit"/>
               </TextLine>
               <TextLine ID="region_1638874432567_782l8"
                         BASELINE="2920,1002 3032,992 3144,984 3256,979 3368,976 3481,972 3593,972 3705,970 3817,972 3929,972 4042,974 4154,976 4266,980 4378,982 4490,985 4603,987 4715,990 4827,990 4939,992 5051,992 5164,992"
                         HEIGHT="127"
                         WIDTH="2272"
                         VPOS="893"
                         HPOS="2907">
                  <String ID="string_region_1638874432567_782l8"
                          HEIGHT="127"
                          WIDTH="2272"
                          VPOS="893"
                          HPOS="2907"
                          CONTENT="ordonné de m'envoyeer zelles couleures drats. l'ay en "/>
               </TextLine>
               <TextLine ID="region_1638874432567_782l9"
                         BASELINE="2914,1100 3023,1096 3133,1092 3243,1090 3353,1088 3463,1086 3572,1084 3682,1084 3792,1084 3902,1084 4012,1085 4121,1086 4231,1088 4341,1088 4451,1090 4561,1092 4670,1094 4780,1095 4890,1096 5000,1098 5110,1100"
                         HEIGHT="134"
                         WIDTH="2225"
                         VPOS="1003"
                         HPOS="2900">
                  <String ID="string_region_1638874432567_782l9"
                          HEIGHT="134"
                          WIDTH="2225"
                          VPOS="1003"
                          HPOS="2900"
                          CONTENT="a qunne piesce quelle me couvienne scavoir N386"/>
               </TextLine>
               <TextLine ID="region_1638874432567_782l10"
                         BASELINE="2912,1236 3020,1226 3128,1217 3237,1210 3345,1204 3454,1200 3562,1196 3670,1194 3779,1193 3887,1192 3996,1192 4104,1194 4212,1196 4321,1198 4429,1200 4538,1202 4646,1204 4754,1206 4863,1210 4971,1212 5080,1212"
                         HEIGHT="191"
                         WIDTH="2199"
                         VPOS="1092"
                         HPOS="2896">
                  <String ID="string_region_1638874432567_782l10"
                          HEIGHT="191"
                          WIDTH="2199"
                          VPOS="1092"
                          HPOS="2896"
                          CONTENT="que ferny ie des aultres 2 il ne suffit pas d'envoyeer"/>
               </TextLine>
               <TextLine ID="region_1638874432567_782l11"
                         BASELINE="2928,1350 3042,1337 3157,1328 3272,1320 3387,1314 3502,1310 3617,1308 3732,1306 3847,1306 3962,1306 4077,1309 4191,1310 4306,1314 4421,1316 4536,1320 4651,1322 4766,1324 4881,1326 4996,1326 5111,1326 5226,1324"
                         HEIGHT="181"
                         WIDTH="2327"
                         VPOS="1211"
                         HPOS="2914">
                  <String ID="string_region_1638874432567_782l11"
                          HEIGHT="181"
                          WIDTH="2327"
                          VPOS="1211"
                          HPOS="2914"
                          CONTENT="des marchandises mais il fault suivre ordre de n'en"/>
               </TextLine>
               <TextLine ID="region_1638874432567_782l12"
                         BASELINE="2936,1444 3048,1433 3161,1425 3274,1420 3386,1414 3499,1412 3612,1410 3724,1410 3837,1410 3950,1412 4063,1413 4175,1415 4288,1417 4401,1420 4513,1422 4626,1422 4739,1424 4851,1424 4964,1422 5077,1421 5190,1418"
                         HEIGHT="128"
                         WIDTH="2283"
                         VPOS="1345"
                         HPOS="2921">
                  <String ID="string_region_1638874432567_782l12"
                          HEIGHT="128"
                          WIDTH="2283"
                          VPOS="1345"
                          HPOS="2921"
                          CONTENT="suis pas content du tout non plus de deux dereners"/>
               </TextLine>
               <TextLine ID="region_1638874432567_782l13"
                         BASELINE="2922,1538 3031,1534 3141,1529 3251,1526 3360,1524 3470,1522 3580,1522 3689,1520 3799,1522 3909,1522 4019,1524 4128,1525 4238,1527 4348,1530 4457,1532 4567,1534 4677,1536 4786,1540 4896,1542 5006,1544 5116,1544"
                         HEIGHT="147"
                         WIDTH="2226"
                         VPOS="1447"
                         HPOS="2906">
                  <String ID="string_region_1638874432567_782l13"
                          HEIGHT="147"
                          WIDTH="2226"
                          VPOS="1447"
                          HPOS="2906"
                          CONTENT="balyots 19 et 20 ces soon touts draps de ƒ4 a ƒ34:1"/>
               </TextLine>
               <TextLine ID="region_1638874432567_782l14"
                         BASELINE="2928,1646 3041,1640 3154,1636 3267,1632 3380,1630 3494,1628 3607,1628 3720,1630 3833,1632 3946,1634 4060,1636 4173,1640 4286,1642 4399,1646 4512,1649 4626,1652 4739,1654 4852,1656 4965,1658 5078,1658 5192,1658"
                         HEIGHT="180"
                         WIDTH="2294"
                         VPOS="1523"
                         HPOS="2914">
                  <String ID="string_region_1638874432567_782l14"
                          HEIGHT="180"
                          WIDTH="2294"
                          VPOS="1523"
                          HPOS="2914"
                          CONTENT="ils ne vaillent pas 3:6 nayant pas leure larqeur"/>
               </TextLine>
               <TextLine ID="region_1638874432567_782l15"
                         BASELINE="2924,1750 3027,1743 3130,1739 3233,1736 3337,1734 3440,1734 3543,1734 3647,1734 3750,1736 3853,1738 3957,1740 4060,1744 4163,1748 4266,1752 4370,1756 4473,1759 4576,1763 4680,1766 4783,1770 4886,1773 4990,1776"
                         HEIGHT="178"
                         WIDTH="2097"
                         VPOS="1634"
                         HPOS="2910">
                  <String ID="string_region_1638874432567_782l15"
                          HEIGHT="178"
                          WIDTH="2097"
                          VPOS="1634"
                          HPOS="2910"
                          CONTENT="et p'estants pas vendables parsonne ne les veu"/>
               </TextLine>
               <TextLine ID="region_1638874432567_782l16"
                         BASELINE="2908,1854 3015,1850 3123,1848 3231,1846 3339,1846 3447,1846 3555,1846 3663,1846 3771,1848 3879,1849 3987,1850 4094,1853 4202,1856 4310,1859 4418,1862 4526,1866 4634,1869 4742,1872 4850,1876 4958,1879 5066,1884"
                         HEIGHT="167"
                         WIDTH="2190"
                         VPOS="1772"
                         HPOS="2892">
                  <String ID="string_region_1638874432567_782l16"
                          HEIGHT="167"
                          WIDTH="2190"
                          VPOS="1772"
                          HPOS="2892"
                          CONTENT="principalement a ce suicht. il me fault 12p de "/>
               </TextLine>
               <TextLine ID="region_1638874432567_782l17"
                         BASELINE="2926,1952 3035,1954 3145,1954 3254,1956 3364,1956 3474,1958 3583,1958 3693,1958 3802,1960 3912,1960 4022,1962 4131,1962 4241,1964 4350,1965 4460,1966 4570,1968 4679,1969 4789,1970 4898,1972 5008,1974 5118,1976"
                         HEIGHT="177"
                         WIDTH="2220"
                         VPOS="1876"
                         HPOS="2912">
                  <String ID="string_region_1638874432567_782l17"
                          HEIGHT="177"
                          WIDTH="2220"
                          VPOS="1876"
                          HPOS="2912"
                          CONTENT="superfinnes bayes comme vous pr avec envoyée"/>
               </TextLine>
               <TextLine ID="region_1638874432567_782l18"
                         BASELINE="2934,2072 2965,2069 2996,2067 3028,2065 3059,2063 3091,2060 3122,2059 3153,2057 3185,2055 3216,2054 3248,2052 3279,2050 3310,2047 3342,2043 3373,2038 3405,2034 3436,2028 3467,2022 3499,2013 3530,2006 3562,1996"
                         HEIGHT="171"
                         WIDTH="663"
                         VPOS="1946"
                         HPOS="2913">
                  <String ID="string_region_1638874432567_782l18"
                          HEIGHT="171"
                          WIDTH="663"
                          VPOS="1946"
                          HPOS="2913"
                          CONTENT="an chsivve 1712"/>
               </TextLine>
               <TextLine ID="region_1638874432567_782l19"
                         BASELINE="3458,2066 3542,2063 3627,2060 3711,2060 3796,2058 3880,2058 3965,2058 4049,2058 4134,2060 4218,2060 4303,2062 4387,2064 4472,2066 4556,2068 4641,2070 4725,2072 4810,2074 4894,2074 4979,2076 5063,2078 5148,2078"
                         HEIGHT="173"
                         WIDTH="1721"
                         VPOS="1970"
                         HPOS="3442">
                  <String ID="string_region_1638874432567_782l19"
                          HEIGHT="173"
                          WIDTH="1721"
                          VPOS="1970"
                          HPOS="3442"
                          CONTENT="z dans le ballot N41 de la marque"/>
               </TextLine>
               <TextLine ID="region_1638874432567_782l20"
                         BASELINE="2932,2188 3039,2178 3146,2172 3253,2166 3361,2162 3468,2160 3575,2158 3683,2158 3790,2160 3897,2160 4005,2162 4112,2166 4219,2168 4326,2170 4434,2173 4541,2176 4648,2178 4756,2180 4863,2182 4970,2182 5078,2180"
                         HEIGHT="193"
                         WIDTH="2177"
                         VPOS="2064"
                         HPOS="2917">
                  <String ID="string_region_1638874432567_782l20"
                          HEIGHT="193"
                          WIDTH="2177"
                          VPOS="2064"
                          HPOS="2917"
                          CONTENT="3 D 34 &amp; 51 et austy 12 p superfinnes bages"/>
               </TextLine>
               <TextLine ID="region_1638874432567_782l21"
                         BASELINE="2934,2292 3048,2286 3162,2282 3276,2279 3391,2277 3505,2276 3619,2276 3734,2277 3848,2278 3962,2281 4077,2284 4191,2286 4305,2290 4419,2292 4534,2296 4648,2298 4762,2301 4877,2304 4991,2306 5105,2306 5220,2306"
                         HEIGHT="218"
                         WIDTH="2316"
                         VPOS="2138"
                         HPOS="2919">
                  <String ID="string_region_1638874432567_782l21"
                          HEIGHT="218"
                          WIDTH="2316"
                          VPOS="2138"
                          HPOS="2919"
                          CONTENT="de Joan Pheed wieh  36 y 42 et 25 p de bouney"/>
               </TextLine>
               <TextLine ID="region_1638874432567_782l22"
                         BASELINE="2930,2402 3034,2400 3139,2396 3244,2394 3349,2394 3454,2392 3559,2392 3664,2393 3769,2394 3874,2395 3979,2396 4083,2398 4188,2400 4293,2400 4398,2402 4503,2404 4608,2404 4713,2406 4818,2406 4923,2406 5028,2406"
                         HEIGHT="145"
                         WIDTH="2130"
                         VPOS="2316"
                         HPOS="2914">
                  <String ID="string_region_1638874432567_782l22"
                          HEIGHT="145"
                          WIDTH="2130"
                          VPOS="2316"
                          HPOS="2914"
                          CONTENT="bayes N54 ou melieure marque si vous en"/>
               </TextLine>
               <TextLine ID="region_1638874432567_782l23"
                         BASELINE="2916,2522 3026,2513 3137,2508 3247,2502 3358,2500 3468,2498 3579,2496 3689,2496 3800,2497 3910,2498 4021,2500 4131,2502 4242,2504 4352,2506 4463,2508 4573,2510 4684,2512 4794,2512 4905,2512 5015,2511 5126,2508"
                         HEIGHT="182"
                         WIDTH="2240"
                         VPOS="2416"
                         HPOS="2900">
                  <String ID="string_region_1638874432567_782l23"
                          HEIGHT="182"
                          WIDTH="2240"
                          VPOS="2416"
                          HPOS="2900"
                          CONTENT="houves trouver lesquelles 48  de gayez vous"/>
               </TextLine>
               <TextLine ID="region_1638874432567_782l24"
                         BASELINE="2924,2622 3035,2614 3147,2608 3258,2604 3370,2600 3482,2599 3593,2598 3705,2598 3816,2600 3928,2602 4040,2604 4151,2607 4263,2610 4374,2612 4486,2616 4598,2618 4709,2622 4821,2624 4932,2624 5044,2626 5156,2626"
                         HEIGHT="186"
                         WIDTH="2265"
                         VPOS="2514"
                         HPOS="2907">
                  <String ID="string_region_1638874432567_782l24"
                          HEIGHT="186"
                          WIDTH="2265"
                          VPOS="2514"
                          HPOS="2907"
                          CONTENT="paeseres ensemble &amp; nun ballot avec deux connes"/>
               </TextLine>
               <TextLine ID="region_1638874432567_782l25"
                         BASELINE="2926,2724 3034,2718 3142,2712 3250,2708 3358,2706 3466,2706 3574,2706 3682,2708 3790,2711 3898,2714 4006,2718 4114,2722 4222,2727 4330,2730 4438,2734 4546,2738 4654,2740 4762,2742 4870,2742 4978,2740 5086,2736"
                         HEIGHT="223"
                         WIDTH="2189"
                         VPOS="2582"
                         HPOS="2911">
                  <String ID="string_region_1638874432567_782l25"
                          HEIGHT="223"
                          WIDTH="2189"
                          VPOS="2582"
                          HPOS="2911"
                          CONTENT="piesces de carisees et m'envoyerez st Rotterdam "/>
               </TextLine>
               <TextLine ID="region_1638874432567_782l26"
                         BASELINE="2926,2822 3041,2818 3157,2814 3272,2814 3388,2812 3503,2814 3619,2816 3734,2819 3850,2822 3965,2826 4081,2831 4196,2835 4312,2840 4427,2844 4543,2848 4658,2854 4774,2856 4889,2858 5005,2861 5120,2862 5236,2862"
                         HEIGHT="198"
                         WIDTH="2339"
                         VPOS="2704"
                         HPOS="2913">
                  <String ID="string_region_1638874432567_782l26"
                          HEIGHT="198"
                          WIDTH="2339"
                          VPOS="2704"
                          HPOS="2913"
                          CONTENT="esto quelles seront presses attendant le connossement"/>
               </TextLine>
               <TextLine ID="region_1638874432567_782l27"
                         BASELINE="2922,2920 2979,2920 3036,2920 3093,2920 3150,2920 3207,2920 3264,2921 3321,2922 3378,2922 3435,2922 3492,2924 3549,2924 3606,2924 3663,2925 3720,2926 3777,2926 3834,2926 3891,2926 3948,2926 4005,2926 4062,2926"
                         HEIGHT="182"
                         WIDTH="1170"
                         VPOS="2818"
                         HPOS="2908">
                  <String ID="string_region_1638874432567_782l27"
                          HEIGHT="182"
                          WIDTH="1170"
                          VPOS="2818"
                          HPOS="2908"
                          CONTENT="du ballot  N21. if me dit"/>
               </TextLine>
               <TextLine ID="region_1638874432567_782l28"
                         BASELINE="2912,3052 3005,3048 3098,3045 3191,3042 3284,3040 3377,3040 3470,3038 3563,3038 3656,3036 3749,3036 3842,3036 3935,3036 4028,3034 4121,3034 4214,3034 4307,3032 4400,3030 4493,3028 4586,3026 4679,3022 4772,3018"
                         HEIGHT="244"
                         WIDTH="1889"
                         VPOS="2867"
                         HPOS="2897">
                  <String ID="string_region_1638874432567_782l28"
                          HEIGHT="244"
                          WIDTH="1889"
                          VPOS="2867"
                          HPOS="2897"
                          CONTENT="Leeds Jaqnus bbetson Ady 17d"/>
               </TextLine>
               <TextLine ID="region_1638874432567_782l29"
                         BASELINE="2918,3166 3026,3161 3134,3156 3242,3154 3350,3150 3459,3150 3567,3148 3675,3148 3783,3148 3891,3150 4000,3150 4108,3152 4216,3152 4324,3152 4432,3152 4541,3152 4649,3152 4757,3150 4865,3148 4973,3145 5082,3140"
                         HEIGHT="215"
                         WIDTH="2193"
                         VPOS="3010"
                         HPOS="2904">
                  <String ID="string_region_1638874432567_782l29"
                          HEIGHT="215"
                          WIDTH="2193"
                          VPOS="3010"
                          HPOS="2904"
                          CONTENT="minen laesten is 8 cour ende vernemende ue de "/>
               </TextLine>
               <TextLine ID="region_1638874432567_782l30"
                         BASELINE="2912,3272 3022,3270 3132,3268 3242,3266 3352,3264 3462,3262 3572,3260 3682,3260 3792,3258 3902,3258 4012,3258 4122,3258 4232,3258 4342,3258 4452,3258 4562,3258 4672,3260 4782,3260 4892,3262 5002,3264 5112,3266"
                         HEIGHT="205"
                         WIDTH="2228"
                         VPOS="3148"
                         HPOS="2899">
                  <String ID="string_region_1638874432567_782l30"
                          HEIGHT="205"
                          WIDTH="2228"
                          VPOS="3148"
                          HPOS="2899"
                          CONTENT="geardonneerde £160:- tot den geliisteerden"/>
               </TextLine>
               <TextLine ID="region_1638874432567_782l31"
                         BASELINE="2934,3382 3042,3378 3150,3375 3258,3372 3366,3369 3475,3367 3583,3365 3691,3364 3799,3364 3907,3362 4016,3362 4124,3362 4232,3362 4340,3362 4448,3362 4557,3362 4665,3362 4773,3362 4881,3364 4989,3364 5098,3362"
                         HEIGHT="159"
                         WIDTH="2194"
                         VPOS="3269"
                         HPOS="2919">
                  <String ID="string_region_1638874432567_782l31"
                          HEIGHT="159"
                          WIDTH="2194"
                          VPOS="3269"
                          HPOS="2919"
                          CONTENT="iours niet en sal connen effecieeren door de "/>
               </TextLine>
               <TextLine ID="region_1638874432567_782l32"
                         BASELINE="2924,3482 3036,3480 3149,3480 3261,3478 3374,3476 3486,3476 3599,3474 3711,3474 3824,3474 3936,3474 4049,3474 4161,3475 4274,3476 4386,3478 4499,3480 4611,3484 4724,3488 4836,3493 4949,3499 5061,3505 5174,3512"
                         HEIGHT="163"
                         WIDTH="2279"
                         VPOS="3370"
                         HPOS="2910">
                  <String ID="string_region_1638874432567_782l32"
                          HEIGHT="163"
                          WIDTH="2279"
                          VPOS="3370"
                          HPOS="2910"
                          CONTENT="veranderinge en wissel soo remitteere op sicht u "/>
               </TextLine>
               <TextLine ID="region_1638874432567_782l33"
                         BASELINE="2928,3582 3044,3580 3160,3580 3276,3580 3392,3580 3508,3580 3624,3580 3740,3580 3856,3580 3972,3582 4088,3582 4204,3584 4320,3586 4436,3590 4552,3593 4668,3597 4784,3602 4900,3608 5016,3615 5132,3622 5248,3630"
                         HEIGHT="180"
                         WIDTH="2348"
                         VPOS="3484"
                         HPOS="2914">
                  <String ID="string_region_1638874432567_782l33"
                          HEIGHT="180"
                          WIDTH="2348"
                          VPOS="3484"
                          HPOS="2914"
                          CONTENT="ingesloeten st £100:- op mary Parsons in london"/>
               </TextLine>
               <TextLine ID="region_1638874432567_782l34"
                         BASELINE="2922,3678 3029,3677 3137,3676 3244,3676 3352,3676 3459,3676 3567,3676 3674,3677 3782,3678 3889,3678 3997,3680 4104,3680 4212,3682 4319,3682 4427,3684 4534,3686 4642,3686 4749,3688 4857,3690 4964,3692 5072,3694"
                         HEIGHT="114"
                         WIDTH="2179"
                         VPOS="3595"
                         HPOS="2908">
                  <String ID="string_region_1638874432567_782l34"
                          HEIGHT="114"
                          WIDTH="2179"
                          VPOS="3595"
                          HPOS="2908"
                          CONTENT="waer voor het noodigh gelieft te besorghen "/>
               </TextLine>
               <TextLine ID="region_1638874432567_782l35"
                         BASELINE="2910,3760 3026,3762 3142,3762 3258,3762 3375,3762 3491,3762 3607,3764 3724,3764 3840,3764 3956,3764 4073,3764 4189,3764 4305,3764 4421,3766 4538,3766 4654,3766 4770,3766 4887,3766 5003,3766 5119,3766 5236,3766"
                         HEIGHT="104"
                         WIDTH="2356"
                         VPOS="3675"
                         HPOS="2894">
                  <String ID="string_region_1638874432567_782l35"
                          HEIGHT="104"
                          WIDTH="2356"
                          VPOS="3675"
                          HPOS="2894"
                          CONTENT="mij te crediteeren enele te adtiseeren het pack"/>
               </TextLine>
               <TextLine ID="region_1638874432567_782l36"
                         BASELINE="2938,3844 3052,3840 3166,3838 3280,3836 3394,3836 3509,3834 3623,3834 3737,3834 3851,3834 3965,3836 4080,3836 4194,3838 4308,3838 4422,3840 4536,3840 4651,3840 4765,3840 4879,3840 4993,3840 5107,3838 5222,3838"
                         HEIGHT="78"
                         WIDTH="2312"
                         VPOS="3774"
                         HPOS="2924">
                  <String ID="string_region_1638874432567_782l36"
                          HEIGHT="78"
                          WIDTH="2312"
                          VPOS="3774"
                          HPOS="2924"
                          CONTENT="en hebbe nogh niet becoemen dat traingens oprn"/>
               </TextLine>
            </TextBlock>
         </PrintSpace>
      </Page>
   </Layout>
</alto>
