5479 3943
464 88 2282 107 die op de tl 20 boven den incoop waer y ida e ock doe

475 183 2270 120 hooge wissel ende het verlees van profijten intrest eck sa

485 235 2216 112 wel dat het leckeruyt is ende dat wij over oostende moeten

492 313 2257 151 coemen malgre ns ende daerom mets wij moeten oprec

463 433 2173 123 soo en willen voort eyade mij net gens een resq

450 495 2212 179 hebben tot ue gosyno te borse coemende seght mij dh

492 595 2246 154 willens adviis te hebbe sijn orint psitictelijck de saecke

470 687 2265 200 hidde af gemaeckt. tot ƒ 2500 ende hij genrgeert wist

476 763 2212 208 her different in arbectrie te stillen dat hij niet en

473 867 2256 226 heeft willen reffuseeren doch aen niemant a costy

499 968 2186 172 ders addies hebbende versocht hj mij u daer toule ver

490 1040 2193 203 soecken ende te disponeeren dat vertrowe ue niet

505 1139 2108 200 en sal weygeren want men moert uyt christelijcke

500 1255 2249 184 liefde sijnen naesten helpen ende trachten alle proce

505 1347 2182 189 duren te voor coemen ue ich daer toe laetende en

521 1459 2216 153 ployeeren sal hij de libertijt nemen ue dien aen gaen

521 1556 2210 172 de sijn reden te schrijven dat in antwoort mede af

516 1656 719 157 wachtende blijve

1786 1667 509 169 1 Julij 1715

410 1750 729 152 Leeds W Cockson

520 1814 2216 123 ma dernieres est du 26 juin depuis ay nouvelles q thoma

512 1892 2234 169 hall est bien arrivee a rotterdam avec les ballot p 13

509 1998 2217 138 of 14 dont les seigneur goit benit pr le reste jp me re

498 2084 2202 137 fere a ma surditte et je vs escriveray pr prochainne

496 2163 2220 189 pr oostende celle n'est q pr couverte a l'encluse ne

515 2257 2231 150 mere de  230 du vs may usue sir la veusve van Rijs

499 2343 2255 132 sen  m du Beuro ja london dont il vs plais a procu

502 2436 2149 158 ser le necessaire et me crediter en tre temps je suis

393 2520 1068 164 Amsterdam Francois Rousseau

1932 2529 415 169 1 July 1715

492 2629 2249 113 met ue aengenaeme 28 passats becoeme den brief op

483 2743 2261 120 fens andermael die retour bdanck ue voor de genoeme moeye

479 2787 2258 139 ue 4 ingesloete ve west sende om de acceptatie te procureere

481 2860 2270 171 ende daer nevens ue nformatie te willen laeten toecoemen

483 2954 2249 184 aengaende de acceptante alsoo die alle  van parys ge

489 3045 2249 170 remitteet worden met conditie de vrinde daer voor niet ik

485 3143 2267 122 willen caveeren en in gevallen daer bij niet content wesen

467 3224 2247 128 men de selve aen haer liber magh weder sende soo

472 3305 2273 166 dat het niet te vergeefs is het geene ue versoecke om

434 3413 2305 116 dat men sigh naer advenant ue informatie meg

2078 3471 176 62 wel

476 3469 2267 157 reguleren om died te behoude ofte die weder te send

447 3558 2305 133 00 op thomal marisal tot rysscl en £200 opernol

468 3656 2270 164 benfijn moeten heden betaelt worden daer niet aen

473 3751 2270 125 en twijfelen soo dat ue niet sal cyt staende heb ben

2782 120 2388 109 als £300 door albert en foos van amster nevent de £800

2766 155 2391 171 op Roues jolie tot brugge daer ue voor goede tijdinge

2776 248 2314 146 magh van segge dat ick gewaer worde ditto Jolie sijn

2786 312 2314 158 mint andre peytier by wie die addres wesen begentte

2795 403 2339 168 fournieren verhoepende godt sal verlienen ue van schae

2809 500 2358 143 de te verhoeden vervallen de selve dito £808:9 deser

2802 625 2314 104 15 te betaelen verhoemende dat loos van ste

2798 720 2282 101 mede ordre sal stellen en niet als voorde en sullen

2795 809 2222 112 moeten keerndat ick nogt geene en hebbe als is

2789 866 2315 185 silver tot mijn advantagie de wis sel cours van ul

2804 958 2323 168 hier heeft ue aen den voot deser volgens ue notitie

2795 1063 2283 179 heeft men sich heden alhier gereguleet d'soo dat

2803 1159 2313 153 ick ue vergeefts hebbe geoegelert ue te memitteet

2812 1256 2317 182 sijnde niet te men van intentie te prrofiteeren vn

2808 1369 2251 162 het geene ue mij presenteert daerom bidde £1000 ge

2796 1471 2314 177 lieft te trecken sicht pr casse tot p 3 oft mendeen

2797 1586 2363 175 het wesen volgens ue mij heeft genoteert ende ue candn

2814 1672 2332 165 van disponeeren voor 6 maende tegens 4 pr intjacr

2804 1780 2268 189 mnder benefficie mets ue in wissel niet en sockt

3018 1884 231 86 nogh

2805 1909 2340 162 seght te engegeeren verhoepende tegens die tijt de fau

2777 1980 2352 150 ue van aen scheyn sullen verandere ende ue betere

2809 2104 2322 142 ragie sal hebbe men seght mij datter defferre disverse

2818 2224 2350 125 goederen a costij tot seer laegen prijs vercocht worden

2808 2313 2249 120 ende onder den voit loopen doordien dien en dander

2822 2416 2217 168 moeten gelt rafineeren bij die gelegenthyt soude

2808 2519 2327 187 sonwijlen iet van moijt ondernomen oorden prix

2830 2621 2252 183 cepael en bederffelijcke waer dat daer bidde gelieve

2826 2727 2302 175 op te vigeleen en fomwijlen ue openie te laeten toe

2842 2823 2246 126 coemen dat voor leden jaer in de waluis baedden is

2843 2939 2281 101 achtereeeyt geloopen dat soude nu t musschien connen

2814 3005 2326 156 scccedeeren want de groote hefte en schoonen somen

2820 3125 2314 131 soude dirgelijck vanghs t wel connen geven ende

2800 3203 2370 182 noch meedere abonddantie bij boengen dat sorte maese

2819 3292 1209 164 de sullen uyt wejsen blijve

2803 3362 2249 187 bove de 3 prt mijnde schaede versoeke met ue gelieve

2807 3483 477 136 te trecken

4296 3485 458 180 2Jalj 1715

2765 3560 650 146 Mons A De toust

2814 3613 2303 158 Jay receu la chere vre du  n en son temps je nay fait plles

2796 3731 2276 89 tost reponce parce qui ja eu beaucoup d'affairez et aussy que je

2824 3796 2314 89 vois chagrin q ne tracte mal et ne me reponde pas en aucune
