5331 3972
315 104 2193 252 Mons A Coedett Ady 29 xbre 1714

445 241 2118 249 J'ay bien receu honneur de la chere vre 22 dt

312 378 2290 214 court ie vous feray responce cito quil me sera

360 467 2251 259 possible entre temps ie vous envoye cy incluse

385 591 2208 195 cartes deschantillions de trois ballots de draps

373 696 2234 206 2ifilre que vous avez eu de vre vre he prind

398 833 2233 228 by est marque. les ayant examine ies vous pree

372 962 2215 176 me les revoycer et marquer cee quils vous

379 1030 2257 252 peuvent agrecer ie vous les envoyeray d'abord:

352 1151 2229 216 les manufacnires dAngleterre encheris sent

372 1226 2284 271 de pour len hour. ie vous salue et suis en astendant

269 1391 2308 248 Antwert den notaris francos Ady 30 sber

359 1535 2144 211 ben verwondert ue heden ter boste niet en

361 1672 2154 187 hebbe gerescontreert de weke echter niet ue

355 1801 2270 184 onpasselijckheydt de oorsaeke is den const

373 1902 2229 243 brief det kente ue bekent hebbe naer gesien

389 2036 2130 168 endde tot verwonderinge bevonden daer by

364 2162 2180 211 geconditioneert staet met ƒ1000:- deffent het

315 2267 2300 221 cappitael magh geeert en gequisen worden

364 2342 2291 214 sulckx en il mijnaertentie nochte conditie niet

370 2508 2281 161 verders daer sal moeten regprest gepresemeert

383 2625 2276 136 worden aen wethouderen verusis de e

392 2702 2249 196 ue behende touwen aen wie ditto mente

391 2821 2238 183 sal worden afgeleydt minder jaerigh wesen

434 2913 2210 183 ue gelieve ick naer advenant te reguleeren

430 3037 2222 165 ende aen breng her deser te segghen wan neer

366 3166 1962 161 ue verders sal connenspreken blijve

1712 3266 894 227 Adij 3 gbre 1714

303 3273 842 238 Leeds W. Cookson

413 3424 2237 212 ie vous ayt escript le 6 du passe avec remise de

376 3550 2304 211 £175:- 4d 2 usences sur theodor Janssen a Londre

419 3669 2248 165 ie m'estonne de n'avoir responce l ay incluse la

764 3749 1910 139 e surditte Jay receu la chere vre du 22 sbre 38

2680 78 2260 157 wee les eschantillions du ballot N. 6 cesquelime

2682 205 2296 178 plaisent tres bien. aussy le couno ssement du ballot

2682 306 2327 143 N5 chargee a bord francois Wilhinson pourr Pottord

2685 393 2325 226 lequel me marquiz p la mesme vre lettre mestroit

2687 516 2305 163 a la voile 5 jours p apres le veut at este depuis

2681 659 2310 197 favorable diverses fois et cependant il n'ost pas

2701 740 2132 201 encor arrivée. tousjours ie n'enayt point des

2694 845 2352 207 nouvelles. mon Amis de Rotterdam me marqu

2689 1008 2405 166 le dernier poste quil at este en mer pus qson e

2687 1120 2355 180 dit quil estoit pretourne a hull ce quil ep inquete

2692 1285 2338 119 d'aultant plus que nous avons presentement

2690 1379 2276 157 des tempesses continuelles dieu le preserve

2688 1474 2368 197 du malheur et vieulle le conduite au bon port

2679 1591 2367 187 best une misere d'attendre si long temps apres

2669 1701 2308 206 parchandises. considerez un peu le temps qui

2679 1833 2284 169 ie vous ayt ordonnée eet asbortiment et point

2676 1955 2403 191 d'apparence de m'en pouvoir servir pour si peu

2699 2053 2169 220 que j'as fait cette Annee icy ie remarque

2671 2190 2344 209 'aumentation considerable quile at envos

2700 2342 2280 145 manufactures et grace au leigneur que ie ne

2712 2425 2293 165 me surs pas engagee dans des bayef et exrisies

2713 2573 2302 155 et auttres car j'atten touts les jours les plaiins

2715 2652 2320 149 de ceux quils si en trouvent combaratte et qu'ils

2704 2765 2236 159 n scavent mogen pooir let de faire. vous

2695 2880 2317 189 aultres messieurs vous voyerez a la fin mais

2715 3008 2309 156 troptard comme ie craisne que vous perderez

2726 3085 2055 192 entierement le credit et le pebit de v

2706 3159 2319 200 mannfactures et tout cela a cause quelles ne

2721 3296 2165 184 toitfent pas en qualite comme du passez

2720 3394 2218 184 si elles sout cheret patience qu'on les casse

2727 3501 2252 202 bones et you le fasse payeer mais voir des

2735 3609 2256 196 mansfactures Icomme ou vois tous les soins

2733 3759 2262 92 ce la ffait desoorner tous le monde et le servis
