5479 3943
496 90 2208 109 consnen spoecken als men wel daer over soude der

469 166 2199 194 ven scbrijven doch met het een oft het ander en

1321 266 213 99 nie

478 281 2193 151 can men evenwel voorderen sijnde seeker dat

457 416 2178 176 de heeren daer over staende soo als wy geenfor

456 503 2207 205 meert wesende ende het cas penetrierende neer

476 625 2214 206 en soude hebben getracneert promte expeditie

473 729 2211 200 te geven want het striydeet is tegens het gemyn

475 852 2179 225 wel vaeren hebbende rects quaet gedaen soo als

469 993 2228 180 voordesen hebbe gemelt aen het gerrogecteerd

465 1111 2231 199 van accostij de goederen te laeten passeeren

444 1236 2190 200 den staet treckt sijne rnchte de commissio

473 1346 2178 223 parissen heer donr de schippers hienne

485 1480 2150 178 vraghte en doet een ider een legven iet ben

813 1652 58 53 den

485 1598 2188 191 echter dat vertrouwen dat ick eens moete gace

491 1737 2198 211 deeren tot contusie van die mij qualijck hebbe

488 1832 2220 244 gehandelt dat hope got sal velleenen en blijve

496 1956 2141 225 gelieft eens den wissel cours tegens saterdagh

476 2095 2147 165 op london eens te noteeren ende dien aen

481 2211 2103 216 gaende ue gedachte hebbe dernewaerts wel

468 2337 2232 208 stot a £500 d noodigh soude ue remitteeren

465 2452 2235 200 tegens naeste wecke om die af te geven doch bre

475 2595 2224 154 van van londen heden becoemen mel de noch

454 2728 790 140 meer sal daelen

1594 2767 1088 214 Antwerpen 9 mey 1715

349 2768 1174 235 Brussel N van der Borght

500 2940 2111 170 Ick verhoepe ue goet retour ende dat het pascken

428 3077 2269 137 met de 4 laekens ue gisteren p beurtschips geaddres

418 3142 2278 179 leert gemerckt st  ue wel en tot contentement

446 3277 2252 153 sal geworden de facture bedraeght in wisselgelde

419 3379 2141 203 als aen den voet deser. waer voor mij gelieft t

416 3495 2284 183 crediteeren: ick en desireere niet als ue balandisie

458 3648 2140 146 te moogen hebben: ick verwaghte met hodts

476 3721 2220 128 hulsge wederom een versche partije van alderhande

2766 108 2280 150 goederen tot ue dienste als te occaste sal presenteeren

2751 202 2115 175 dat een ander doen can dat can ick doch doen

2751 309 2268 161 en ick verseekere ue dat ick en noeght en sal aen

2750 400 2236 192 manheeren : recommandiere my in ue goede

2764 532 2256 232 genegencheydt en naer cordiaele groetenisse als

2749 662 1606 201 aen ue lusters soo blijve alsidts

3884 784 1012 184 Ady 10 mey 1715

2737 766 901 218 Dermonde BDebbat

2770 913 2222 168 in antwoort op ue aengenaeme van 6 deser segghe

2758 1026 2272 139 datter op 4 meij als ick ue geschreven hebbe tegeen

2773 1133 2167 144 beurtscs en was ende dat het gemenmioueert

2763 1232 2278 188 paxke 13 voor mons. Mathieu Brants maer os

2770 1370 2303 167 gisteren is scheep gedaen en vervolgens eerst heden

2736 1429 2370 168 vertrocken dat verhoepe die nu wel sal ter hande

2788 1575 2184 111 coemen ende vervolgens ne commandeereal

2760 1639 1025 145 expeditie en blijve

4044 1649 634 235 10 o 1716

2760 1737 840 194 Mons s: Cancoos

2823 1800 2282 250 Jay receu lhonnece de la vre 7 du contee

2833 1929 2272 173 remise a jours de veuu a charge le sSCharlo haist

2808 2016 2293 219 de ƒ300 de charge il l'at acceptie en son temps

2827 2100 2249 237 en proceveray le reques je suis rave que me

2823 2195 2235 258 ferezlhonneur a me vener voir soyez asseurz

2811 2292 2313 295 que trouverez chez moy les assortiments que

2830 2391 2309 302 rez souhaittez draps de toutte sorti des couleure

2818 2522 2300 202 a la mode carisces et bayes et flanelles come

2809 2631 2320 242 me marquez q avez besoing il m'est n posseble

2812 2754 2284 231 vs envoyeer les eschantillions cest la prince

2830 2857 2275 203 pale saison de debite et je les ay besointour les

2812 2969 2153 230 jours pr le compte court qn ordonner vs

2823 3093 2253 208 envoycer je ne le puis pas jay mes affairres

2817 3164 2270 212 presendement ie tacheray l'avoir prest pres

2843 3256 2243 180 la livier a vre arri vre et vs bien servir et

2851 3369 2284 154 entretener vre chalandise la quelle jestine

2845 3479 2264 154 J'ay tousjours estant come a mad: vre compas

2843 3577 1574 158 ne et toutte vre chere famille
