5104 4009
382 102 2144 125 niet icl moet patientie hebben tot dat ue van selfs sien

368 178 2204 173 sal dat het ue intrest is met ri negoteceren waer toe ue

367 264 2131 194 mijn dienst voor altijts presenteerten en laete weeten

400 382 2125 186 dat uk van alderhande schoonssortiment abondant

400 482 762 182 geniet hebbe blijve

1687 546 467 159 9 Juny 1714

297 567 1128 171 Brusselle wed: L:mosselmans

415 645 2076 246 Ick ben ten hooghsten verwondert dat ick tot dato meet

433 718 2107 204 en hebbe vernoemen dat ue aendh van goch betaelt

443 854 2050 197 heeft soo als ue mij vas telijck beloeft hadde p ue laet

428 952 2080 246 ten sonder voorder de lane te sullen doen voort begin

453 1082 2010 250 sal van Jany ick bidde ue en schrijft mij neet meer

476 1175 2082 208 nochte en doet geene dolcantien ick hebbe ue brie

467 1283 2112 245 ven ende copge vande mijne aen ue geschreven ee

486 1374 1960 211 dat ick nu een gheel jaer hebbe gemestelt ende

491 1471 2062 243 alle menschelijcke saeckts inneghtyt gebruyckten

487 1575 1989 234 maer het mijne te hebben ende dat op de alder

488 1688 2022 183 descreste maniere die men don can over sulcxx

500 1792 1906 220 eyndelijck gedwongen sijnde sal ick dan int

480 1877 1985 255 werck leggen dat ue van soo lange hebbe geaden

459 2009 2039 226 teert ten sij in weijnighe daegen verneme dat ue

482 2120 1702 233 my fatistactie sal hebben gegeven blijve

1724 2219 585 187 13 Juny 1714

319 2281 540 195 Gent J. BBaet

455 2315 1982 231 hebbe gesien bij ue aengenaeme primo deser dat

453 2398 2077 232 donne de spetie onder ue benestende naer hem hadde

466 2527 2087 252 getrocken ende ue daer tegens voor mijne reete getelt

438 2646 2038 221 ƒ1000 wes: waer door ue confoom hebbe gedeeteert

478 2742 1944 177 als oock voor de ƒ300 voorten van mijn broeden

471 2769 2021 270 Daniell dat ue occasichadde om mij op pijt et

471 2917 2079 214 avence het geene bijue te gaet hebbe te remitteere

462 3011 2072 194 alst breeve van patirfactie soude wesen ue soude

457 3103 2108 244 mj plaeser doen ende met gelegenheyt die connen

459 3225 2078 191 waernemen want anders en can ick daer van net

470 3322 2048 235 dan tot schaede dis poneren in dien gevalle can

457 3427 2024 222 ue mij insgelijckx maer crediteeren ooort

460 3549 2046 185 sasesel vande wedi broutar ue gesonden inhouden

428 3601 2121 202 des 264 crospen wisselgelde ƒ 739:4 en alle occk

428 3709 2136 157 seen sal thoonen te vesen als aen gheel de faneli

2619 142 2045 134 Amsterdam Franc Rousseau Ady 14 Junii 1714

2684 210 2183 154 in antwoorde op ue aengenaeme van 11 deser moete

2690 323 2241 188 ue segghen dat het mij vremdt voorcoemt den vrindt

2689 426 2158 133 aen wie ue voor mij mits caveerende heeft gedaen e

2704 529 2169 157 £1000:- alheefs precautie neemt van prolongatie

2702 630 2172 194 te versoeken dde conditie is swaer genoegh dat ick

2721 757 2200 175 een maendt te voeren moete avertenie geven

2699 852 2222 155 ende dat voor een intrestien van apet en jaer

2715 946 2200 170 daer en sijn noch geen vier maenden verloopen

2713 1059 2189 177 men soecht sichhoeydt soote verbinden oft men

2703 1168 2203 188 behoort daer oft daer ontrent facst te connen

2704 1309 2203 150 maeken voort gene tot mijn eygene advantagie

2730 1371 2039 205 can voorvallen, blyft de wissel courr als uu

2714 1492 2208 161 aenhouden soo moet ue met mij d'accort wesen

2721 1594 2194 131 het my n int rest te sijn die te laeten afcaemen

2731 1678 2150 146 coemter veranderinge soo sal die naer alle

2733 1793 2195 186 apparentie weder laeten voor 3 a ½ prolongeeren

2716 1901 2005 178 ende dat tegens den gepresiaeerden tijdt

2725 1997 2131 151 adverteeren. eln maendt it en eer d t

2735 2145 2174 148 saffisant om remplacement te voorsborgen is

2737 2195 2180 179 ue vrint positiet daer mede niet satisfait en

2738 2291 2189 202 vint het ue geraetsaem te continuegren, laet het

2733 2391 2201 169 mij weken sal ue te gens dijns daghs posntive re

2745 2493 2172 201 jolutie geven van londen op antwerpen wort ne

2753 2593 2170 230 genotert usos 8 36:6 dencke naer proportie op co

2754 2705 2122 178 sal wesen ende dat ue mijn versolck denewaerts

2769 2808 2114 213 connende volbrenger het selve niet en sal naer

2779 2930 2149 198 laeten voorders sal afwachten oft ue mij met e

2784 3022 2132 201 nigh advance op tjt sal pemitteeren daerte

2774 3123 1785 196 gens de weerde in mij treckende blijve

4027 3229 541 126 16 Juin 11714

2653 3249 646 161 Mons B Caniot

2761 3226 2167 248 Jay bien receu le chere vre du 14 court avec remise a chag

2780 3353 2150 168 le S philippe l'heureux de ƒ 480 de change payable au 22 du

2776 3457 2157 146 present mois jen procureray le necessaire et estant payee jevs

2770 3541 2161 107 en passeray la valeur en compte ie vs ay envoyee hier p

2751 3584 2165 159 thomas Ballas dans un petit pacquet marque T.KC une

2759 3699 2158 112 de carisce noire tres bien tiente etfrisez d'une tres bon

2753 3785 2175 99 calite payable a ƒ34 jespere quil vs parviendra bien
