<?xml version="1.0" encoding="UTF-8"?>
<alto xmlns:xsi="http://www.w3.org/2001/XMLSchema-instance"
      xmlns="http://www.loc.gov/standards/alto/ns-v4#"
      xmlns:page="http://schema.primaresearch.org/PAGE/gts/pagecontent/2013-07-15"
      xsi:schemaLocation="http://www.loc.gov/standards/alto/ns-v4# https://www.loc.gov/standards/alto/v4/alto.xsd">
   <Description>
      <MeasurementUnit>pixel</MeasurementUnit>
      <OCRProcessing ID="IdOcr">
         <ocrProcessingStep>
            <processingDateTime>2022-02-11T21:33:11.826+01:00</processingDateTime>
            <processingSoftware>
               <softwareCreator>READ COOP</softwareCreator>
               <softwareName>Transkribus</softwareName>
            </processingSoftware>
         </ocrProcessingStep>
      </OCRProcessing>
   </Description>
   <Layout>
      <Page ID="Page1" PHYSICAL_IMG_NR="1" HEIGHT="3943" WIDTH="5523">
         <TopMargin HEIGHT="0" WIDTH="5523" VPOS="0" HPOS="0"/>
         <LeftMargin HEIGHT="3943" WIDTH="0" VPOS="0" HPOS="0"/>
         <RightMargin HEIGHT="3943" WIDTH="0" VPOS="0" HPOS="5523"/>
         <BottomMargin HEIGHT="0" WIDTH="5523" VPOS="3943" HPOS="0"/>
         <PrintSpace HEIGHT="3943" WIDTH="5523" VPOS="0" HPOS="0">
            <TextBlock ID="region_1638873952199_625"
                       HEIGHT="3807"
                       WIDTH="2351"
                       VPOS="64"
                       HPOS="469">
               <Shape>
                  <Polygon POINTS="469,64 2820,64 2820,3871 469,3871"/>
               </Shape>
               <TextLine ID="region_1638873952199_625l1"
                         BASELINE="502,222 605,216 708,210 811,207 915,204 1018,202 1121,200 1225,200 1328,200 1431,200 1535,202 1638,202 1741,202 1844,202 1948,200 2051,198 2154,196 2258,191 2361,188 2464,180 2568,172"
                         HEIGHT="188"
                         WIDTH="2095"
                         VPOS="78"
                         HPOS="488">
                  <String ID="string_region_1638873952199_625l1"
                          HEIGHT="188"
                          WIDTH="2095"
                          VPOS="78"
                          HPOS="488"
                          CONTENT="Mons  Lauyle Ady 2 Aprilis 1715"/>
               </TextLine>
               <TextLine ID="region_1638873952199_625l2"
                         BASELINE="618,346 721,340 825,336 928,334 1032,332 1136,330 1239,330 1343,330 1446,330 1550,330 1654,330 1757,330 1861,330 1964,328 2068,326 2172,322 2275,318 2379,312 2482,304 2586,294 2690,282"
                         HEIGHT="202"
                         WIDTH="2101"
                         VPOS="175"
                         HPOS="601">
                  <String ID="string_region_1638873952199_625l2"
                          HEIGHT="202"
                          WIDTH="2101"
                          VPOS="175"
                          HPOS="601"
                          CONTENT="Conform le chere vre du 31 mars le s: Ballas"/>
               </TextLine>
               <TextLine ID="region_1638873952199_625l3"
                         BASELINE="586,458 695,454 804,452 913,449 1022,447 1132,446 1241,444 1350,444 1459,442 1568,442 1678,440 1787,440 1896,437 2005,434 2114,430 2224,426 2333,421 2442,415 2551,408 2660,398 2770,388"
                         HEIGHT="173"
                         WIDTH="2217"
                         VPOS="327"
                         HPOS="568">
                  <String ID="string_region_1638873952199_625l3"
                          HEIGHT="173"
                          WIDTH="2217"
                          VPOS="327"
                          HPOS="568"
                          CONTENT="messager m'a compte pour vre compte ƒ96: de "/>
               </TextLine>
               <TextLine ID="region_1638873952199_625l4"
                         BASELINE="608,580 715,578 823,574 931,572 1039,570 1147,569 1255,568 1363,566 1471,565 1579,564 1687,562 1794,560 1902,558 2010,556 2118,552 2226,548 2334,544 2442,539 2550,533 2658,527 2766,518"
                         HEIGHT="192"
                         WIDTH="2191"
                         VPOS="447"
                         HPOS="592">
                  <String ID="string_region_1638873952199_625l4"
                          HEIGHT="192"
                          WIDTH="2191"
                          VPOS="447"
                          HPOS="592"
                          CONTENT="change ensuitte a ma quittence que ie luy en"/>
               </TextLine>
               <TextLine ID="region_1638873952199_625l5"
                         BASELINE="622,694 729,692 836,692 943,692 1050,692 1158,690 1265,690 1372,690 1479,688 1586,686 1694,684 1801,682 1908,680 2015,678 2122,675 2230,672 2337,668 2444,664 2551,660 2658,655 2766,648"
                         HEIGHT="235"
                         WIDTH="2176"
                         VPOS="538"
                         HPOS="606">
                  <String ID="string_region_1638873952199_625l5"
                          HEIGHT="235"
                          WIDTH="2176"
                          VPOS="538"
                          HPOS="606"
                          CONTENT="ay donne. si vous trouvez a props sa commences"/>
               </TextLine>
               <TextLine ID="region_1638873952199_625l6"
                         BASELINE="602,812 710,812 819,810 927,810 1036,808 1145,808 1253,806 1362,806 1470,804 1579,802 1688,802 1796,800 1905,798 2013,794 2122,792 2231,789 2339,785 2448,780 2556,776 2665,770 2774,764"
                         HEIGHT="187"
                         WIDTH="2202"
                         VPOS="688"
                         HPOS="586">
                  <String ID="string_region_1638873952199_625l6"
                          HEIGHT="187"
                          WIDTH="2202"
                          VPOS="688"
                          HPOS="586"
                          CONTENT="unn compte nouveau ie vous fait offre de ma"/>
               </TextLine>
               <TextLine ID="region_1638873952199_625l7"
                         BASELINE="612,938 720,934 828,930 936,927 1045,924 1153,922 1261,921 1370,920 1478,918 1586,918 1695,916 1803,916 1911,914 2019,912 2128,910 2236,908 2344,906 2453,902 2561,897 2669,892 2778,886"
                         HEIGHT="186"
                         WIDTH="2199"
                         VPOS="772"
                         HPOS="596">
                  <String ID="string_region_1638873952199_625l7"
                          HEIGHT="186"
                          WIDTH="2199"
                          VPOS="772"
                          HPOS="596"
                          CONTENT="marchandise aiant presentement de flannelles "/>
               </TextLine>
               <TextLine ID="region_1638873952199_625l8"
                         BASELINE="640,1056 740,1048 840,1044 940,1038 1040,1034 1141,1032 1241,1030 1341,1028 1441,1028 1541,1026 1642,1026 1742,1026 1842,1026 1942,1026 2042,1026 2143,1026 2243,1026 2343,1024 2443,1022 2543,1020 2644,1016"
                         HEIGHT="214"
                         WIDTH="2034"
                         VPOS="911"
                         HPOS="624">
                  <String ID="string_region_1638873952199_625l8"
                          HEIGHT="214"
                          WIDTH="2034"
                          VPOS="911"
                          HPOS="624"
                          CONTENT="de 30 sarget de divers prix ƒ43:- ƒ50:66"/>
               </TextLine>
               <TextLine ID="region_1638873952199_625l9"
                         BASELINE="608,1182 715,1172 823,1165 930,1158 1038,1154 1145,1149 1253,1146 1360,1142 1468,1142 1575,1140 1683,1138 1790,1138 1898,1138 2005,1138 2113,1137 2220,1136 2328,1136 2435,1135 2543,1134 2650,1132 2758,1128"
                         HEIGHT="161"
                         WIDTH="2181"
                         VPOS="1014"
                         HPOS="593">
                  <String ID="string_region_1638873952199_625l9"
                          HEIGHT="161"
                          WIDTH="2181"
                          VPOS="1014"
                          HPOS="593"
                          CONTENT="jusques &amp; ƒ30:- dont on se serve  ou faire le "/>
               </TextLine>
               <TextLine ID="region_1638873952199_625l10"
                         BASELINE="600,1304 707,1291 814,1281 921,1272 1028,1266 1135,1260 1242,1255 1349,1252 1456,1250 1563,1248 1671,1246 1778,1246 1885,1244 1992,1244 2099,1243 2206,1242 2313,1240 2420,1237 2527,1234 2634,1230 2742,1224"
                         HEIGHT="160"
                         WIDTH="2176"
                         VPOS="1142"
                         HPOS="583">
                  <String ID="string_region_1638873952199_625l10"
                          HEIGHT="160"
                          WIDTH="2176"
                          VPOS="1142"
                          HPOS="583"
                          CONTENT="camisolles de semmes de baysyuner finmet et"/>
               </TextLine>
               <TextLine ID="region_1638873952199_625l11"
                         BASELINE="644,1408 746,1398 848,1390 950,1382 1052,1378 1154,1372 1256,1369 1358,1366 1460,1363 1562,1362 1664,1360 1766,1358 1868,1356 1970,1356 2072,1354 2174,1352 2276,1350 2378,1347 2480,1343 2582,1339 2684,1334"
                         HEIGHT="190"
                         WIDTH="2071"
                         VPOS="1239"
                         HPOS="628">
                  <String ID="string_region_1638873952199_625l11"
                          HEIGHT="190"
                          WIDTH="2071"
                          VPOS="1239"
                          HPOS="628"
                          CONTENT="bayes deventer et flannelles eroisees pour"/>
               </TextLine>
               <TextLine ID="region_1638873952199_625l12"
                         BASELINE="576,1538 679,1527 782,1518 885,1510 988,1502 1091,1496 1194,1491 1297,1486 1400,1482 1503,1478 1606,1476 1709,1472 1812,1470 1915,1468 2018,1466 2121,1466 2224,1464 2327,1462 2430,1460 2533,1458 2636,1456"
                         HEIGHT="157"
                         WIDTH="2092"
                         VPOS="1387"
                         HPOS="559">
                  <String ID="string_region_1638873952199_625l12"
                          HEIGHT="157"
                          WIDTH="2092"
                          VPOS="1387"
                          HPOS="559"
                          CONTENT="fre service ie vous salue et suis en poutes"/>
               </TextLine>
               <TextLine ID="region_1638873952199_625l13"
                         BASELINE="668,1626 693,1626 718,1626 743,1626 768,1626 794,1624 819,1624 844,1622 869,1620 894,1619 920,1616 945,1613 970,1611 995,1609 1020,1604 1046,1602 1071,1599 1096,1595 1121,1592 1146,1590 1172,1588"
                         HEIGHT="150"
                         WIDTH="539"
                         VPOS="1508"
                         HPOS="649">
                  <String ID="string_region_1638873952199_625l13"
                          HEIGHT="150"
                          WIDTH="539"
                          VPOS="1508"
                          HPOS="649"
                          CONTENT="dicasiont"/>
               </TextLine>
               <TextLine ID="region_1638873952199_625l14"
                         BASELINE="2040,1618 2065,1618 2090,1620 2115,1622 2141,1622 2166,1622 2191,1622 2216,1622 2242,1622 2267,1622 2292,1621 2317,1620 2343,1619 2368,1617 2393,1616 2418,1614 2444,1611 2469,1610 2494,1609 2520,1606"
                         HEIGHT="161"
                         WIDTH="513"
                         VPOS="1492"
                         HPOS="2021">
                  <String ID="string_region_1638873952199_625l14"
                          HEIGHT="161"
                          WIDTH="513"
                          VPOS="1492"
                          HPOS="2021"
                          CONTENT="Javril 1716"/>
               </TextLine>
               <TextLine ID="region_1638873952199_625l15"
                         BASELINE="482,1704 516,1702 551,1702 586,1699 620,1698 655,1697 690,1696 724,1694 759,1692 794,1692 829,1691 863,1690 898,1688 933,1686 967,1686 1002,1685 1037,1683 1071,1682 1106,1680 1141,1677 1176,1676"
                         HEIGHT="166"
                         WIDTH="727"
                         VPOS="1589"
                         HPOS="464">
                  <String ID="string_region_1638873952199_625l15"
                          HEIGHT="166"
                          WIDTH="727"
                          VPOS="1589"
                          HPOS="464"
                          CONTENT="Leeds Francois Wreght"/>
               </TextLine>
               <TextLine ID="region_1638873952199_625l16"
                         BASELINE="628,1792 731,1786 835,1782 939,1778 1043,1772 1147,1767 1250,1762 1354,1757 1458,1752 1562,1747 1666,1744 1769,1738 1873,1734 1977,1728 2081,1724 2185,1720 2288,1716 2392,1714 2496,1710 2600,1706 2704,1704"
                         HEIGHT="216"
                         WIDTH="2106"
                         VPOS="1632"
                         HPOS="612">
                  <String ID="string_region_1638873952199_625l16"
                          HEIGHT="216"
                          WIDTH="2106"
                          VPOS="1632"
                          HPOS="612"
                          CONTENT="Jay receu vos dernieres 24 xbre11 Janvier aunsy de "/>
               </TextLine>
               <TextLine ID="region_1638873952199_625l17"
                         BASELINE="606,1884 716,1878 827,1873 937,1867 1048,1861 1158,1854 1269,1850 1379,1843 1490,1838 1600,1832 1711,1826 1821,1821 1932,1816 2042,1811 2153,1806 2263,1802 2374,1798 2484,1794 2595,1790 2705,1786 2816,1784"
                         HEIGHT="196"
                         WIDTH="2241"
                         VPOS="1716"
                         HPOS="591">
                  <String ID="string_region_1638873952199_625l17"
                          HEIGHT="196"
                          WIDTH="2241"
                          VPOS="1716"
                          HPOS="591"
                          CONTENT="mr John bockson une lettree de londres tout ce q me dit"/>
               </TextLine>
               <TextLine ID="region_1638873952199_625l18"
                         BASELINE="590,1964 700,1962 811,1959 922,1956 1033,1952 1144,1948 1254,1942 1365,1937 1476,1932 1587,1927 1698,1922 1808,1916 1919,1912 2030,1908 2141,1904 2252,1900 2362,1898 2473,1896 2584,1894 2695,1894 2806,1894"
                         HEIGHT="162"
                         WIDTH="2243"
                         VPOS="1837"
                         HPOS="575">
                  <String ID="string_region_1638873952199_625l18"
                          HEIGHT="162"
                          WIDTH="2243"
                          VPOS="1837"
                          HPOS="575"
                          CONTENT="tiy ne peu pas sabrister ne me donner du contentement "/>
               </TextLine>
               <TextLine ID="region_1638873952199_625l19"
                         BASELINE="598,2038 707,2040 817,2042 927,2041 1037,2040 1147,2038 1256,2034 1366,2030 1476,2026 1586,2021 1696,2016 1805,2012 1915,2008 2025,2004 2135,2000 2245,1998 2354,1996 2464,1996 2574,1998 2684,2000 2794,2006"
                         HEIGHT="179"
                         WIDTH="2228"
                         VPOS="1932"
                         HPOS="582">
                  <String ID="string_region_1638873952199_625l19"
                          HEIGHT="179"
                          WIDTH="2228"
                          VPOS="1932"
                          HPOS="582"
                          CONTENT="a cause que jens ay veu la procuration pr la quelle "/>
               </TextLine>
               <TextLine ID="region_1638873952199_625l20"
                         BASELINE="582,2116 693,2123 804,2127 915,2131 1026,2132 1138,2132 1249,2132 1360,2129 1471,2126 1582,2122 1694,2118 1805,2114 1916,2110 2027,2106 2138,2104 2250,2101 2361,2100 2472,2098 2583,2099 2694,2102 2806,2106"
                         HEIGHT="129"
                         WIDTH="2255"
                         VPOS="2012"
                         HPOS="568">
                  <String ID="string_region_1638873952199_625l20"
                          HEIGHT="129"
                          WIDTH="2255"
                          VPOS="2012"
                          HPOS="568"
                          CONTENT="vs dittez estre authorise jayt ne anmoins espere de jour"/>
               </TextLine>
               <TextLine ID="region_1638873952199_625l21"
                         BASELINE="606,2198 714,2207 823,2213 932,2216 1041,2218 1150,2220 1258,2220 1367,2218 1476,2216 1585,2214 1694,2210 1802,2208 1911,2203 2020,2200 2129,2196 2238,2194 2346,2192 2455,2190 2564,2190 2673,2190 2782,2192"
                         HEIGHT="116"
                         WIDTH="2204"
                         VPOS="2141"
                         HPOS="592">
                  <String ID="string_region_1638873952199_625l21"
                          HEIGHT="116"
                          WIDTH="2204"
                          VPOS="2141"
                          HPOS="592"
                          CONTENT="en jour que vre maistre seroaitremes en liberte je vs "/>
               </TextLine>
               <TextLine ID="region_1638873952199_625l22"
                         BASELINE="578,2284 689,2292 800,2298 911,2302 1022,2304 1133,2306 1244,2306 1355,2306 1466,2304 1577,2302 1689,2299 1800,2296 1911,2294 2022,2290 2133,2288 2244,2286 2355,2284 2466,2282 2577,2282 2688,2282 2800,2284"
                         HEIGHT="166"
                         WIDTH="2251"
                         VPOS="2190"
                         HPOS="563">
                  <String ID="string_region_1638873952199_625l22"
                          HEIGHT="166"
                          WIDTH="2251"
                          VPOS="2190"
                          HPOS="563"
                          CONTENT="pris m'escrire en francois et me marque lest at ou il "/>
               </TextLine>
               <TextLine ID="region_1638873952199_625l23"
                         BASELINE="590,2372 701,2376 812,2378 923,2380 1035,2381 1146,2382 1257,2382 1369,2380 1480,2380 1591,2380 1703,2378 1814,2376 1925,2376 2036,2374 2148,2374 2259,2373 2370,2372 2482,2374 2593,2374 2704,2376 2816,2378"
                         HEIGHT="152"
                         WIDTH="2257"
                         VPOS="2298"
                         HPOS="574">
                  <String ID="string_region_1638873952199_625l23"
                          HEIGHT="152"
                          WIDTH="2257"
                          VPOS="2298"
                          HPOS="574"
                          CONTENT="se trouve car je n'sentend pas l'anglois jay receu le com"/>
               </TextLine>
               <TextLine ID="region_1638873952199_625l24"
                         BASELINE="600,2468 708,2470 816,2470 925,2470 1033,2470 1142,2470 1250,2470 1358,2470 1467,2468 1575,2468 1684,2466 1792,2466 1900,2466 2009,2464 2117,2464 2226,2464 2334,2465 2442,2466 2551,2468 2659,2470 2768,2472"
                         HEIGHT="109"
                         WIDTH="2195"
                         VPOS="2383"
                         HPOS="587">
                  <String ID="string_region_1638873952199_625l24"
                          HEIGHT="109"
                          WIDTH="2195"
                          VPOS="2383"
                          HPOS="587"
                          CONTENT="les court no differons de quelq lie vres sterlings ie suis"/>
               </TextLine>
               <TextLine ID="region_1638873952199_625l25"
                         BASELINE="584,2550 695,2554 807,2556 919,2558 1031,2560 1143,2560 1254,2560 1366,2560 1478,2558 1590,2558 1702,2558 1813,2556 1925,2556 2037,2556 2149,2556 2261,2558 2372,2559 2484,2561 2596,2564 2708,2569 2820,2574"
                         HEIGHT="143"
                         WIDTH="2266"
                         VPOS="2469"
                         HPOS="569">
                  <String ID="string_region_1638873952199_625l25"
                          HEIGHT="143"
                          WIDTH="2266"
                          VPOS="2469"
                          HPOS="569"
                          CONTENT="bien content vs en remettre le solde mais marque&amp; moy"/>
               </TextLine>
               <TextLine ID="region_1638873952199_625l26"
                         BASELINE="580,2648 691,2652 802,2654 913,2654 1024,2654 1135,2654 1246,2652 1357,2650 1468,2648 1579,2646 1691,2642 1802,2640 1913,2638 2024,2638 2135,2637 2246,2638 2357,2640 2468,2642 2579,2647 2690,2655 2802,2664"
                         HEIGHT="166"
                         WIDTH="2254"
                         VPOS="2555"
                         HPOS="564">
                  <String ID="string_region_1638873952199_625l26"
                          HEIGHT="166"
                          WIDTH="2254"
                          VPOS="2555"
                          HPOS="564"
                          CONTENT="se vs astez content que je fasse l'endossement a lordre "/>
               </TextLine>
               <TextLine ID="region_1638873952199_625l27"
                         BASELINE="574,2744 683,2748 793,2748 903,2750 1012,2748 1122,2748 1232,2746 1341,2744 1451,2740 1561,2738 1671,2735 1780,2732 1890,2730 2000,2729 2109,2728 2219,2728 2329,2728 2438,2730 2548,2734 2658,2738 2768,2746"
                         HEIGHT="175"
                         WIDTH="2225"
                         VPOS="2637"
                         HPOS="558">
                  <String ID="string_region_1638873952199_625l27"
                          HEIGHT="175"
                          WIDTH="2225"
                          VPOS="2637"
                          HPOS="558"
                          CONTENT="mr willaem Cockson ie suir aussy estonne que je ne "/>
               </TextLine>
               <TextLine ID="region_1638873952199_625l28"
                         BASELINE="566,2832 677,2834 788,2836 899,2836 1010,2836 1121,2836 1232,2836 1343,2834 1454,2834 1565,2832 1676,2830 1787,2830 1898,2828 2009,2828 2120,2826 2231,2826 2342,2826 2453,2828 2564,2830 2675,2832 2786,2836"
                         HEIGHT="169"
                         WIDTH="2248"
                         VPOS="2739"
                         HPOS="552">
                  <String ID="string_region_1638873952199_625l28"
                          HEIGHT="169"
                          WIDTH="2248"
                          VPOS="2739"
                          HPOS="552"
                          CONTENT="de coive pas nouvelles de mr Parneer je lay a donne "/>
               </TextLine>
               <TextLine ID="region_1638873952199_625l29"
                         BASELINE="560,2928 669,2930 779,2930 889,2932 999,2932 1109,2932 1218,2930 1328,2930 1438,2928 1548,2928 1658,2926 1767,2926 1877,2924 1987,2924 2097,2922 2207,2922 2316,2924 2426,2924 2536,2926 2646,2928 2756,2930"
                         HEIGHT="140"
                         WIDTH="2225"
                         VPOS="2835"
                         HPOS="545">
                  <String ID="string_region_1638873952199_625l29"
                          HEIGHT="140"
                          WIDTH="2225"
                          VPOS="2835"
                          HPOS="545"
                          CONTENT="une memoire touchant quel  marchandises dont jay"/>
               </TextLine>
               <TextLine ID="region_1638873952199_625l30"
                         BASELINE="558,3032 670,3030 783,3028 896,3026 1009,3024 1122,3022 1235,3020 1348,3020 1461,3018 1574,3016 1687,3016 1799,3016 1912,3016 2025,3016 2138,3016 2251,3018 2364,3020 2477,3022 2590,3025 2703,3029 2816,3034"
                         HEIGHT="131"
                         WIDTH="2289"
                         VPOS="2937"
                         HPOS="543">
                  <String ID="string_region_1638873952199_625l30"
                          HEIGHT="131"
                          WIDTH="2289"
                          VPOS="2937"
                          HPOS="543"
                          CONTENT="besoing de schavoir la qualité et prix avant vs en pou"/>
               </TextLine>
               <TextLine ID="region_1638873952199_625l31"
                         BASELINE="552,3118 664,3120 776,3120 889,3120 1001,3118 1114,3116 1226,3114 1338,3112 1451,3108 1563,3106 1676,3104 1788,3101 1900,3100 2013,3098 2125,3098 2238,3098 2350,3100 2462,3102 2575,3106 2687,3112 2800,3120"
                         HEIGHT="144"
                         WIDTH="2277"
                         VPOS="3044"
                         HPOS="538">
                  <String ID="string_region_1638873952199_625l31"
                          HEIGHT="144"
                          WIDTH="2277"
                          VPOS="3044"
                          HPOS="538"
                          CONTENT="voir ordonner je voudrois de tout mon coeur que les af "/>
               </TextLine>
               <TextLine ID="region_1638873952199_625l32"
                         BASELINE="528,3208 642,3208 756,3208 870,3206 984,3204 1098,3202 1212,3200 1326,3198 1440,3194 1554,3192 1669,3190 1783,3188 1897,3188 2011,3186 2125,3188 2239,3188 2353,3190 2467,3194 2581,3199 2695,3204 2810,3212"
                         HEIGHT="144"
                         WIDTH="2312"
                         VPOS="3128"
                         HPOS="512">
                  <String ID="string_region_1638873952199_625l32"
                          HEIGHT="144"
                          WIDTH="2312"
                          VPOS="3128"
                          HPOS="512"
                          CONTENT="faires de vre maistre seroient accommodée car tout pre "/>
               </TextLine>
               <TextLine ID="region_1638873952199_625l33"
                         BASELINE="540,3280 651,3284 763,3286 875,3288 987,3288 1099,3288 1210,3288 1322,3286 1434,3284 1546,3283 1658,3282 1769,3280 1881,3278 1993,3276 2105,3276 2217,3276 2328,3278 2440,3279 2552,3282 2664,3286 2776,3292"
                         HEIGHT="117"
                         WIDTH="2265"
                         VPOS="3199"
                         HPOS="525">
                  <String ID="string_region_1638873952199_625l33"
                          HEIGHT="117"
                          WIDTH="2265"
                          VPOS="3199"
                          HPOS="525"
                          CONTENT="correspondence eyt troubles pr la je vs salue et suis "/>
               </TextLine>
               <TextLine ID="region_1638873952199_625l34"
                         BASELINE="2056,3344 2081,3346 2107,3347 2132,3348 2158,3348 2183,3349 2209,3350 2235,3350 2260,3350 2286,3350 2311,3350 2337,3350 2362,3350 2388,3350 2414,3350 2439,3350 2465,3350 2490,3350 2516,3351 2542,3352"
                         HEIGHT="113"
                         WIDTH="515"
                         VPOS="3283"
                         HPOS="2042">
                  <String ID="string_region_1638873952199_625l34"
                          HEIGHT="113"
                          WIDTH="515"
                          VPOS="3283"
                          HPOS="2042"
                          CONTENT="Javril 1716"/>
               </TextLine>
               <TextLine ID="region_1638873952199_625l35"
                         BASELINE="470,3360 512,3360 555,3360 598,3360 641,3360 684,3360 727,3362 770,3362 813,3362 856,3362 899,3362 941,3364 984,3364 1027,3364 1070,3364 1113,3364 1156,3364 1199,3364 1242,3364 1285,3364 1328,3364"
                         HEIGHT="149"
                         WIDTH="887"
                         VPOS="3269"
                         HPOS="456">
                  <String ID="string_region_1638873952199_625l35"
                          HEIGHT="149"
                          WIDTH="887"
                          VPOS="3269"
                          HPOS="456"
                          CONTENT="tournay Buselme de hus"/>
               </TextLine>
               <TextLine ID="region_1638873952199_625l36"
                         BASELINE="522,3428 636,3428 750,3430 864,3428 978,3428 1092,3427 1206,3426 1320,3424 1434,3423 1548,3422 1663,3420 1777,3418 1891,3417 2005,3416 2119,3416 2233,3416 2347,3416 2461,3416 2575,3418 2689,3420 2804,3422"
                         HEIGHT="161"
                         WIDTH="2313"
                         VPOS="3315"
                         HPOS="507">
                  <String ID="string_region_1638873952199_625l36"
                          HEIGHT="161"
                          WIDTH="2313"
                          VPOS="3315"
                          HPOS="507"
                          CONTENT="yu recu lhonneur de la vre 13 fevrier dernier jay cons eder"/>
               </TextLine>
               <TextLine ID="region_1638873952199_625l37"
                         BASELINE="536,3494 649,3492 762,3492 875,3492 988,3490 1101,3490 1214,3489 1327,3488 1440,3488 1553,3486 1667,3486 1780,3486 1893,3486 2006,3486 2119,3486 2232,3488 2345,3488 2458,3490 2571,3492 2684,3496 2798,3500"
                         HEIGHT="126"
                         WIDTH="2291"
                         VPOS="3409"
                         HPOS="521">
                  <String ID="string_region_1638873952199_625l37"
                          HEIGHT="126"
                          WIDTH="2291"
                          VPOS="3409"
                          HPOS="521"
                          CONTENT="vos raisons et pr faire toutee que pourriez desire de moy"/>
               </TextLine>
               <TextLine ID="region_1638873952199_625l38"
                         BASELINE="530,3566 642,3566 754,3566 866,3564 978,3564 1090,3564 1202,3564 1314,3562 1426,3562 1538,3562 1651,3560 1763,3560 1875,3560 1987,3560 2099,3558 2211,3559 2323,3560 2435,3560 2547,3560 2659,3562 2772,3562"
                         HEIGHT="117"
                         WIDTH="2271"
                         VPOS="3510"
                         HPOS="516">
                  <String ID="string_region_1638873952199_625l38"
                          HEIGHT="117"
                          WIDTH="2271"
                          VPOS="3510"
                          HPOS="516"
                          CONTENT="jauray patience e ue la fin de ce mois c q je"/>
               </TextLine>
               <TextLine ID="region_1638873952199_625l39"
                         BASELINE="546,3642 659,3640 773,3638 887,3636 1000,3634 1114,3632 1228,3630 1341,3630 1455,3628 1569,3628 1683,3626 1796,3626 1910,3626 2024,3626 2137,3628 2251,3628 2365,3629 2478,3630 2592,3632 2706,3634 2820,3636"
                         HEIGHT="135"
                         WIDTH="2303"
                         VPOS="3558"
                         HPOS="533">
                  <String ID="string_region_1638873952199_625l39"
                          HEIGHT="135"
                          WIDTH="2303"
                          VPOS="3558"
                          HPOS="533"
                          CONTENT="compte le jours car largent ift rane pr toutins u scav"/>
               </TextLine>
               <TextLine ID="region_1638873952199_625l40"
                         BASELINE="522,3720 636,3720 750,3720 864,3718 978,3716 1092,3716 1206,3714 1320,3712 1434,3712 1548,3710 1662,3710 1776,3708 1890,3708 2004,3708 2118,3708 2232,3708 2346,3710 2460,3712 2574,3714 2688,3716 2802,3720"
                         HEIGHT="122"
                         WIDTH="2309"
                         VPOS="3619"
                         HPOS="507">
                  <String ID="string_region_1638873952199_625l40"
                          HEIGHT="122"
                          WIDTH="2309"
                          VPOS="3619"
                          HPOS="507"
                          CONTENT="rien tinen de no dette etcependant devons estre promp"/>
               </TextLine>
               <TextLine ID="region_1638873952199_625l41"
                         BASELINE="528,3814 638,3810 749,3806 859,3803 970,3800 1080,3797 1191,3794 1301,3792 1412,3790 1522,3788 1633,3788 1743,3786 1854,3786 1964,3786 2075,3786 2185,3786 2296,3788 2406,3790 2517,3790 2627,3793 2738,3796"
                         HEIGHT="153"
                         WIDTH="2239"
                         VPOS="3708"
                         HPOS="513">
                  <String ID="string_region_1638873952199_625l41"
                          HEIGHT="153"
                          WIDTH="2239"
                          VPOS="3708"
                          HPOS="513"
                          CONTENT="en nos affaites considerez  ou ns sommes je vs"/>
               </TextLine>
            </TextBlock>
            <TextBlock ID="region_1638873956783_628"
                       HEIGHT="3717"
                       WIDTH="2386"
                       VPOS="99"
                       HPOS="2875">
               <Shape>
                  <Polygon POINTS="2875,99 5261,99 5261,3816 2875,3816"/>
               </Shape>
               <TextLine ID="region_1638873956783_628l1"
                         BASELINE="2900,188 3016,178 3132,170 3248,165 3365,161 3481,158 3597,156 3714,156 3830,156 3946,157 4063,158 4179,160 4295,162 4411,165 4528,167 4644,168 4760,170 4877,172 4993,172 5109,172 5226,170"
                         HEIGHT="105"
                         WIDTH="2356"
                         VPOS="131"
                         HPOS="2885">
                  <String ID="string_region_1638873956783_628l1"
                          HEIGHT="105"
                          WIDTH="2356"
                          VPOS="131"
                          HPOS="2885"
                          CONTENT="sommes je vs escrire celle cy afin quil ny eu poir"/>
               </TextLine>
               <TextLine ID="region_1638873956783_628l2"
                         BASELINE="2904,264 3020,257 3136,250 3252,244 3368,241 3485,238 3601,238 3717,238 3833,238 3949,240 4066,242 4182,246 4298,248 4414,252 4530,255 4647,258 4763,260 4879,262 4995,264 5111,266 5228,266"
                         HEIGHT="161"
                         WIDTH="2353"
                         VPOS="161"
                         HPOS="2889">
                  <String ID="string_region_1638873956783_628l2"
                          HEIGHT="161"
                          WIDTH="2353"
                          VPOS="161"
                          HPOS="2889"
                          CONTENT="de monque pr la de ce mois ce que ie vs prex plu"/>
               </TextLine>
               <TextLine ID="region_1638873956783_628l3"
                         BASELINE="2910,356 3023,350 3137,342 3251,338 3365,334 3479,330 3592,328 3706,328 3820,328 3934,328 4048,328 4161,330 4275,332 4389,334 4503,336 4617,339 4730,342 4844,344 4958,347 5072,350 5186,352"
                         HEIGHT="120"
                         WIDTH="2306"
                         VPOS="266"
                         HPOS="2896">
                  <String ID="string_region_1638873956783_628l3"
                          HEIGHT="120"
                          WIDTH="2306"
                          VPOS="266"
                          HPOS="2896"
                          CONTENT="tot sa ffaire ce pourra et vs m obligerez en toutee "/>
               </TextLine>
               <TextLine ID="region_1638873956783_628l4"
                         BASELINE="2910,460 3024,450 3138,442 3253,437 3367,431 3482,426 3596,424 3710,422 3825,420 3939,420 4054,420 4168,420 4282,422 4397,423 4511,425 4626,426 4740,428 4854,430 4969,432 5083,434 5198,434"
                         HEIGHT="170"
                         WIDTH="2318"
                         VPOS="356"
                         HPOS="2896">
                  <String ID="string_region_1638873956783_628l4"
                          HEIGHT="170"
                          WIDTH="2318"
                          VPOS="356"
                          HPOS="2896"
                          CONTENT="que soouvez avoir besoing je vs serviray mompt et "/>
               </TextLine>
               <TextLine ID="region_1638873956783_628l5"
                         BASELINE="2918,572 3032,559 3147,547 3262,538 3377,530 3492,524 3606,519 3721,516 3836,514 3951,512 4066,512 4180,512 4295,512 4410,512 4525,514 4640,514 4754,514 4869,514 4984,514 5099,514 5214,512"
                         HEIGHT="179"
                         WIDTH="2325"
                         VPOS="424"
                         HPOS="2904">
                  <String ID="string_region_1638873956783_628l5"
                          HEIGHT="179"
                          WIDTH="2325"
                          VPOS="424"
                          HPOS="2904"
                          CONTENT="bon marché ayant les plus besux assontiment du "/>
               </TextLine>
               <TextLine ID="region_1638873956783_628l6"
                         BASELINE="2904,660 2998,650 3093,641 3188,633 3283,628 3378,622 3472,618 3567,614 3662,612 3757,609 3852,607 3946,606 4041,604 4136,604 4231,602 4326,602 4420,600 4515,599 4610,598 4705,596 4800,594"
                         HEIGHT="186"
                         WIDTH="1926"
                         VPOS="520"
                         HPOS="2889">
                  <String ID="string_region_1638873956783_628l6"
                          HEIGHT="186"
                          WIDTH="1926"
                          VPOS="520"
                          HPOS="2889"
                          CONTENT="monde pr vre service je vs salue et suis "/>
               </TextLine>
               <TextLine ID="region_1638873956783_628l7"
                         BASELINE="4362,692 4390,692 4419,692 4447,693 4476,694 4505,694 4533,694 4562,694 4590,695 4619,696 4648,696 4676,696 4705,697 4733,698 4762,698 4791,699 4819,700 4848,702 4876,704 4905,706 4934,708"
                         HEIGHT="136"
                         WIDTH="602"
                         VPOS="601"
                         HPOS="4347">
                  <String ID="string_region_1638873956783_628l7"
                          HEIGHT="136"
                          WIDTH="602"
                          VPOS="601"
                          HPOS="4347"
                          CONTENT="7 Arril 1716"/>
               </TextLine>
               <TextLine ID="region_1638873956783_628l8"
                         BASELINE="2904,754 2949,749 2994,746 3039,741 3085,738 3130,736 3175,732 3221,732 3266,730 3311,728 3357,726 3402,724 3447,722 3492,720 3538,718 3583,715 3628,712 3674,708 3719,705 3764,701 3810,694"
                         HEIGHT="190"
                         WIDTH="937"
                         VPOS="616"
                         HPOS="2888">
                  <String ID="string_region_1638873956783_628l8"
                          HEIGHT="190"
                          WIDTH="937"
                          VPOS="616"
                          HPOS="2888"
                          CONTENT="Gent Jacobus Baut"/>
               </TextLine>
               <TextLine ID="region_1638873956783_628l9"
                         BASELINE="2902,838 3019,832 3136,826 3253,821 3370,814 3487,810 3604,806 3721,801 3838,796 3955,792 4072,789 4189,786 4306,784 4423,782 4540,782 4657,782 4774,782 4891,784 5008,786 5125,790 5242,794"
                         HEIGHT="183"
                         WIDTH="2371"
                         VPOS="697"
                         HPOS="2886">
                  <String ID="string_region_1638873956783_628l9"
                          HEIGHT="183"
                          WIDTH="2371"
                          VPOS="697"
                          HPOS="2886"
                          CONTENT="ue aengenaeme 11 past en 4 deser wel ontfange nevent"/>
               </TextLine>
               <TextLine ID="region_1638873956783_628l10"
                         BASELINE="2902,910 3017,906 3132,902 3247,898 3362,894 3478,892 3593,888 3708,886 3823,882 3938,880 4054,876 4169,874 4284,872 4399,872 4514,870 4630,870 4745,870 4860,870 4975,870 5090,872 5206,874"
                         HEIGHT="147"
                         WIDTH="2336"
                         VPOS="781"
                         HPOS="2886">
                  <String ID="string_region_1638873956783_628l10"
                          HEIGHT="147"
                          WIDTH="2336"
                          VPOS="781"
                          HPOS="2886"
                          CONTENT="re trato aen mijn ordre op hendij so dopie £97:6:8"/>
               </TextLine>
               <TextLine ID="region_1638873956783_628l11"
                         BASELINE="2918,996 3033,992 3149,986 3264,982 3380,979 3496,976 3611,972 3727,970 3842,968 3958,968 4074,966 4189,966 4305,964 4420,964 4536,964 4652,964 4767,962 4883,962 4998,962 5114,962 5230,960"
                         HEIGHT="118"
                         WIDTH="2342"
                         VPOS="904"
                         HPOS="2903">
                  <String ID="string_region_1638873956783_628l11"
                          HEIGHT="118"
                          WIDTH="2342"
                          VPOS="904"
                          HPOS="2903"
                          CONTENT="die om ac aptatie hebbe gesonden sullende de voorden "/>
               </TextLine>
               <TextLine ID="region_1638873956783_628l12"
                         BASELINE="2924,1094 2985,1088 3046,1084 3107,1079 3168,1076 3229,1073 3290,1070 3351,1068 3412,1066 3473,1064 3534,1062 3595,1060 3656,1058 3717,1057 3778,1054 3839,1052 3900,1049 3961,1046 4022,1042 4083,1038 4144,1034"
                         HEIGHT="175"
                         WIDTH="1252"
                         VPOS="966"
                         HPOS="2907">
                  <String ID="string_region_1638873956783_628l12"
                          HEIGHT="175"
                          WIDTH="1252"
                          VPOS="966"
                          HPOS="2907"
                          CONTENT="orge draege blive van herte"/>
               </TextLine>
               <TextLine ID="region_1638873956783_628l13"
                         BASELINE="4032,1146 4079,1143 4127,1141 4174,1138 4222,1136 4270,1136 4317,1134 4365,1134 4412,1134 4460,1134 4508,1132 4555,1132 4603,1132 4650,1132 4698,1132 4746,1130 4793,1130 4841,1128 4888,1127 4936,1125 4984,1122"
                         HEIGHT="204"
                         WIDTH="982"
                         VPOS="991"
                         HPOS="4016">
                  <String ID="string_region_1638873956783_628l13"
                          HEIGHT="204"
                          WIDTH="982"
                          VPOS="991"
                          HPOS="4016"
                          CONTENT="Ady 10 sbrusil 1716"/>
               </TextLine>
               <TextLine ID="region_1638873956783_628l14"
                         BASELINE="2880,1198 2927,1194 2975,1190 3023,1186 3070,1184 3118,1182 3166,1180 3213,1180 3261,1178 3309,1178 3357,1176 3404,1176 3452,1174 3500,1174 3547,1173 3595,1172 3643,1170 3690,1168 3738,1167 3786,1165 3834,1162"
                         HEIGHT="183"
                         WIDTH="984"
                         VPOS="1067"
                         HPOS="2865">
                  <String ID="string_region_1638873956783_628l14"
                          HEIGHT="183"
                          WIDTH="984"
                          VPOS="1067"
                          HPOS="2865"
                          CONTENT="Mons J Bapt De Bleux"/>
               </TextLine>
               <TextLine ID="region_1638873956783_628l15"
                         BASELINE="2906,1294 3018,1291 3131,1287 3244,1284 3357,1281 3470,1278 3583,1276 3696,1274 3809,1274 3922,1272 4035,1272 4147,1272 4260,1272 4373,1272 4486,1272 4599,1272 4712,1273 4825,1274 4938,1274 5051,1276 5164,1276"
                         HEIGHT="192"
                         WIDTH="2289"
                         VPOS="1158"
                         HPOS="2890">
                  <String ID="string_region_1638873956783_628l15"
                          HEIGHT="192"
                          WIDTH="2289"
                          VPOS="1158"
                          HPOS="2890"
                          CONTENT="Jay recu lhonneur de la vre 2 du cour. vous me prandez"/>
               </TextLine>
               <TextLine ID="region_1638873956783_628l16"
                         BASELINE="2978,1376 3087,1376 3196,1376 3306,1378 3415,1378 3525,1378 3634,1378 3743,1378 3853,1378 3962,1378 4072,1378 4181,1378 4290,1378 4400,1378 4509,1378 4619,1378 4728,1380 4837,1380 4947,1382 5056,1384 5166,1386"
                         HEIGHT="151"
                         WIDTH="2219"
                         VPOS="1290"
                         HPOS="2963">
                  <String ID="string_region_1638873956783_628l16"
                          HEIGHT="151"
                          WIDTH="2219"
                          VPOS="1290"
                          HPOS="2963"
                          CONTENT="P. de flannelles de 2e larges de  47 a 5 gr ie n'en ay grre"/>
               </TextLine>
               <TextLine ID="region_1638873956783_628l17"
                         BASELINE="2916,1492 3027,1492 3138,1490 3249,1490 3361,1490 3472,1490 3583,1490 3695,1490 3806,1490 3917,1490 4029,1490 4140,1490 4251,1490 4362,1490 4474,1488 4585,1488 4696,1487 4808,1486 4919,1484 5030,1480 5142,1478"
                         HEIGHT="155"
                         WIDTH="2254"
                         VPOS="1382"
                         HPOS="2902">
                  <String ID="string_region_1638873956783_628l17"
                          HEIGHT="155"
                          WIDTH="2254"
                          VPOS="1382"
                          HPOS="2902"
                          CONTENT="de 243 ƒ50 et ƒ68:- vous serez mieux den prendre "/>
               </TextLine>
               <TextLine ID="region_1638873956783_628l18"
                         BASELINE="2918,1616 3034,1613 3151,1610 3267,1609 3384,1608 3501,1606 3617,1606 3734,1604 3850,1604 3967,1602 4084,1602 4200,1602 4317,1602 4433,1600 4550,1600 4667,1600 4783,1598 4900,1598 5016,1597 5133,1596 5250,1594"
                         HEIGHT="166"
                         WIDTH="2362"
                         VPOS="1501"
                         HPOS="2903">
                  <String ID="string_region_1638873956783_628l18"
                          HEIGHT="166"
                          WIDTH="2362"
                          VPOS="1501"
                          HPOS="2903"
                          CONTENT="inne de ƒ43: et came de ƒ50:- celles de ƒ66 sont superfinne"/>
               </TextLine>
               <TextLine ID="region_1638873956783_628l19"
                         BASELINE="2930,1710 3038,1708 3147,1708 3256,1708 3365,1708 3474,1708 3583,1710 3692,1710 3801,1710 3910,1710 4019,1710 4127,1710 4236,1710 4345,1708 4454,1708 4563,1706 4672,1706 4781,1704 4890,1701 4999,1698 5108,1696"
                         HEIGHT="108"
                         WIDTH="2207"
                         VPOS="1628"
                         HPOS="2915">
                  <String ID="string_region_1638873956783_628l19"
                          HEIGHT="108"
                          WIDTH="2207"
                          VPOS="1628"
                          HPOS="2915"
                          CONTENT="et on sers serve icy et a Bbruxeles pour en faire"/>
               </TextLine>
               <TextLine ID="region_1638873956783_628l20"
                         BASELINE="2902,1810 3010,1812 3118,1814 3226,1816 3334,1816 3443,1816 3551,1816 3659,1816 3767,1816 3875,1814 3984,1812 4092,1810 4200,1808 4308,1806 4416,1804 4525,1802 4633,1798 4741,1796 4849,1793 4957,1790 5066,1788"
                         HEIGHT="138"
                         WIDTH="2196"
                         VPOS="1710"
                         HPOS="2887">
                  <String ID="string_region_1638873956783_628l20"
                          HEIGHT="138"
                          WIDTH="2196"
                          VPOS="1710"
                          HPOS="2887"
                          CONTENT="de canisolles pour les filles et sccommes ce que iay"/>
               </TextLine>
               <TextLine ID="region_1638873956783_628l21"
                         BASELINE="2914,1916 3028,1920 3142,1922 3257,1922 3371,1924 3486,1922 3600,1922 3714,1920 3829,1919 3943,1916 4058,1914 4172,1912 4286,1910 4401,1908 4515,1906 4630,1904 4744,1904 4858,1904 4973,1904 5087,1904 5202,1906"
                         HEIGHT="175"
                         WIDTH="2318"
                         VPOS="1786"
                         HPOS="2899">
                  <String ID="string_region_1638873956783_628l21"
                          HEIGHT="175"
                          WIDTH="2318"
                          VPOS="1786"
                          HPOS="2899"
                          CONTENT="trouve bon vous escrire au paravant car puis que "/>
               </TextLine>
               <TextLine ID="region_1638873956783_628l22"
                         BASELINE="2888,2038 3002,2033 3117,2029 3231,2026 3346,2023 3460,2020 3575,2018 3689,2016 3804,2014 3918,2013 4033,2012 4147,2010 4262,2010 4376,2010 4491,2010 4605,2010 4720,2011 4834,2012 4949,2013 5063,2014 5178,2016"
                         HEIGHT="137"
                         WIDTH="2318"
                         VPOS="1930"
                         HPOS="2874">
                  <String ID="string_region_1638873956783_628l22"
                          HEIGHT="137"
                          WIDTH="2318"
                          VPOS="1930"
                          HPOS="2874"
                          CONTENT="nous avens les faistes vous les aurez en temps aste"/>
               </TextLine>
               <TextLine ID="region_1638873956783_628l23"
                         BASELINE="2912,2134 3025,2132 3139,2130 3253,2129 3367,2128 3481,2126 3595,2126 3709,2124 3823,2124 3937,2122 4051,2122 4164,2120 4278,2120 4392,2120 4506,2120 4620,2120 4734,2118 4848,2118 4962,2120 5076,2120 5190,2120"
                         HEIGHT="184"
                         WIDTH="2306"
                         VPOS="2017"
                         HPOS="2898">
                  <String ID="string_region_1638873956783_628l23"
                          HEIGHT="184"
                          WIDTH="2306"
                          VPOS="2017"
                          HPOS="2898"
                          CONTENT="et ie pourray avoir vre resolution avant vous les"/>
               </TextLine>
               <TextLine ID="region_1638873956783_628l24"
                         BASELINE="2920,2250 3029,2244 3138,2238 3248,2234 3357,2230 3467,2228 3576,2226 3685,2226 3795,2226 3904,2226 4014,2226 4123,2228 4232,2228 4342,2230 4451,2230 4561,2232 4670,2232 4779,2232 4889,2232 4998,2232 5108,2232"
                         HEIGHT="179"
                         WIDTH="2218"
                         VPOS="2115"
                         HPOS="2906">
                  <String ID="string_region_1638873956783_628l24"
                          HEIGHT="179"
                          WIDTH="2218"
                          VPOS="2115"
                          HPOS="2906"
                          CONTENT="envoyéer pour vous amieux servir ce que ie vous"/>
               </TextLine>
               <TextLine ID="region_1638873956783_628l25"
                         BASELINE="2916,2360 3030,2351 3144,2344 3259,2338 3373,2333 3488,2330 3602,2328 3716,2328 3831,2328 3945,2328 4060,2330 4174,2330 4288,2332 4403,2334 4517,2334 4632,2334 4746,2334 4860,2332 4975,2330 5089,2326 5204,2320"
                         HEIGHT="147"
                         WIDTH="2318"
                         VPOS="2234"
                         HPOS="2900">
                  <String ID="string_region_1638873956783_628l25"
                          HEIGHT="147"
                          WIDTH="2318"
                          VPOS="2234"
                          HPOS="2900"
                          CONTENT="prie me marquer en responce de cette silce n'est "/>
               </TextLine>
               <TextLine ID="region_1638873956783_628l26"
                         BASELINE="2896,2464 3010,2455 3125,2449 3240,2442 3354,2438 3469,2434 3584,2432 3698,2430 3813,2428 3928,2428 4043,2428 4157,2428 4272,2428 4387,2428 4501,2430 4616,2430 4731,2432 4845,2432 4960,2432 5075,2432 5190,2432"
                         HEIGHT="201"
                         WIDTH="2324"
                         VPOS="2330"
                         HPOS="2882">
                  <String ID="string_region_1638873956783_628l26"
                          HEIGHT="201"
                          WIDTH="2324"
                          VPOS="2330"
                          HPOS="2882"
                          CONTENT="p Jonart ie vous les envoyeray pr un aultre ayant "/>
               </TextLine>
               <TextLine ID="region_1638873956783_628l27"
                         BASELINE="2908,2568 3020,2558 3133,2549 3246,2541 3359,2535 3472,2531 3584,2528 3697,2526 3810,2524 3923,2524 4036,2524 4148,2524 4261,2524 4374,2525 4487,2526 4600,2526 4712,2526 4825,2526 4938,2526 5051,2524 5164,2520"
                         HEIGHT="129"
                         WIDTH="2286"
                         VPOS="2458"
                         HPOS="2893">
                  <String ID="string_region_1638873956783_628l27"
                          HEIGHT="129"
                          WIDTH="2286"
                          VPOS="2458"
                          HPOS="2893"
                          CONTENT="vre responce presentement ie vous puis servir et "/>
               </TextLine>
               <TextLine ID="region_1638873956783_628l28"
                         BASELINE="2926,2666 3040,2657 3155,2648 3270,2641 3385,2636 3500,2630 3614,2628 3729,2626 3844,2624 3959,2622 4074,2622 4188,2622 4303,2622 4418,2622 4533,2622 4648,2622 4762,2622 4877,2622 4992,2622 5107,2620 5222,2618"
                         HEIGHT="169"
                         WIDTH="2327"
                         VPOS="2531"
                         HPOS="2910">
                  <String ID="string_region_1638873956783_628l28"
                          HEIGHT="169"
                          WIDTH="2327"
                          VPOS="2531"
                          HPOS="2910"
                          CONTENT="vous aurez en mes me temps le drap rouge et vird"/>
               </TextLine>
               <TextLine ID="region_1638873956783_628l29"
                         BASELINE="2912,2758 3024,2752 3136,2748 3248,2744 3360,2740 3472,2736 3584,2734 3696,2732 3808,2730 3920,2730 4033,2728 4145,2728 4257,2728 4369,2728 4481,2728 4593,2726 4705,2726 4817,2726 4929,2726 5041,2724 5154,2722"
                         HEIGHT="146"
                         WIDTH="2270"
                         VPOS="2631"
                         HPOS="2898">
                  <String ID="string_region_1638873956783_628l29"
                          HEIGHT="146"
                          WIDTH="2270"
                          VPOS="2631"
                          HPOS="2898"
                          CONTENT="comme me mandez et tout ce quil vous plaira "/>
               </TextLine>
               <TextLine ID="region_1638873956783_628l30"
                         BASELINE="2904,2852 3013,2848 3122,2846 3231,2842 3340,2841 3450,2839 3559,2838 3668,2836 3777,2834 3886,2834 3996,2832 4105,2832 4214,2830 4323,2829 4432,2828 4542,2826 4651,2824 4760,2822 4869,2820 4978,2816 5088,2812"
                         HEIGHT="102"
                         WIDTH="2212"
                         VPOS="2776"
                         HPOS="2889">
                  <String ID="string_region_1638873956783_628l30"
                          HEIGHT="102"
                          WIDTH="2212"
                          VPOS="2776"
                          HPOS="2889"
                          CONTENT="m'ordonner car ie suis presentement afforts de "/>
               </TextLine>
               <TextLine ID="region_1638873956783_628l31"
                         BASELINE="2924,2946 3039,2944 3155,2942 3270,2940 3386,2939 3501,2938 3617,2936 3732,2934 3848,2932 3963,2930 4079,2928 4194,2928 4310,2926 4425,2924 4541,2924 4656,2924 4772,2922 4887,2922 5003,2924 5118,2924 5234,2924"
                         HEIGHT="163"
                         WIDTH="2341"
                         VPOS="2797"
                         HPOS="2908">
                  <String ID="string_region_1638873956783_628l31"
                          HEIGHT="163"
                          WIDTH="2341"
                          VPOS="2797"
                          HPOS="2908"
                          CONTENT="touttes sortes des marchandises vous me seres plaisis"/>
               </TextLine>
               <TextLine ID="region_1638873956783_628l32"
                         BASELINE="2896,3046 3012,3043 3128,3040 3245,3038 3361,3036 3478,3034 3594,3034 3710,3032 3827,3032 3943,3032 4060,3032 4176,3032 4292,3032 4409,3032 4525,3032 4642,3034 4758,3034 4874,3034 4991,3034 5107,3034 5224,3034"
                         HEIGHT="151"
                         WIDTH="2356"
                         VPOS="2926"
                         HPOS="2883">
                  <String ID="string_region_1638873956783_628l32"
                          HEIGHT="151"
                          WIDTH="2356"
                          VPOS="2926"
                          HPOS="2883"
                          CONTENT="a me remettre enpeu de tours comme me promettes"/>
               </TextLine>
               <TextLine ID="region_1638873956783_628l33"
                         BASELINE="2908,3150 3018,3146 3128,3144 3239,3144 3349,3142 3460,3140 3570,3140 3680,3140 3791,3140 3901,3140 4012,3140 4122,3140 4232,3140 4343,3140 4453,3140 4564,3138 4674,3138 4784,3138 4895,3138 5005,3136 5116,3136"
                         HEIGHT="171"
                         WIDTH="2236"
                         VPOS="3041"
                         HPOS="2894">
                  <String ID="string_region_1638873956783_628l33"
                          HEIGHT="171"
                          WIDTH="2236"
                          VPOS="3041"
                          HPOS="2894"
                          CONTENT="car nous avons tant du mal pour le present "/>
               </TextLine>
               <TextLine ID="region_1638873956783_628l34"
                         BASELINE="2912,3258 3023,3252 3134,3248 3245,3246 3356,3244 3468,3244 3579,3242 3690,3242 3801,3242 3912,3244 4024,3244 4135,3245 4246,3246 4357,3246 4468,3248 4580,3248 4691,3248 4802,3248 4913,3246 5024,3244 5136,3242"
                         HEIGHT="180"
                         WIDTH="2253"
                         VPOS="3143"
                         HPOS="2897">
                  <String ID="string_region_1638873956783_628l34"
                          HEIGHT="180"
                          WIDTH="2253"
                          VPOS="3143"
                          HPOS="2897"
                          CONTENT="a ramasser de Largent que ne le scaurez croire"/>
               </TextLine>
               <TextLine ID="region_1638873956783_628l35"
                         BASELINE="2906,3344 3022,3346 3138,3348 3254,3350 3370,3350 3486,3350 3602,3352 3718,3352 3834,3352 3950,3352 4067,3352 4183,3352 4299,3352 4415,3350 4531,3350 4647,3350 4763,3350 4879,3352 4995,3352 5111,3352 5228,3354"
                         HEIGHT="115"
                         WIDTH="2353"
                         VPOS="3249"
                         HPOS="2891">
                  <String ID="string_region_1638873956783_628l35"
                          HEIGHT="115"
                          WIDTH="2353"
                          VPOS="3249"
                          HPOS="2891"
                          CONTENT="ie mefie sur vre boute priant ne pas manquer a me"/>
               </TextLine>
               <TextLine ID="region_1638873956783_628l36"
                         BASELINE="2904,3462 3015,3460 3126,3458 3237,3456 3348,3456 3459,3456 3570,3456 3681,3456 3792,3456 3903,3458 4014,3458 4125,3458 4236,3458 4347,3460 4458,3460 4569,3458 4680,3458 4791,3456 4902,3454 5013,3451 5124,3448"
                         HEIGHT="187"
                         WIDTH="2251"
                         VPOS="3343"
                         HPOS="2888">
                  <String ID="string_region_1638873956783_628l36"
                          HEIGHT="187"
                          WIDTH="2251"
                          VPOS="3343"
                          HPOS="2888"
                          CONTENT="afin que ie vous envoye les surdittes marchandises "/>
               </TextLine>
               <TextLine ID="region_1638873956783_628l37"
                         BASELINE="2910,3560 3022,3558 3135,3554 3248,3552 3360,3552 3473,3550 3586,3552 3698,3552 3811,3554 3924,3556 4037,3558 4149,3560 4262,3561 4375,3562 4487,3564 4600,3564 4713,3564 4825,3564 4938,3564 5051,3560 5164,3558"
                         HEIGHT="173"
                         WIDTH="2283"
                         VPOS="3465"
                         HPOS="2895">
                  <String ID="string_region_1638873956783_628l37"
                          HEIGHT="173"
                          WIDTH="2283"
                          VPOS="3465"
                          HPOS="2895"
                          CONTENT="sausperdre du temps car ie croy que Ballas serat"/>
               </TextLine>
               <TextLine ID="region_1638873956783_628l38"
                         BASELINE="2912,3664 3024,3663 3137,3662 3250,3662 3363,3662 3476,3662 3588,3662 3701,3662 3814,3664 3927,3664 4040,3664 4152,3664 4265,3664 4378,3664 4491,3664 4604,3664 4716,3662 4829,3660 4942,3659 5055,3656 5168,3652"
                         HEIGHT="140"
                         WIDTH="2285"
                         VPOS="3556"
                         HPOS="2898">
                  <String ID="string_region_1638873956783_628l38"
                          HEIGHT="140"
                          WIDTH="2285"
                          VPOS="3556"
                          HPOS="2898"
                          CONTENT="rey pr mercredy ou seudy asveur: vous souhaitant "/>
               </TextLine>
               <TextLine ID="region_1638873956783_628l39"
                         BASELINE="2896,3774 2983,3772 3071,3770 3159,3770 3247,3770 3335,3768 3422,3768 3510,3768 3598,3768 3686,3768 3774,3768 3861,3766 3949,3766 4037,3764 4125,3763 4213,3761 4300,3758 4388,3755 4476,3752 4564,3746 4652,3742"
                         HEIGHT="185"
                         WIDTH="1786"
                         VPOS="3651"
                         HPOS="2880">
                  <String ID="string_region_1638873956783_628l39"
                          HEIGHT="185"
                          WIDTH="1786"
                          VPOS="3651"
                          HPOS="2880"
                          CONTENT="les bonnes faistes de pasques ie me doit"/>
               </TextLine>
            </TextBlock>
         </PrintSpace>
      </Page>
   </Layout>
</alto>
