5502 3926
619 86 2244 158 que  ne considerz pas la qualite vs pouvez bien en

607 187 2220 145 estre persuade que dans tout le pays il ny a persn

590 306 2274 132 plus curieux a la marchandise que je ne suis que je

603 394 2247 124 m'assortie tous jours sur le p les finne shachant vee

615 469 2187 137 dre  des petittes m'eachandises come pr enle

636 564 2230 142 de draps de £1 a 42 pattarts je ne les voudroitavois

640 656 2215 105 dans mon magasin dans la congonet re presinte

628 761 2163 108 manufactiere genesaclement sont cheres voiy yes

645 817 2160 150 chantillions de tout le derniere prix 4 p as sel

640 942 2200 130 vs agrient marque ce ux quil vs det penraya

629 993 2247 148 les moy s'il s ne duisant point tence les eschandille

658 1087 2172 182 car jen ay toubles bescarisees et bayes sont heres eta

629 1181 2207 191 voillent pas grande chos ije ne is point d'aves ien

617 1324 2171 135 faire venir beaucoup cette annee icy je vs servericy

656 1370 2184 172 de tiente ƒ31 bleuses ƒ34:10 les su per finnes tiende a

619 1486 2209 183 33 come vs avez cie au mois d'aoust dernier vs xuree

631 1588 2231 171 du mal den trouver parqelles je presende vendre se

620 1716 2221 132 bon marche g'acyeune honneste marchand pl puis

624 1764 2165 196 faire scavez vs trouvez mieux vre compte vs fait bien

651 1889 2091 135 d'en profiter et aux occasons que ne pourrez pas

641 1990 1109 175 gmieux ie seray tous jours

1955 2084 474 160 30 maij 1716

547 2101 1009 154 Clletax thomas martin

641 2241 2176 157 Jay receu lhonneur de la vre 19 du courant ie vois g avez

650 2323 2114 126 Jachepte 10 p de Samuel Lord bayes a 46:6 et 10  ps de

626 2414 2195 147 John chadwich a N 1710 ¼ W 40 a 42 a 45 N A 20  125 5

616 2508 2238 109 N48 a  30 aƒ 52:6 ce qui est bien et a ma jastisfaction pour

631 2569 2216 195 veu quelles sont de la superfine qualite car de comune sorte

634 2694 2110 142 ie ne puis pas debiter ie veu bien croire que vsle pouvez

632 2799 2249 121 achepter meillieur marche que les amis de leeds mais ime

629 2873 2213 142 faudra voir les efets avant d'en pouvoir juger au requrd de

639 2948 2232 144 fraix mes amis de leeds ne me portent non piceur un ballo

637 3083 2240 110 de50  de bays avecleur provisson usques a hul que environ

653 3116 2207 130 de £4:10 et vi le proposez jusques a £9:8:7 fellementye

633 3246 2238 133 ne comprenne pas ce quicela veut dire faittes au meclues

620 3327 2256 138 marché que i pourres pr une es preuve et envoyez moy ce

608 3406 2258 117 ballot cits quil vs sera possize pr le premier vasseau qui

594 3494 2276 152 partira dhull soit pr oostende ou pr rotterdam de mesme

601 3584 2239 161 que de les 50 de carisces de sonen sedden a fen que je as

603 3665 2273 179 puis avoir icy au premiere et juger ce quil ensera pr

2939 14 2322 174 e naer en ans sve onde vile

2946 164 2258 113 car. la saison Javance prfaire wenir nos provisedn

2936 206 2317 160 de cesssortes des marchandises expedier s autant quil

2927 312 2250 123 vs sera possible attendant de vos nouseele me d£

2910 409 2201 196 Ghendt J Bapt De Saedebaer AAdy 1 Junii 1715

2926 537 2223 155 sa dienen in antwoort op ue aengenaeme 30

2913 634 2215 185 past dat ick met geen reden somandt van mijne

2920 765 2334 151 oor respondenten kan refuseeren te dienen ende dat

2933 844 2336 198 meer uyt complaisandie als uyt intrest niet geloovente

2941 999 2273 153 de partjen die ue jaer kx in Antwerpen coemt te

2938 1067 2287 183 betaelen my moeten eeren om over de provisie

2923 1191 2256 171 te marchandeeren om sal met de provisie

2924 1302 2196 208 ende de conditie soo alt Der de Bie salighesr ue

2945 1420 2311 165 bedient heeft op conditie ue mij sal bij tijde provideeren

2921 1529 2118 209 te vreden wesen die ue mij maer en gelieft te

2934 1640 2329 200 indiqueeren het laeken N141 behoorde ten minsten

2944 1753 2312 189 16 p verendeeren mittemin doet als voor eygen

2956 1857 2140 175 want het profijt consimeert voorgaents in den

2924 1973 2294 136 intrest men vraeght seer dunne laekens voor het

2927 2079 2201 172 tegenwoordigh ende daer om verwondert het mij

2935 2200 2224 164 ue mijn breetleyst niet en can debiteeren

2932 2323 2279 139 doet ue beste dm het een en het ander aen den

2919 2405 2285 185 man te helpen wentche ue de salighe leedaeghen

2922 2511 1271 156 en blijve in ale occasien

2910 2637 2146 113 Rotterd NDiones verburgh Ady 4 junii 1716

2906 2759 2349 147 sedert mijnen laesten 11 pasxs en hebbe d'eere niet

2923 2813 2329 167 eenige ier aengenaeme te becoemen: daer is eene

2906 2914 2259 179 baele van hull pr Jonathan hall on a costj voor

2932 3014 2327 175 mij af gescheept 0 met dosijnsiens a 8 ordinair

2904 3145 2236 142 die volgens advies van daer met dese weste wint

2916 3226 2322 156 behoorde te arriveeren soo sijnde door Godts gratie

2916 3322 2052 189 gelieve my ci avier te geven en blijve
