5065 4009
416 110 2055 146 de vre belliet sur la hav quelle soit payee se

458 176 2048 133 ne man quevay pas a la premiere occasion des

465 274 2045 150 escrire a mon cemis dhollande qul l eet entre

477 365 1964 174 les mains et je vs en seauray dire des nouvelles

491 489 320 150 je suis

1699 566 568 141 28 may 1714

337 565 952 191 Gent J:B: de Saedelaer

494 664 1959 206 met ue aengenaeme van 24 ert beoemude

482 791 1984 145 rect van vercoop vant sweert drap dhome ue

490 882 2033 145 13 februariy 1713 toegesonden waer by mij comt voor

508 980 2043 189 nitto provenue geort de on coyten en ue provisie

472 1095 2005 186 mets instaende de schult £44115:5 vlaems wis

504 1205 1953 173 gelde soo als ue gedebiteert hebbe sijnde echter

513 1299 1942 173 een elle te cost. hadde niet getwijfelt oft het

519 1400 1972 176 laest gesonden soude instantelijck gidebiteert

517 1504 1883 199 hobben geweest ick en weete niet anders oft

480 1604 2016 159 het moet een seer goet laecken wesen ende en

505 1719 1946 154 can niet bedencken dat daer reden van clak

513 1819 1952 149 ten sullen overvallen het is waer de laecken

492 1911 1925 205 sijn dierder in prijs ende dat in alle soorten

506 2022 1967 188 soo engelscte als hollantsche linborghsche

501 2125 1967 158 en inslantsche ende daer moet men de mert

503 2236 1963 190 in volegen maecke notitie nota van 18½

507 2342 2013 184 tot N 16½ en  1es tot N 16 die ue daer van vercocht

500 2445 1838 176 heeft ick dencke p eersten de reste sal af

475 2537 1968 169 te heeten sal ue dan een ander en swaerder dat

490 2655 1957 190 bij hebbe inde plaetse senden ick wete wel die

480 2756 1983 189 van verviers hemborghse ons het groete qu

497 2860 1921 180 doen en selfs aende engelsche laeckens dat

478 2955 2032 173 worde iete genoch gewaer ende wete wel noch

487 3072 2002 168 ergern sal worden wij moete patientie nemen

465 3152 2024 178 gebruycke de libertijt ue ingesloeten om e ce

474 3256 2036 177 taties te senden 3 wissb eenen op ue eygen selven

431 3372 1983 108 van £100:12 eenen op Guilliam ue febire

423 3469 1912 137 van ƒ 15918 ende eenen van ƒ5 4o vlaems

450 3542 1950 155 wis: op francois de poster a costi die gelieve

451 3651 1937 160 te accepteeren ende d'andere 2 te laeten accep

451 3773 1994 118 teenen en de mij soo haest moogeleck weder te senden

2782 142 2095 99 want soude geene mijne vrene en

2776 168 2177 161 antwwordeni ue salmij particcelier tnment

2797 258 1967 212 dolegeeren die in affwachtin geblijve

2703 347 2100 231 Ghendt Jacobus Bam Ady 27 mey 1714

2742 505 2150 167 dar op ue aengenaeme van 21 pasto niers hebbe

2791 613 2087 177 ge antwoort, is geweest oorsaeke geen posirive

2783 722 2095 152 ordre hadde becoemen om van den ack met de

2793 843 2076 178 cleyne stuxkens daer biy vermeldt te moogen

2778 952 2035 165 disponeeren: den engenaer die mij de selve

2779 1035 2145 176 afgesonden heeft te s simon donne pretendeers

2775 1171 1910 181 dat die partye met het gewocht vercoght

2779 1250 2156 204 word ende moet ƒ 1000:- rendeeren hij is heden

2769 1374 2136 136 op costij vertrocken en sal de vrijheydt nemen

2761 1521 2194 111 stien huyse te passeeren ende ue dien aengaesn

2782 1630 2148 113 de te spreken. can ue hem daerinne dienst

2705 1702 2210 172 doen sal het selve seer estimeeren want mij

2763 1802 2166 109 moeten onte calanen sien te salveeren die soor

2760 1911 2122 156 de schaedelijcke wissel veel leyden ofte wel

2780 2022 2123 163 can hj elders daer van disponeeren mits hijne

2792 2115 2041 172 satisfactie geve voor mijn deel voor ƒ1000:

2791 2222 2115 155 in andere spetien oft wisselbrief dan magh

2787 2330 2173 156 ue den selven laeten volghen ende wederom

2798 2435 2093 151 aen hem overleveren. het is seekers dat ditto

2780 2543 2057 174 p seer gesoght worden van de geene die de

2816 2642 2091 176 selve op hollandt versenden het cleyn saxke

2778 2772 2098 159 dat daer 6 is is voor reken appaert van

2812 2817 2063 205 mijn broeder. aengaende den sack die ue

2795 2985 2139 157 mij meldt ontfangen te hebben p ue aengenae

2789 3072 2082 168 van 14 cour voor mijne reken van de wedus

2767 3217 2183 127 BBrouta gelieft die te laeten berusten p mijn

2799 3278 2139 149 raesten saf ue dienaneaende ordre senden

2779 3382 2145 175 excuseert mijne Liberteydt on gelieft geparsna

2706 3493 2177 122 deert te wesen dat vas her sier iock naer

2776 3592 2161 178 minsaeme groet enisse en aen ghael de laiie
