<?xml version="1.0" encoding="UTF-8"?>
<alto xmlns:xsi="http://www.w3.org/2001/XMLSchema-instance"
      xmlns="http://www.loc.gov/standards/alto/ns-v4#"
      xmlns:page="http://schema.primaresearch.org/PAGE/gts/pagecontent/2013-07-15"
      xsi:schemaLocation="http://www.loc.gov/standards/alto/ns-v4# https://www.loc.gov/standards/alto/v4/alto.xsd">
   <Description>
      <MeasurementUnit>pixel</MeasurementUnit>
      <OCRProcessing ID="IdOcr">
         <ocrProcessingStep>
            <processingDateTime>2022-02-11T21:33:09.635+01:00</processingDateTime>
            <processingSoftware>
               <softwareCreator>READ COOP</softwareCreator>
               <softwareName>Transkribus</softwareName>
            </processingSoftware>
         </ocrProcessingStep>
      </OCRProcessing>
   </Description>
   <Layout>
      <Page ID="Page1" PHYSICAL_IMG_NR="1" HEIGHT="3943" WIDTH="5479">
         <TopMargin HEIGHT="0" WIDTH="5479" VPOS="0" HPOS="0"/>
         <LeftMargin HEIGHT="3943" WIDTH="0" VPOS="0" HPOS="0"/>
         <RightMargin HEIGHT="3943" WIDTH="0" VPOS="0" HPOS="5479"/>
         <BottomMargin HEIGHT="0" WIDTH="5479" VPOS="3943" HPOS="0"/>
         <PrintSpace HEIGHT="3943" WIDTH="5479" VPOS="0" HPOS="0">
            <TextBlock ID="region_1638872862743_261"
                       HEIGHT="3784"
                       WIDTH="2359"
                       VPOS="74"
                       HPOS="381">
               <Shape>
                  <Polygon POINTS="381,74 2740,74 2740,3858 381,3858"/>
               </Shape>
               <TextLine ID="region_1638872862743_261l1"
                         BASELINE="470,206 582,201 695,197 807,192 920,188 1033,184 1145,181 1258,178 1370,176 1483,174 1596,172 1708,170 1821,170 1933,170 2046,170 2159,170 2271,172 2384,174 2496,178 2609,181 2722,186"
                         HEIGHT="138"
                         WIDTH="2285"
                         VPOS="82"
                         HPOS="453">
                  <String ID="string_region_1638872862743_261l1"
                          HEIGHT="138"
                          WIDTH="2285"
                          VPOS="82"
                          HPOS="453"
                          CONTENT="sortiment in abondantie van versehe goeder"/>
               </TextLine>
               <TextLine ID="region_1638872862743_261l2"
                         BASELINE="476,336 588,325 700,315 812,308 924,302 1036,297 1148,292 1260,290 1372,288 1484,286 1597,286 1709,284 1821,284 1933,284 2045,282 2157,282 2269,280 2381,278 2493,276 2605,272 2718,266"
                         HEIGHT="151"
                         WIDTH="2273"
                         VPOS="183"
                         HPOS="461">
                  <String ID="string_region_1638872862743_261l2"
                          HEIGHT="151"
                          WIDTH="2273"
                          VPOS="183"
                          HPOS="461"
                          CONTENT="hebbe ontfangen de fijnste ende en neuste "/>
               </TextLine>
               <TextLine ID="region_1638872862743_261l3"
                         BASELINE="480,442 584,436 689,430 794,426 898,422 1003,420 1108,416 1212,414 1317,414 1422,412 1527,412 1631,410 1736,410 1841,408 1945,406 2050,404 2155,402 2259,399 2364,396 2469,390 2574,384"
                         HEIGHT="153"
                         WIDTH="2128"
                         VPOS="312"
                         HPOS="462">
                  <String ID="string_region_1638872862743_261l3"
                          HEIGHT="153"
                          WIDTH="2128"
                          VPOS="312"
                          HPOS="462"
                          CONTENT="diederin etns werpat te becoemen sijn "/>
               </TextLine>
               <TextLine ID="region_1638872862743_261l4"
                         BASELINE="496,564 606,558 717,551 828,546 939,540 1050,537 1160,534 1271,532 1382,530 1493,528 1604,526 1714,524 1825,524 1936,522 2047,522 2158,520 2268,520 2379,518 2490,516 2601,514 2712,512"
                         HEIGHT="218"
                         WIDTH="2244"
                         VPOS="391"
                         HPOS="479">
                  <String ID="string_region_1638872862743_261l4"
                          HEIGHT="218"
                          WIDTH="2244"
                          VPOS="391"
                          HPOS="479"
                          CONTENT="ende dat ick hoeydt in de occasie als ue "/>
               </TextLine>
               <TextLine ID="region_1638872862743_261l5"
                         BASELINE="486,706 597,692 708,681 819,673 930,665 1042,658 1153,654 1264,650 1375,646 1486,645 1598,644 1709,644 1820,642 1931,642 2042,644 2154,644 2265,644 2376,642 2487,642 2598,640 2710,638"
                         HEIGHT="220"
                         WIDTH="2257"
                         VPOS="503"
                         HPOS="468">
                  <String ID="string_region_1638872862743_261l5"
                          HEIGHT="220"
                          WIDTH="2257"
                          VPOS="503"
                          HPOS="468"
                          CONTENT="duy a de calandisie te sonnen"/>
               </TextLine>
               <TextLine ID="region_1638872862743_261l6"
                         BASELINE="488,814 600,804 713,794 825,786 938,780 1050,776 1163,772 1275,770 1388,768 1500,768 1613,768 1725,768 1838,770 1950,770 2063,770 2175,772 2288,772 2400,770 2513,770 2625,768 2738,764"
                         HEIGHT="174"
                         WIDTH="2282"
                         VPOS="645"
                         HPOS="473">
                  <String ID="string_region_1638872862743_261l6"
                          HEIGHT="174"
                          WIDTH="2282"
                          VPOS="645"
                          HPOS="473"
                          CONTENT="sal naer laeten ue svielen wwel te bediene"/>
               </TextLine>
               <TextLine ID="region_1638872862743_261l7"
                         BASELINE="508,924 616,915 724,907 833,900 941,896 1050,894 1158,891 1266,890 1375,890 1483,890 1592,892 1700,892 1808,894 1917,894 2025,894 2134,894 2242,892 2350,890 2459,886 2567,880 2676,874"
                         HEIGHT="174"
                         WIDTH="2196"
                         VPOS="808"
                         HPOS="493">
                  <String ID="string_region_1638872862743_261l7"
                          HEIGHT="174"
                          WIDTH="2196"
                          VPOS="808"
                          HPOS="493"
                          CONTENT="waer op mooght staet paeken ende "/>
               </TextLine>
               <TextLine ID="region_1638872862743_261l8"
                         BASELINE="468,1054 499,1051 530,1048 562,1045 593,1042 625,1039 656,1037 687,1035 719,1032 750,1030 782,1027 813,1025 844,1022 876,1019 907,1016 939,1014 970,1012 1001,1010 1033,1008 1064,1006 1096,1004"
                         HEIGHT="223"
                         WIDTH="667"
                         VPOS="911"
                         HPOS="445">
                  <String ID="string_region_1638872862743_261l8"
                          HEIGHT="223"
                          WIDTH="667"
                          VPOS="911"
                          HPOS="445"
                          CONTENT="dat den"/>
               </TextLine>
               <TextLine ID="region_1638872862743_261l9"
                         BASELINE="468,1164 580,1155 692,1146 804,1139 917,1134 1029,1130 1141,1126 1254,1124 1366,1122 1478,1122 1591,1122 1703,1122 1815,1123 1927,1124 2040,1126 2152,1126 2264,1127 2377,1128 2489,1128 2601,1128 2714,1126"
                         HEIGHT="265"
                         WIDTH="2275"
                         VPOS="950"
                         HPOS="453">
                  <String ID="string_region_1638872862743_261l9"
                          HEIGHT="265"
                          WIDTH="2275"
                          VPOS="950"
                          HPOS="453"
                          CONTENT="RotterdamDionjs verburgh Ady 26 hry 1715"/>
               </TextLine>
               <TextLine ID="region_1638872862743_261l10"
                         BASELINE="524,1284 626,1274 728,1266 831,1260 933,1256 1036,1253 1138,1250 1240,1250 1343,1250 1445,1250 1548,1250 1650,1251 1752,1252 1855,1254 1957,1255 2060,1256 2162,1256 2264,1258 2367,1258 2469,1256 2572,1254"
                         HEIGHT="182"
                         WIDTH="2077"
                         VPOS="1116"
                         HPOS="510">
                  <String ID="string_region_1638872862743_261l10"
                          HEIGHT="182"
                          WIDTH="2077"
                          VPOS="1116"
                          HPOS="510"
                          CONTENT="contonn ue aengenaeme 23 deser sien met"/>
               </TextLine>
               <TextLine ID="region_1638872862743_261l11"
                         BASELINE="504,1394 610,1386 716,1379 822,1373 928,1370 1034,1366 1140,1363 1246,1362 1352,1360 1458,1360 1564,1360 1670,1360 1776,1360 1882,1362 1988,1362 2094,1362 2200,1362 2306,1362 2412,1360 2518,1358 2624,1356"
                         HEIGHT="161"
                         WIDTH="2151"
                         VPOS="1264"
                         HPOS="489">
                  <String ID="string_region_1638872862743_261l11"
                          HEIGHT="161"
                          WIDTH="2151"
                          VPOS="1264"
                          HPOS="489"
                          CONTENT="hodts gratie de baele  10 p trnout du Royte "/>
               </TextLine>
               <TextLine ID="region_1638872862743_261l12"
                         BASELINE="476,1504 587,1495 698,1490 809,1484 920,1480 1032,1476 1143,1474 1254,1472 1365,1470 1476,1468 1588,1468 1699,1468 1810,1468 1921,1466 2032,1466 2144,1466 2255,1466 2366,1466 2477,1466 2588,1465 2700,1464"
                         HEIGHT="215"
                         WIDTH="2256"
                         VPOS="1366"
                         HPOS="459">
                  <String ID="string_region_1638872862743_261l12"
                          HEIGHT="215"
                          WIDTH="2256"
                          VPOS="1366"
                          HPOS="459"
                          CONTENT="gemoet ick en twijfele niet oft het is waervan"/>
               </TextLine>
               <TextLine ID="region_1638872862743_261l13"
                         BASELINE="534,1616 634,1610 735,1606 836,1601 936,1598 1037,1594 1138,1590 1238,1588 1339,1586 1440,1584 1541,1582 1641,1580 1742,1578 1843,1576 1943,1574 2044,1572 2145,1570 2245,1570 2346,1568 2447,1566 2548,1564"
                         HEIGHT="171"
                         WIDTH="2045"
                         VPOS="1453"
                         HPOS="518">
                  <String ID="string_region_1638872862743_261l13"
                          HEIGHT="171"
                          WIDTH="2045"
                          VPOS="1453"
                          HPOS="518"
                          CONTENT="thomas nawoorsth sijne packen sal hebben"/>
               </TextLine>
               <TextLine ID="region_1638872862743_261l14"
                         BASELINE="546,1722 652,1717 759,1711 866,1706 972,1702 1079,1698 1186,1696 1292,1694 1399,1692 1506,1690 1613,1690 1719,1688 1826,1686 1933,1686 2039,1684 2146,1684 2253,1682 2359,1680 2466,1676 2573,1674 2680,1670"
                         HEIGHT="156"
                         WIDTH="2165"
                         VPOS="1575"
                         HPOS="531">
                  <String ID="string_region_1638872862743_261l14"
                          HEIGHT="156"
                          WIDTH="2165"
                          VPOS="1575"
                          HPOS="531"
                          CONTENT="overgelevert aen Bagweell want ick hebben"/>
               </TextLine>
               <TextLine ID="region_1638872862743_261l15"
                         BASELINE="526,1830 636,1826 746,1820 857,1816 967,1812 1078,1808 1188,1804 1298,1801 1409,1798 1519,1796 1630,1794 1740,1792 1850,1790 1961,1790 2071,1790 2182,1790 2292,1790 2402,1790 2513,1792 2623,1794 2734,1796"
                         HEIGHT="181"
                         WIDTH="2237"
                         VPOS="1686"
                         HPOS="510">
                  <String ID="string_region_1638872862743_261l15"
                          HEIGHT="181"
                          WIDTH="2237"
                          VPOS="1686"
                          HPOS="510"
                          CONTENT="mijn vrindt over geschreven en sterckeom"/>
               </TextLine>
               <TextLine ID="region_1638872862743_261l16"
                         BASELINE="534,1944 643,1935 752,1929 861,1923 970,1918 1079,1916 1188,1912 1297,1910 1406,1908 1515,1908 1624,1906 1733,1906 1842,1906 1951,1906 2060,1906 2169,1904 2278,1904 2387,1902 2496,1902 2605,1898 2714,1896"
                         HEIGHT="234"
                         WIDTH="2211"
                         VPOS="1785"
                         HPOS="519">
                  <String ID="string_region_1638872862743_261l16"
                          HEIGHT="234"
                          WIDTH="2211"
                          VPOS="1785"
                          HPOS="519"
                          CONTENT="gepresseert soo dra die de cemt te arriveeren"/>
               </TextLine>
               <TextLine ID="region_1638872862743_261l17"
                         BASELINE="520,2056 628,2045 737,2036 845,2029 954,2024 1063,2020 1171,2018 1280,2018 1388,2016 1497,2018 1606,2018 1714,2018 1823,2020 1931,2020 2040,2020 2149,2020 2257,2018 2366,2016 2474,2012 2583,2006 2692,1998"
                         HEIGHT="168"
                         WIDTH="2201"
                         VPOS="1925"
                         HPOS="504">
                  <String ID="string_region_1638872862743_261l17"
                          HEIGHT="168"
                          WIDTH="2201"
                          VPOS="1925"
                          HPOS="504"
                          CONTENT="met Godts hulpe als mede heorie Roulandson"/>
               </TextLine>
               <TextLine ID="region_1638872862743_261l18"
                         BASELINE="540,2154 641,2148 742,2141 844,2136 945,2132 1047,2130 1148,2130 1249,2128 1351,2128 1452,2128 1554,2128 1655,2128 1756,2128 1858,2128 1959,2128 2061,2126 2162,2122 2263,2119 2365,2112 2466,2105 2568,2098"
                         HEIGHT="188"
                         WIDTH="2060"
                         VPOS="2007"
                         HPOS="524">
                  <String ID="string_region_1638872862743_261l18"
                          HEIGHT="188"
                          WIDTH="2060"
                          VPOS="2007"
                          HPOS="524"
                          CONTENT="van London die mijn Baele nu in heeft"/>
               </TextLine>
               <TextLine ID="region_1638872862743_261l19"
                         BASELINE="532,2274 637,2267 743,2262 849,2257 955,2254 1061,2250 1166,2246 1272,2244 1378,2242 1484,2238 1590,2236 1695,2234 1801,2233 1907,2230 2013,2228 2119,2226 2224,2224 2330,2220 2436,2216 2542,2213 2648,2208"
                         HEIGHT="171"
                         WIDTH="2149"
                         VPOS="2123"
                         HPOS="515">
                  <String ID="string_region_1638872862743_261l19"
                          HEIGHT="171"
                          WIDTH="2149"
                          VPOS="2123"
                          HPOS="515"
                          CONTENT="bidde my cito advies te geven ingesloeten"/>
               </TextLine>
               <TextLine ID="region_1638872862743_261l20"
                         BASELINE="582,2378 689,2374 796,2370 903,2366 1010,2362 1117,2358 1224,2356 1331,2353 1438,2350 1545,2348 1653,2346 1760,2344 1867,2342 1974,2340 2081,2338 2188,2336 2295,2332 2402,2330 2509,2327 2616,2324 2724,2320"
                         HEIGHT="217"
                         WIDTH="2170"
                         VPOS="2225"
                         HPOS="568">
                  <String ID="string_region_1638872862743_261l20"
                          HEIGHT="217"
                          WIDTH="2170"
                          VPOS="2225"
                          HPOS="568"
                          CONTENT="remitteere ue morgen vallende hollants court "/>
               </TextLine>
               <TextLine ID="region_1638872862743_261l21"
                         BASELINE="562,2494 670,2490 779,2486 888,2482 996,2479 1105,2476 1214,2473 1322,2470 1431,2468 1540,2466 1649,2464 1757,2463 1866,2462 1975,2460 2083,2460 2192,2458 2301,2458 2409,2458 2518,2458 2627,2456 2736,2456"
                         HEIGHT="183"
                         WIDTH="2203"
                         VPOS="2351"
                         HPOS="547">
                  <String ID="string_region_1638872862743_261l21"
                          HEIGHT="183"
                          WIDTH="2203"
                          VPOS="2351"
                          HPOS="547"
                          CONTENT="ƒ 1220:- op Joannes Baalde in Amsterdam"/>
               </TextLine>
               <TextLine ID="region_1638872862743_261l22"
                         BASELINE="584,2606 690,2598 796,2591 903,2587 1009,2583 1116,2580 1222,2578 1328,2577 1435,2576 1541,2576 1648,2576 1754,2576 1860,2578 1967,2578 2073,2578 2180,2576 2286,2576 2392,2574 2499,2570 2605,2566 2712,2560"
                         HEIGHT="151"
                         WIDTH="2158"
                         VPOS="2467"
                         HPOS="569">
                  <String ID="string_region_1638872862743_261l22"
                          HEIGHT="151"
                          WIDTH="2158"
                          VPOS="2467"
                          HPOS="569"
                          CONTENT="welcke hebemende my op mijne rekene"/>
               </TextLine>
               <TextLine ID="region_1638872862743_261l23"
                         BASELINE="548,2708 656,2704 765,2701 874,2698 982,2696 1091,2694 1200,2692 1308,2690 1417,2690 1526,2690 1635,2688 1743,2688 1852,2688 1961,2688 2069,2688 2178,2688 2287,2688 2395,2688 2504,2688 2613,2686 2722,2686"
                         HEIGHT="191"
                         WIDTH="2203"
                         VPOS="2569"
                         HPOS="533">
                  <String ID="string_region_1638872862743_261l23"
                          HEIGHT="191"
                          WIDTH="2203"
                          VPOS="2569"
                          HPOS="533"
                          CONTENT="appaert voor gelieft te crediteeren: aengaend"/>
               </TextLine>
               <TextLine ID="region_1638872862743_261l24"
                         BASELINE="528,2816 638,2814 749,2812 859,2812 970,2810 1080,2810 1191,2810 1301,2810 1412,2810 1522,2810 1633,2810 1743,2810 1854,2810 1964,2810 2075,2808 2185,2808 2296,2806 2406,2804 2517,2801 2627,2798 2738,2794"
                         HEIGHT="157"
                         WIDTH="2240"
                         VPOS="2731"
                         HPOS="512">
                  <String ID="string_region_1638872862743_261l24"
                          HEIGHT="157"
                          WIDTH="2240"
                          VPOS="2731"
                          HPOS="512"
                          CONTENT="de rekent van advocaet en procurenr dunst"/>
               </TextLine>
               <TextLine ID="region_1638872862743_261l25"
                         BASELINE="554,2932 660,2928 767,2926 874,2925 981,2924 1088,2924 1194,2922 1301,2922 1408,2922 1515,2922 1622,2922 1728,2922 1835,2922 1942,2922 2049,2922 2156,2920 2262,2918 2369,2917 2476,2914 2583,2911 2690,2908"
                         HEIGHT="150"
                         WIDTH="2167"
                         VPOS="2810"
                         HPOS="538">
                  <String ID="string_region_1638872862743_261l25"
                          HEIGHT="150"
                          WIDTH="2167"
                          VPOS="2810"
                          HPOS="538"
                          CONTENT="mij voor een playdoye wat hoogh te weten"/>
               </TextLine>
               <TextLine ID="region_1638872862743_261l26"
                         BASELINE="590,3046 696,3044 803,3042 909,3040 1016,3040 1123,3038 1229,3038 1336,3038 1442,3038 1549,3038 1656,3038 1762,3038 1869,3036 1975,3036 2082,3035 2189,3034 2295,3032 2402,3030 2508,3026 2615,3023 2722,3020"
                         HEIGHT="189"
                         WIDTH="2164"
                         VPOS="2916"
                         HPOS="574">
                  <String ID="string_region_1638872862743_261l26"
                          HEIGHT="189"
                          WIDTH="2164"
                          VPOS="2916"
                          HPOS="574"
                          CONTENT="ue gelieve daer inne te doen als voor eygen"/>
               </TextLine>
               <TextLine ID="region_1638872862743_261l27"
                         BASELINE="572,3158 679,3156 786,3154 893,3152 1000,3152 1108,3150 1215,3150 1322,3150 1429,3148 1536,3148 1644,3148 1751,3148 1858,3148 1965,3146 2072,3146 2180,3144 2287,3142 2394,3140 2501,3138 2608,3136 2716,3132"
                         HEIGHT="132"
                         WIDTH="2175"
                         VPOS="3041"
                         HPOS="556">
                  <String ID="string_region_1638872862743_261l27"
                          HEIGHT="132"
                          WIDTH="2175"
                          VPOS="3041"
                          HPOS="556"
                          CONTENT="en sal ue met dancksegginghen voor ue "/>
               </TextLine>
               <TextLine ID="region_1638872862743_261l28"
                         BASELINE="562,3266 669,3264 776,3262 883,3260 990,3260 1097,3260 1204,3260 1311,3260 1418,3260 1525,3260 1632,3260 1739,3260 1846,3259 1953,3258 2060,3256 2167,3255 2274,3253 2381,3250 2488,3245 2595,3240 2702,3234"
                         HEIGHT="137"
                         WIDTH="2170"
                         VPOS="3180"
                         HPOS="546">
                  <String ID="string_region_1638872862743_261l28"
                          HEIGHT="137"
                          WIDTH="2170"
                          VPOS="3180"
                          HPOS="546"
                          CONTENT="moeyten het selde vergoeden die blijve "/>
               </TextLine>
               <TextLine ID="region_1638872862743_261l29"
                         BASELINE="446,3448 554,3430 663,3414 772,3404 880,3397 989,3392 1098,3390 1206,3390 1315,3391 1424,3394 1533,3396 1641,3400 1750,3402 1859,3405 1967,3406 2076,3406 2185,3403 2293,3398 2402,3390 2511,3379 2620,3364"
                         HEIGHT="241"
                         WIDTH="2206"
                         VPOS="3251"
                         HPOS="430">
                  <String ID="string_region_1638872862743_261l29"
                          HEIGHT="241"
                          WIDTH="2206"
                          VPOS="3251"
                          HPOS="430"
                          CONTENT="Brussel Dhr CBimberehen Ady 26 d"/>
               </TextLine>
               <TextLine ID="region_1638872862743_261l30"
                         BASELINE="540,3530 649,3525 759,3520 868,3518 978,3515 1088,3514 1197,3512 1307,3512 1416,3512 1526,3512 1636,3512 1745,3514 1855,3514 1964,3515 2074,3516 2184,3516 2293,3516 2403,3516 2512,3516 2622,3514 2732,3512"
                         HEIGHT="229"
                         WIDTH="2222"
                         VPOS="3368"
                         HPOS="525">
                  <String ID="string_region_1638872862743_261l30"
                          HEIGHT="229"
                          WIDTH="2222"
                          VPOS="3368"
                          HPOS="525"
                          CONTENT="neme de libertijdt ue te adviseeren dat voorleden"/>
               </TextLine>
               <TextLine ID="region_1638872862743_261l31"
                         BASELINE="496,3636 607,3631 719,3628 831,3624 942,3622 1054,3620 1166,3618 1277,3618 1389,3616 1501,3616 1613,3616 1724,3616 1836,3616 1948,3616 2059,3616 2171,3616 2283,3616 2394,3616 2506,3616 2618,3614 2730,3614"
                         HEIGHT="141"
                         WIDTH="2264"
                         VPOS="3507"
                         HPOS="481">
                  <String ID="string_region_1638872862743_261l31"
                          HEIGHT="141"
                          WIDTH="2264"
                          VPOS="3507"
                          HPOS="481"
                          CONTENT="vrijdagh ue met het beurtschps p ordre ende voor"/>
               </TextLine>
               <TextLine ID="region_1638872862743_261l32"
                         BASELINE="580,3738 686,3733 793,3729 900,3726 1007,3724 1114,3722 1221,3722 1328,3722 1435,3721 1542,3720 1649,3722 1755,3722 1862,3722 1969,3720 2076,3720 2183,3718 2290,3718 2397,3714 2504,3712 2611,3708 2718,3702"
                         HEIGHT="192"
                         WIDTH="2167"
                         VPOS="3603"
                         HPOS="566">
                  <String ID="string_region_1638872862743_261l32"
                          HEIGHT="192"
                          WIDTH="2167"
                          VPOS="3603"
                          HPOS="566"
                          CONTENT="rekend van Dh. 111 colas van den Berghen van "/>
               </TextLine>
               <TextLine ID="region_1638872862743_261l33"
                         BASELINE="524,3844 632,3840 741,3836 849,3834 958,3832 1067,3830 1175,3828 1284,3828 1392,3826 1501,3826 1610,3824 1718,3823 1827,3822 1935,3820 2044,3818 2153,3816 2261,3814 2370,3810 2478,3806 2587,3802 2696,3796"
                         HEIGHT="134"
                         WIDTH="2202"
                         VPOS="3731"
                         HPOS="508">
                  <String ID="string_region_1638872862743_261l33"
                          HEIGHT="134"
                          WIDTH="2202"
                          VPOS="3731"
                          HPOS="508"
                          CONTENT="hall hebbe geaddresseert een paxke gemerckt "/>
               </TextLine>
            </TextBlock>
            <TextBlock ID="region_1638872867919_264"
                       HEIGHT="3765"
                       WIDTH="2355"
                       VPOS="79"
                       HPOS="2799">
               <Shape>
                  <Polygon POINTS="2799,79 5154,79 5154,3844 2799,3844"/>
               </Shape>
               <TextLine ID="region_1638872867919_264l1"
                         BASELINE="2824,196 2934,192 3045,189 3155,186 3266,185 3377,184 3487,184 3598,182 3708,182 3819,184 3930,184 4040,184 4151,186 4261,186 4372,188 4483,190 4593,190 4704,192 4814,192 4925,192 5036,194"
                         HEIGHT="121"
                         WIDTH="2240"
                         VPOS="88"
                         HPOS="2811">
                  <String ID="string_region_1638872867919_264l1"
                          HEIGHT="121"
                          WIDTH="2240"
                          VPOS="88"
                          HPOS="2811"
                          CONTENT="14&amp; 8 inhoudende &amp;earseyen en 2 bayen waer"/>
               </TextLine>
               <TextLine ID="region_1638872867919_264l2"
                         BASELINE="2820,310 2936,308 3053,305 3169,304 3286,302 3403,302 3519,302 3636,302 3752,302 3869,302 3986,303 4102,304 4219,304 4335,306 4452,306 4569,308 4685,308 4802,308 4918,308 5035,308 5152,308"
                         HEIGHT="177"
                         WIDTH="2362"
                         VPOS="188"
                         HPOS="2805">
                  <String ID="string_region_1638872867919_264l2"
                          HEIGHT="177"
                          WIDTH="2362"
                          VPOS="188"
                          HPOS="2805"
                          CONTENT="voor versoeke seer vrindelijck, ue gelieve de noodithe"/>
               </TextLine>
               <TextLine ID="region_1638872867919_264l3"
                         BASELINE="2838,428 2944,424 3050,420 3156,418 3263,416 3369,414 3475,414 3582,412 3688,412 3794,412 3901,412 4007,412 4113,414 4219,414 4326,414 4432,414 4538,416 4645,416 4751,416 4857,416 4964,414"
                         HEIGHT="189"
                         WIDTH="2155"
                         VPOS="312"
                         HPOS="2824">
                  <String ID="string_region_1638872867919_264l3"
                          HEIGHT="189"
                          WIDTH="2155"
                          VPOS="312"
                          HPOS="2824"
                          CONTENT="sorghe te draeghen ende het selfde hem te "/>
               </TextLine>
               <TextLine ID="region_1638872867919_264l4"
                         BASELINE="2830,544 2945,544 3060,542 3175,542 3290,540 3405,538 3520,536 3635,536 3750,534 3865,533 3980,532 4095,532 4210,532 4325,532 4440,532 4555,532 4670,534 4785,536 4900,538 5015,542 5130,546"
                         HEIGHT="175"
                         WIDTH="2330"
                         VPOS="402"
                         HPOS="2815">
                  <String ID="string_region_1638872867919_264l4"
                          HEIGHT="175"
                          WIDTH="2330"
                          VPOS="402"
                          HPOS="2815"
                          CONTENT="willen toesenden blijvende met offerduijus dienst"/>
               </TextLine>
               <TextLine ID="region_1638872867919_264l5"
                         BASELINE="2810,680 2926,674 3043,669 3159,665 3276,662 3392,660 3509,658 3625,656 3742,656 3858,656 3975,657 4091,658 4208,658 4324,660 4441,662 4557,664 4674,664 4790,666 4907,668 5023,668 5140,670"
                         HEIGHT="187"
                         WIDTH="2359"
                         VPOS="532"
                         HPOS="2794">
                  <String ID="string_region_1638872867919_264l5"
                          HEIGHT="187"
                          WIDTH="2359"
                          VPOS="532"
                          HPOS="2794"
                          CONTENT="Brussel C. Segers Aatweren 28 Aug1713"/>
               </TextLine>
               <TextLine ID="region_1638872867919_264l6"
                         BASELINE="2856,786 2970,786 3084,784 3198,784 3313,784 3427,784 3541,784 3656,784 3770,784 3884,786 3999,786 4113,788 4227,790 4341,792 4456,794 4570,798 4684,802 4799,805 4913,810 5027,814 5142,820"
                         HEIGHT="169"
                         WIDTH="2318"
                         VPOS="679"
                         HPOS="2841">
                  <String ID="string_region_1638872867919_264l6"
                          HEIGHT="169"
                          WIDTH="2318"
                          VPOS="679"
                          HPOS="2841"
                          CONTENT="conform den ue van gisteren sende heden de wee"/>
               </TextLine>
               <TextLine ID="region_1638872867919_264l7"
                         BASELINE="2834,902 2948,902 3062,902 3176,904 3290,904 3404,904 3518,904 3632,904 3746,904 3860,904 3974,904 4088,904 4202,906 4316,906 4430,906 4544,908 4658,910 4772,911 4886,912 5000,916 5114,918"
                         HEIGHT="191"
                         WIDTH="2310"
                         VPOS="800"
                         HPOS="2818">
                  <String ID="string_region_1638872867919_264l7"
                          HEIGHT="191"
                          WIDTH="2310"
                          VPOS="800"
                          HPOS="2818"
                          CONTENT="sspaensche laekens p beurtschip in een paxke "/>
               </TextLine>
               <TextLine ID="region_1638872867919_264l8"
                         BASELINE="2832,1024 2947,1024 3063,1022 3178,1022 3294,1022 3409,1024 3525,1024 3640,1026 3756,1028 3871,1030 3987,1032 4102,1034 4218,1036 4333,1038 4449,1040 4564,1042 4680,1044 4795,1044 4911,1046 5026,1046 5142,1046"
                         HEIGHT="161"
                         WIDTH="2339"
                         VPOS="914"
                         HPOS="2819">
                  <String ID="string_region_1638872867919_264l8"
                          HEIGHT="161"
                          WIDTH="2339"
                          VPOS="914"
                          HPOS="2819"
                          CONTENT="C3. bedraeghende in wisselgelde als aenden voet"/>
               </TextLine>
               <TextLine ID="region_1638872867919_264l9"
                         BASELINE="2822,1142 2932,1144 3042,1146 3152,1146 3262,1148 3372,1150 3482,1150 3592,1152 3702,1153 3812,1154 3922,1156 4032,1156 4142,1158 4252,1158 4362,1160 4472,1161 4582,1162 4692,1164 4802,1164 4912,1165 5022,1166"
                         HEIGHT="158"
                         WIDTH="2229"
                         VPOS="1048"
                         HPOS="2808">
                  <String ID="string_region_1638872867919_264l9"
                          HEIGHT="158"
                          WIDTH="2229"
                          VPOS="1048"
                          HPOS="2808"
                          CONTENT="deser ƒ245:16 die vrint van Engelandt maecht "/>
               </TextLine>
               <TextLine ID="region_1638872867919_264l10"
                         BASELINE="2844,1272 2957,1272 3070,1274 3183,1274 3296,1274 3409,1274 3522,1274 3635,1274 3748,1274 3861,1276 3974,1276 4087,1278 4200,1280 4313,1280 4426,1283 4539,1286 4652,1288 4765,1291 4878,1294 4991,1299 5104,1304"
                         HEIGHT="192"
                         WIDTH="2290"
                         VPOS="1150"
                         HPOS="2828">
                  <String ID="string_region_1638872867919_264l10"
                          HEIGHT="192"
                          WIDTH="2290"
                          VPOS="1150"
                          HPOS="2828"
                          CONTENT="altijdts gebroullieerde nombers niettemin het sijn"/>
               </TextLine>
               <TextLine ID="region_1638872867919_264l11"
                         BASELINE="2858,1388 2962,1390 3067,1394 3172,1396 3277,1397 3382,1398 3487,1400 3592,1400 3697,1400 3802,1400 3907,1400 4011,1402 4116,1402 4221,1402 4326,1402 4431,1404 4536,1405 4641,1407 4746,1410 4851,1412 4956,1416"
                         HEIGHT="206"
                         WIDTH="2130"
                         VPOS="1271"
                         HPOS="2842">
                  <String ID="string_region_1638872867919_264l11"
                          HEIGHT="206"
                          WIDTH="2130"
                          VPOS="1271"
                          HPOS="2842"
                          CONTENT="de slt de laekens die ue geteekent heftde "/>
               </TextLine>
               <TextLine ID="region_1638872867919_264l12"
                         BASELINE="2828,1518 2936,1518 3045,1516 3153,1516 3262,1514 3370,1514 3479,1516 3587,1516 3696,1518 3804,1518 3913,1520 4021,1522 4130,1525 4238,1528 4347,1530 4455,1534 4564,1537 4672,1540 4781,1544 4889,1548 4998,1552"
                         HEIGHT="228"
                         WIDTH="2199"
                         VPOS="1395"
                         HPOS="2813">
                  <String ID="string_region_1638872867919_264l12"
                          HEIGHT="228"
                          WIDTH="2199"
                          VPOS="1395"
                          HPOS="2813"
                          CONTENT="staeltiens sijn in de laekens gedaen. ick ben"/>
               </TextLine>
               <TextLine ID="region_1638872867919_264l13"
                         BASELINE="2834,1628 2944,1626 3054,1626 3165,1626 3275,1626 3386,1626 3496,1628 3606,1629 3717,1630 3827,1633 3938,1636 4048,1638 4158,1642 4269,1646 4379,1650 4490,1654 4600,1658 4710,1663 4821,1668 4931,1674 5042,1680"
                         HEIGHT="204"
                         WIDTH="2238"
                         VPOS="1520"
                         HPOS="2819">
                  <String ID="string_region_1638872867919_264l13"
                          HEIGHT="204"
                          WIDTH="2238"
                          VPOS="1520"
                          HPOS="2819"
                          CONTENT="verwondert dat ue mij voor de sijne sivaere"/>
               </TextLine>
               <TextLine ID="region_1638872867919_264l14"
                         BASELINE="2842,1742 2947,1740 3052,1738 3158,1738 3263,1738 3369,1740 3474,1743 3579,1746 3685,1749 3790,1753 3896,1758 4001,1763 4106,1768 4212,1773 4317,1779 4423,1783 4528,1788 4633,1792 4739,1796 4844,1800 4950,1802"
                         HEIGHT="227"
                         WIDTH="2142"
                         VPOS="1622"
                         HPOS="2825">
                  <String ID="string_region_1638872867919_264l14"
                          HEIGHT="227"
                          WIDTH="2142"
                          VPOS="1622"
                          HPOS="2825"
                          CONTENT="bayen offereert van P144 ƒ44:- daer ue te "/>
               </TextLine>
               <TextLine ID="region_1638872867919_264l15"
                         BASELINE="2834,1854 2945,1852 3057,1852 3169,1854 3281,1856 3393,1858 3505,1862 3617,1866 3729,1872 3841,1876 3953,1882 4064,1888 4176,1893 4288,1899 4400,1905 4512,1910 4624,1916 4736,1920 4848,1925 4960,1929 5072,1932"
                         HEIGHT="252"
                         WIDTH="2270"
                         VPOS="1759"
                         HPOS="2819">
                  <String ID="string_region_1638872867919_264l15"
                          HEIGHT="252"
                          WIDTH="2270"
                          VPOS="1759"
                          HPOS="2819"
                          CONTENT="van te voeren in demaent xber £50:- bedongen"/>
               </TextLine>
               <TextLine ID="region_1638872867919_264l16"
                         BASELINE="2822,1968 2938,1966 3054,1966 3170,1968 3287,1970 3403,1974 3519,1978 3636,1984 3752,1990 3868,1996 3985,2002 4101,2008 4217,2016 4333,2023 4450,2030 4566,2036 4682,2042 4799,2047 4915,2053 5031,2058 5148,2062"
                         HEIGHT="253"
                         WIDTH="2359"
                         VPOS="1867"
                         HPOS="2805">
                  <String ID="string_region_1638872867919_264l16"
                          HEIGHT="253"
                          WIDTH="2359"
                          VPOS="1867"
                          HPOS="2805"
                          CONTENT="heeft mijne fijnste casseyen van Josta seylden"/>
               </TextLine>
               <TextLine ID="region_1638872867919_264l17"
                         BASELINE="2842,2084 2956,2084 3070,2084 3185,2086 3299,2089 3414,2092 3528,2096 3642,2100 3757,2106 3871,2112 3986,2118 4100,2125 4214,2131 4329,2139 4443,2146 4558,2152 4672,2160 4786,2168 4901,2174 5015,2182 5130,2188"
                         HEIGHT="268"
                         WIDTH="2319"
                         VPOS="1963"
                         HPOS="2826">
                  <String ID="string_region_1638872867919_264l17"
                          HEIGHT="268"
                          WIDTH="2319"
                          VPOS="1963"
                          HPOS="2826"
                          CONTENT="quean ien niet minder als ƒ80: geven: belieft e "/>
               </TextLine>
               <TextLine ID="region_1638872867919_264l18"
                         BASELINE="2844,2200 2959,2200 3074,2202 3189,2204 3305,2207 3420,2210 3535,2214 3651,2221 3766,2226 3881,2232 3997,2240 4112,2245 4227,2252 4342,2258 4458,2264 4573,2270 4688,2276 4804,2280 4919,2284 5034,2288 5150,2290"
                         HEIGHT="213"
                         WIDTH="2337"
                         VPOS="2129"
                         HPOS="2830">
                  <String ID="string_region_1638872867919_264l18"
                          HEIGHT="213"
                          WIDTH="2337"
                          VPOS="2129"
                          HPOS="2830"
                          CONTENT="vanelck deene preuve ue en heeft maer te"/>
               </TextLine>
               <TextLine ID="region_1638872867919_264l19"
                         BASELINE="2840,2320 2953,2318 3066,2316 3179,2318 3292,2319 3406,2322 3519,2326 3632,2331 3745,2337 3858,2343 3972,2350 4085,2356 4198,2363 4311,2370 4424,2378 4538,2384 4651,2390 4764,2394 4877,2398 4990,2402 5104,2404"
                         HEIGHT="209"
                         WIDTH="2297"
                         VPOS="2235"
                         HPOS="2823">
                  <String ID="string_region_1638872867919_264l19"
                          HEIGHT="209"
                          WIDTH="2297"
                          VPOS="2235"
                          HPOS="2823"
                          CONTENT="commandeerten beetere bayen nochte casseren "/>
               </TextLine>
               <TextLine ID="region_1638872867919_264l20"
                         BASELINE="2854,2428 2962,2428 3070,2428 3179,2430 3287,2432 3396,2436 3504,2439 3612,2444 3721,2448 3829,2455 3938,2461 4046,2468 4154,2474 4263,2480 4371,2487 4480,2494 4588,2499 4696,2505 4805,2511 4913,2516 5022,2522"
                         HEIGHT="241"
                         WIDTH="2202"
                         VPOS="2318"
                         HPOS="2840">
                  <String ID="string_region_1638872867919_264l20"
                          HEIGHT="241"
                          WIDTH="2202"
                          VPOS="2318"
                          HPOS="2840"
                          CONTENT="en sjnder in tntwerpen niet blijve van "/>
               </TextLine>
               <TextLine ID="region_1638872867919_264l21"
                         BASELINE="2836,2554 2862,2548 2888,2544 2914,2541 2940,2539 2966,2537 2992,2536 3018,2536 3044,2536 3070,2536 3096,2536 3122,2536 3148,2536 3174,2536 3200,2534"
                         HEIGHT="169"
                         WIDTH="397"
                         VPOS="2430"
                         HPOS="2819">
                  <String ID="string_region_1638872867919_264l21"
                          HEIGHT="169"
                          WIDTH="397"
                          VPOS="2430"
                          HPOS="2819"
                          CONTENT="esten"/>
               </TextLine>
               <TextLine ID="region_1638872867919_264l22"
                         BASELINE="2804,2642 2917,2642 3031,2642 3145,2642 3259,2644 3373,2646 3487,2648 3601,2652 3715,2656 3829,2659 3943,2664 4056,2668 4170,2673 4284,2678 4398,2684 4512,2690 4626,2696 4740,2702 4854,2707 4968,2713 5082,2720"
                         HEIGHT="276"
                         WIDTH="2311"
                         VPOS="2484"
                         HPOS="2789">
                  <String ID="string_region_1638872867919_264l22"
                          HEIGHT="276"
                          WIDTH="2311"
                          VPOS="2484"
                          HPOS="2789"
                          CONTENT="Brussel de woede Hellemans Ad 29 erie 17150"/>
               </TextLine>
               <TextLine ID="region_1638872867919_264l23"
                         BASELINE="2880,2730 2989,2734 3098,2740 3207,2745 3316,2750 3425,2754 3534,2760 3643,2764 3752,2768 3861,2773 3970,2776 4079,2782 4188,2787 4297,2793 4406,2798 4515,2804 4624,2812 4733,2819 4842,2828 4951,2836 5060,2846"
                         HEIGHT="185"
                         WIDTH="2214"
                         VPOS="2689"
                         HPOS="2865">
                  <String ID="string_region_1638872867919_264l23"
                          HEIGHT="185"
                          WIDTH="2214"
                          VPOS="2689"
                          HPOS="2865"
                          CONTENT="tot antwoort p ue aengenaeme van gisteren ben"/>
               </TextLine>
               <TextLine ID="region_1638872867919_264l24"
                         BASELINE="2852,2818 2964,2827 3077,2834 3190,2841 3303,2846 3416,2850 3529,2856 3642,2861 3755,2865 3868,2869 3981,2873 4093,2878 4206,2884 4319,2890 4432,2897 4545,2904 4658,2912 4771,2922 4884,2934 4997,2946 5110,2960"
                         HEIGHT="250"
                         WIDTH="2293"
                         VPOS="2751"
                         HPOS="2835">
                  <String ID="string_region_1638872867919_264l24"
                          HEIGHT="250"
                          WIDTH="2293"
                          VPOS="2751"
                          HPOS="2835"
                          CONTENT="van alderhande goederen soo laekens als andere soorten"/>
               </TextLine>
               <TextLine ID="region_1638872867919_264l25"
                         BASELINE="2852,2918 2961,2925 3071,2931 3181,2938 3290,2943 3400,2948 3510,2954 3619,2959 3729,2964 3839,2968 3949,2973 4058,2979 4168,2984 4278,2990 4387,2996 4497,3002 4607,3008 4716,3016 4826,3022 4936,3030 5046,3040"
                         HEIGHT="185"
                         WIDTH="2227"
                         VPOS="2883"
                         HPOS="2833">
                  <String ID="string_region_1638872867919_264l25"
                          HEIGHT="185"
                          WIDTH="2227"
                          VPOS="2883"
                          HPOS="2833"
                          CONTENT="present soo wel voorsien als ick noch mijn geven"/>
               </TextLine>
               <TextLine ID="region_1638872867919_264l26"
                         BASELINE="2848,3030 2957,3032 3066,3034 3176,3038 3285,3042 3395,3047 3504,3052 3613,3056 3723,3062 3832,3067 3942,3074 4051,3080 4160,3086 4270,3092 4379,3099 4489,3104 4598,3108 4707,3112 4817,3116 4926,3120 5036,3122"
                         HEIGHT="161"
                         WIDTH="2223"
                         VPOS="2983"
                         HPOS="2831">
                  <String ID="string_region_1638872867919_264l26"
                          HEIGHT="161"
                          WIDTH="2223"
                          VPOS="2983"
                          HPOS="2831"
                          CONTENT="geweest hebbe, maer ick en hebbe niet als het alder"/>
               </TextLine>
               <TextLine ID="region_1638872867919_264l27"
                         BASELINE="2848,3136 2954,3138 3061,3140 3167,3142 3274,3146 3380,3150 3487,3154 3593,3158 3700,3164 3806,3168 3913,3173 4019,3178 4126,3184 4232,3188 4339,3194 4445,3198 4552,3202 4658,3206 4765,3208 4871,3210 4978,3212"
                         HEIGHT="213"
                         WIDTH="2161"
                         VPOS="3040"
                         HPOS="2832">
                  <String ID="string_region_1638872867919_264l27"
                          HEIGHT="213"
                          WIDTH="2161"
                          VPOS="3040"
                          HPOS="2832"
                          CONTENT="enricuste goet geene gemeyne soorten, de fijnste"/>
               </TextLine>
               <TextLine ID="region_1638872867919_264l28"
                         BASELINE="2856,3242 2969,3244 3083,3248 3197,3251 3311,3256 3425,3260 3538,3264 3652,3268 3766,3274 3880,3278 3994,3284 4107,3290 4221,3295 4335,3302 4449,3308 4563,3314 4676,3320 4790,3327 4904,3334 5018,3339 5132,3346"
                         HEIGHT="219"
                         WIDTH="2308"
                         VPOS="3147"
                         HPOS="2839">
                  <String ID="string_region_1638872867919_264l28"
                          HEIGHT="219"
                          WIDTH="2308"
                          VPOS="3147"
                          HPOS="2839"
                          CONTENT="carseren ƒ30:- de bayen van  48 ƒ50:- suprijne"/>
               </TextLine>
               <TextLine ID="region_1638872867919_264l29"
                         BASELINE="2850,3348 2959,3350 3068,3354 3177,3358 3286,3361 3395,3364 3504,3370 3613,3375 3722,3380 3831,3386 3941,3391 4050,3396 4159,3402 4268,3408 4377,3415 4486,3420 4595,3426 4704,3432 4813,3438 4922,3443 5032,3448"
                         HEIGHT="202"
                         WIDTH="2219"
                         VPOS="3276"
                         HPOS="2835">
                  <String ID="string_region_1638872867919_264l29"
                          HEIGHT="202"
                          WIDTH="2219"
                          VPOS="3276"
                          HPOS="2835"
                          CONTENT="en a 60 lanck. Bagen van a 36 a 66 tot ƒ 48:"/>
               </TextLine>
               <TextLine ID="region_1638872867919_264l30"
                         BASELINE="2844,3488 2956,3480 3069,3475 3181,3472 3294,3472 3406,3474 3519,3479 3631,3484 3744,3489 3856,3497 3969,3504 4081,3512 4194,3520 4306,3527 4419,3532 4531,3538 4644,3541 4756,3542 4869,3542 4981,3539 5094,3534"
                         HEIGHT="240"
                         WIDTH="2284"
                         VPOS="3376"
                         HPOS="2827">
                  <String ID="string_region_1638872867919_264l30"
                          HEIGHT="240"
                          WIDTH="2284"
                          VPOS="3376"
                          HPOS="2827"
                          CONTENT="fijne ordinaire van 36 a 36: fijne  30 ƒ32:-"/>
               </TextLine>
               <TextLine ID="region_1638872867919_264l31"
                         BASELINE="2856,3582 2968,3582 3080,3582 3193,3584 3305,3588 3418,3591 3530,3596 3642,3602 3755,3607 3867,3614 3980,3620 4092,3628 4204,3635 4317,3641 4429,3648 4542,3654 4654,3660 4766,3664 4879,3668 4991,3670 5104,3672"
                         HEIGHT="261"
                         WIDTH="2284"
                         VPOS="3468"
                         HPOS="2839">
                  <String ID="string_region_1638872867919_264l31"
                          HEIGHT="261"
                          WIDTH="2284"
                          VPOS="3468"
                          HPOS="2839"
                          CONTENT="ordinaire 30 aƒ 27:- ue eraetts in connende "/>
               </TextLine>
               <TextLine ID="region_1638872867919_264l32"
                         BASELINE="2848,3688 2955,3690 3062,3694 3170,3698 3277,3700 3385,3704 3492,3708 3599,3711 3707,3714 3814,3718 3922,3722 4029,3726 4136,3730 4244,3734 4351,3738 4459,3742 4566,3748 4673,3752 4781,3756 4888,3761 4996,3766"
                         HEIGHT="226"
                         WIDTH="2179"
                         VPOS="3613"
                         HPOS="2834">
                  <String ID="string_region_1638872867919_264l32"
                          HEIGHT="226"
                          WIDTH="2179"
                          VPOS="3613"
                          HPOS="2834"
                          CONTENT="dienen gelieft maer te commandeeren die "/>
               </TextLine>
               <TextLine ID="region_1638872867919_264l33"
                         BASELINE="2878,3804 2903,3804 2928,3804 2953,3804 2978,3806 3003,3806 3028,3807 3053,3809 3078,3811 3103,3814 3129,3814 3154,3816 3179,3818 3204,3818 3229,3818 3254,3818 3279,3818 3304,3816 3329,3814 3354,3812 3380,3808"
                         HEIGHT="144"
                         WIDTH="533"
                         VPOS="3701"
                         HPOS="2863">
                  <String ID="string_region_1638872867919_264l33"
                          HEIGHT="144"
                          WIDTH="533"
                          VPOS="3701"
                          HPOS="2863"
                          CONTENT="blijve"/>
               </TextLine>
            </TextBlock>
         </PrintSpace>
      </Page>
   </Layout>
</alto>
