5479 3943
505 80 2277 206 goederen hebbe ontfangen en van alles soo schoen

488 184 2157 174 geriet als oock in laekens als ue ergens sal

504 342 2254 178 contien vinden sijnde alles van het sijnste ende

520 455 2203 132 curieuste goet ende en sal niet naer laeten

514 539 2207 189 te doen wat moogelijck sal wesen om ue te

526 677 2250 191 gerieven ende ue calardisie te moogen onderhoude

487 764 1955 189 dat altijdts sal esti meeren die blijve

471 865 2206 252 Brussel Jean Bapt Beydaels Ady 7 xbre 1715

563 1021 2171 211 ick vertrouie dat ue met sijne beminde noch

554 1148 2173 202 wel te pas seydt ende dat ge met dit afgaende

498 1300 2097 152 saisoen al eens sult overcoemen ick hebbe

495 1354 2239 226 meest alle mijne versche goederen godt danck

521 1452 2178 228 ontfangen ende seer schoone carseyen bayen

532 1566 2126 231 van alle soorten en laekens tot ue dienste

521 1700 2145 200 dat niet ongeraeden en vinde ue eens te

514 1809 2162 191 adviseeren en mijn dienst te presenteeren

502 1934 2274 218 met versoeck dat ue mij soude wilen betaelen

525 2037 2178 224 op reken ƒ400:- wisselgelde die in eenige

512 2175 2200 207 daeghen de libertijdt sal nemen te trecken

508 2285 2196 194 aen d'ordre Jacomo Rousseau te betaelen

522 2385 1928 159 ue sal mij verobligeeren die blijve

432 2504 2314 240 Rotterdam Dionys verburgh Ady 9 ber 1715

525 2639 2247 181 bejde ue missives 30 past en 6 cour. hebbe wel

512 2786 2256 124 ontfangen Godt sijt gebenedeydt George Roulandson

539 2853 2238 201 van London salvo is. de Baele  B met 19¼ jugls

498 2973 2280 161 laekenen in de wolle geverft en op de spaensche manier

517 3084 2267 186 gemaeckt op d ABider laeken gereduceert en 2 ¾ corte

492 3189 2287 145 vrapper aen te geven voor ƒ2200: - de vraght staet

518 3310 2249 154 p connossement verccordeert ƒ3:4 8 N 15 is

528 3399 2226 141 niet in Bagwell maer aen boort thomas nadvoith

544 3521 2165 179 gebleven die mede met de laeste adviesen stonste

505 3635 2245 120 seylen soo dat vertrowe met desen goeden windt

558 3727 2220 121 salvo sal wesen door Godts gratie & hebbe ua daer

2822 88 2322 183 van de ordre met mijne missive dato uu lie gesondenn

2841 203 2298 147 van 44 dosintiens op dat ider geredriceert weerde ƒ 5100

2842 331 2292 153 daer sijn bij 6 carseyen op d 26 vrappers: ick hebbe ue

2862 437 2281 183 voor de laeste gesonde ue rekene van oncosten  13

2844 594 2195 144 14 en 16 gecrediteert hollants cour ƒ 128:10 maer die

2831 658 2273 181 vergaet en te schrijven dat ue sich weder abiseerte

2855 753 2295 196 in het betaelen der vraghten die baelet die ick doen

2827 912 2249 148 coemen sijn altijdts gepackt op 24 dosijntiens van

2850 1019 2240 163 ƒ 25 a 26: het is waer de vraghten van hull seer

2814 1113 2209 151 is waer wesen en weijnigh differeeren als tenrijde

2831 1204 2289 214 van oorsogh dat seer onnedelijck is doch ick en wille

2840 1351 2127 156 de schhippers nochte niemant in dequantiteyde

2839 1433 2234 197 bedrseghen hebben: ick hebbe het ue voor desen

2853 1541 2138 197 nogh geschreven: met doet ick moet eneuwe

3212 1659 174 76 gaen

2864 1655 2078 187 boecken maeken ende oude openstaende

2858 1765 2173 168 rekeninghen hier en daer vinde onder andere

2835 1877 2338 142 aen gueljnior maerhouden hier fauyle schuldigh te

2851 1981 2255 173 wesen ƒ10 f hollants courant dat ue vesoeke

2850 2108 2141 122 te willen doen betaelen aen die het selfde

2837 2185 2344 174 aengaet ende behoorelijcke quittantie in voldoenn

2845 2294 2321 157 afte vraeghen mij die te senden ende daer voerens

2859 2401 2240 182 mij op mijne rekene particulier te debiteeren

2863 2528 986 160 blijve van herten

2818 2572 2216 263 Lieven Philippodnys Ady 9 sber 17

2867 2787 2331 163 Ick hebbe ten ue 4 deser wel ontfangen ick en hebbe

2853 2872 2226 121 sulcke fijne flannelen niet seer oock en sal ue

2807 2973 2163 176 die tot dien prijs niet meer coopen  heeft ue

2865 3068 2298 193 eenige andere goederen noodigh hersij dekens van

2851 3185 2296 201 alle moede couleuren en prijsen carseyen bayen

2856 3287 2287 182 colchesteren deventer bayen bender soo wel van

2869 3397 2319 173 voorsien van alle soorten als ue nogh sijn leven

2882 3508 2293 181 can gesien hebben altijdts tot ue dienste blijve
