5463 3914
877 11 185 121 6n

533 52 2165 165 Amsterd franc. Rousseau  Ady 6 julu 1716

653 154 2099 189 het diunent mij ommoogelijck te wesen datter soo veel

609 288 2218 136 tijdt can passeeren dat ue niets van protjdt en soo de

632 380 2186 172 aentresfen oft ue moet willen ousse correspondentie

626 496 2186 171 teckemael a streeken dat iet en hoee ick wenste

632 615 2203 117 wel ue mij eens geliefde te suformeeren wat gevoelen

620 687 2014 201 men il a cosp hebbende wegens de genisder

621 824 2182 154 oostindische comp. tot London de cours van

622 902 2078 163 ½ als un verleekert mij te doen vercoopen

636 1011 2185 142 het gene daer by intrest hebbe ende de slechte negotie

613 1111 2181 169 weder hout mij om den hooghen intrest die men

615 1207 2202 217 daer bij als nu noch profiteert niettemin hebbe

624 1322 2160 206 geerne wat aclairtsissement op dat naer datin

652 1426 1950 185 gaen rouw coop erighe van geen raeste

576 1522 2098 187 hebben gevolght ofte genoemen: blijve

507 1629 2290 207 Brussel frederieus vander Beeken Ady 6 Juli 16

601 1755 2058 179 en gevolge ue drij aengenaeme van 28 en 24 julni

639 1900 2135 141 en 1 deser hebbe de weerde van den wisselbrief

603 1979 2183 193 op nthoine kellin die ue miy voor ue Rekeninge

626 2109 2192 185 geremitteert eft ontfangen synde £421:8: en 7-

611 2203 2189 203 vlaems wisselgelde waer uytingevolge ue ordre

594 2326 2204 143 en voor ue Reken. hebbe betaelt aen juff. de wedus

574 2456 2236 148 Annony en grigis den wisselbgilf ten laste Joseph

609 2573 2168 159 de Behault tot Berghen ƒ2000:- wisselgelde

570 2648 2058 198 die ue ingesloeten met acquit en quittantie

560 2761 2238 192 sende voorders op ue ordre en voor ue rekene

562 2867 2238 192 aen mons hetrij van  ruysten gelijck hij ue sal

583 3002 2250 122 adviseeren hebbe ick betaelt ƒ 522:5:- wisselgelde

604 3089 2098 164 maekende die twee mijne betaelinghen niet

613 3203 2191 185 ½ prete mijnder provisie ƒ„6:6½ de voorschreve

614 3297 2072 202 weerde van hen geremitteerden wisselbrief

601 3410 2112 185 ue verders connende dienst doen gelieftt my

596 3536 1433 116 te commandeeren die blijve

580 3630 2014 193 not a de sommen sijninden brief ien lanck

600 3756 672 93 de ee

2910 84 1419 213 wisselbrief op t hellin

4591 98 581 207 £ 421:8:7

2894 211 1589 242 betaelt aen wed. Annoir en grigis den

2904 332 1784 239 wisselbrief o Joseph de Behautt £333:6:8

2884 479 1810 216 ten Henrij van Pruyssen  „ 87:-:10

2884 613 1769 191 mijn provisie ƒ 421:8:7 a 4 p„ 1:1:1

4093 727 503 237 £42:6:

2883 815 1202 208 Brussel Joannes Beeckmans

4240 841 857 226 Adij 7 Juli 1716

2922 972 2304 222 sende facure vant partijken van 14 meert 1716 bedraeg

2897 1104 2310 175 kende wisselgelde ƒ 461:5½ en segghe hem reken cours

2904 1232 2309 155 hebbe gesonaem dato 30 Januar 1715 blijvende als doen

2892 1339 2314 204 schuldigh £121:6:7 on noodigh te wesen voordere

2928 1461 2229 162 te senden. advies dat op eenige daeghen sicht trecke

2900 1573 1996 157 aen d'ordre  Rousseau op rekene ƒ300:- wisselg.

2905 1686 1326 158 verders offers van dienst

2882 1771 2015 198 Brussel nicolas Dousedam Ady 7 ditto

2955 1899 2037 156 een en maenbrief met deserete termijpen int

2925 2012 1598 148 cort geschreven tot notitie alhier

2866 2093 2166 212 Brughe Rilis van Corperille Ady 7 ditto

2906 2258 2245 134 hebbe ue aengenaeme d4 past wel ontfangen met

2898 2386 2193 171 doncost rekene achter volgens oock het pack  N1

2889 2470 2223 186 uu sienp ue van gisteren Georgehall van hul

2888 2570 2195 206 tot stende Godt danck salvo was alhoewel geen

2876 2700 2229 146 advies nochte connossementen hebbe soo geloove

2898 2830 2102 136 vostelijck een pack daer bij voor mij sal weten

2899 2896 2329 197 vant mercke  daer gelieft naer te insormeeren

2898 3001 2202 150 ende mij te adviseeren mede wegens  2 het

2887 3095 1305 163 welck ewaghtende blijve

4228 3138 408 202 d Jad 716

2875 3181 795 193 halle  vanden berge

2888 3295 2305 157 het is mij lief te sien s ue bemende wel was gearriveert doch leet geweertsy

2872 3383 2357 165 haer logement ten mijnen heuven niet en heeft gelieve te nemen dat hoepe voor

2872 3466 2345 162 ander occasie sal geschieden vertrouwe het paxke voornu bij ue wel sal sijn

2871 3534 2359 151 gearriveert ende dat ue van alles content sal wesen ende wel sult ondervinde

2882 3618 2341 158 dat ue soo goeden coop bediene dat het niet noodigh is ue

2884 3683 262 97 Jande

2892 3743 2281 104 te addvesseeren: de drij fijne carseyen sijn in de vertve
