5369 3972
371 79 2264 190 cas onne scayt distinguer la calite. si j'auroisiion

347 187 2219 221 heur de vous voir p. icy et que vous voy cri les

314 308 2334 232 draps en Piesie vre suis bien asseure que vous en

363 427 2242 229 seriel choix d'unne bonne partie ie n'ayt este de

297 552 2257 200 long temps si bien assort des draps g'apresent

317 638 2317 230 les trois P'iesces que vous laver marque ne

373 770 2229 210 sont pas moins a donnery a 0 outtars. d'en

375 883 2245 219 ayt aussy conform a vre eschantillion que

314 1051 2306 171 n envoyel que ie vous donneray a 48 rs

398 1135 2168 210 vous d'evez scavoir sils vous conviennent ie

408 1272 2217 156 vous asseure que ne feries pas mat d'achepter

398 1364 2280 246 quelq assortiment des marchandises deAngleterre

399 1490 2250 187 cas sales encherissent de jour en jour vous pouvez

357 1652 2265 156 faire fond que rien ne me sernt plus agreable

403 1722 2142 248 que de pouvoir entretenir vre chalandise et

394 1865 2162 201 que ie seray entoittes occasions p

391 1956 2238 204 ayel labonte faire rendre l'incluse a  pot

390 2079 2246 222 Brussel francois van den heeke Ady 16 gber 1714

464 2234 2059 153 tot antwoorde op ue aengenaeme van 21 sber

348 2318 2187 176 moete ue segghen dat het quittantichen ende de

408 2462 2244 126 assignatie op Brugghe ue bekent te saemen groot

393 2525 2273 183 courant gelde £39:14:5 niet en hebbe als tot  pr

411 2644 2258 132 verlies connen vernegotieeren ende dat noch

412 2753 2270 135 met veele moeyten sooda ue daer voor in rehad

405 2868 2277 167 hebbe goetgedaen de somme van £33:19:3 wisse

408 2953 2247 196 ick en hebbe tot Brugghe geen correspondentie gelijck

434 3069 2243 142 ick ue hebbe geschreven anders soude ick het daer

394 3174 2144 169 doen ontfangen hebben als ue ing gelieft ue

413 3282 2258 153 caland inie te sonnen gelijck ue my schrieft het sal

400 3353 2268 189 mij altijts aengenaem wesen ende ue en sal noeyt

455 3474 2226 167 qualijck bij mij sijne rekene vinden. ick sal tegens

432 3578 2256 138 het voortaen met Godts gratie het schoonste sortimen

456 3650 2131 149 van alderhande geperste en spaensche laekens

462 3755 2222 118 hebben dat men met oogen sien can tot ue dienste

2717 84 2211 185 Brussel JBapt Beydaels Ady 19 gber 1714

2751 217 2242 211 send & ue hter boven het factuerken vant parxhe

2769 393 2311 171 bedraeghende £934: 8 wisselgelde waer voor mij gelieft

2752 481 2217 195 te crediteeren: ick hebbe het woonsdagh scheelt

2762 617 2323 159 gedaen ende en twijfele niet oft sal ue voor nu wel

2751 730 2181 169 sijnter handt gecoemen ende dat ue alles naer

2752 834 2262 150 contentement sal hebben bevonden de occasie

2746 965 2328 132 voor vallende gelieft mij maer te coemen besoeken

2734 1082 2329 138 oft te ordonneeren ue sal altijdts schoon gerief

2758 1155 2329 151 bi my vinden — ue verseekerende dat noeyd ten

2756 1253 2296 217 cal mackeeren alles te doen wat in mijn maght

2743 1420 2317 166 il om ue calandisie de onderhouden die blijve als

2731 1488 1647 201 aen Jof ue baeminde van herten

2701 1602 2148 227 Mons J detour Ady 20 gbre 1di14

2736 1755 2354 200 puyt esse roiche voyue a vre 21 a 1 cuuraut i me

2724 1886 2407 198 sembles que ie vous ayt donné aux occasions des marquer

2764 2012 2238 102 assez visibles de l'estime que i'ay pour mes chalands

2750 2118 2317 117 et que ie ne merite prins pelles pe proches: vous ne

2745 2180 2313 182 scariez croire comme les maistalt u res de ng leterre

2766 2283 2281 181 sons en cherier et comme 'ment manque p

2739 2396 2247 180 tont car il ny a pas moyen den faire son argent

2770 2517 2262 122 ie vous ay marque p ma derniere qui auvois

2759 2607 2347 196 loing pour le reste de vos ordres pendant la sarson

2767 2731 2262 119 il ne je trouve pas d'occasion pour avoir tient

2774 2862 2183 130 despetittes Engatelles quant on les souhaitte

2692 2853 2371 267 & oultre vor la la gele et ie ne luy si les basteaux

2692 3021 2401 199 pour Bruxellis & pourront artiver iellementqute

2754 3162 2292 133 me fauet attendre l'arrivée du messager lonaert

2769 3247 2325 158 quil le serve de la charette adroisur. E luy livreray

2741 3359 2300 193 3 pis des carisels tientes. une baye rouge sans frize

2757 3471 2355 184 une foise et une jausne frises comme m'aves ordonne

2683 3580 2440 208 las ayant prestes pour le present au resquard des drgps

2677 3663 2437 175 longes est bluy dAngleterre i'ay eren et travailles, soord

2786 3779 2142 102 en avoir une partie mais cet 112 est pas reulli
