5458 3935
641 57 2268 159 vre remisses de ƒ 600 sur le p parre maesschale ce

707 117 2204 177 to jours de veue est accepte le 7 du court schanvoir

703 197 2204 194 b'en argent c en son temps pr procureray requs

675 295 2227 186 je fuie aisorte d tautte sorte de marchandisess en

702 440 2156 117 gleterre sil vs en faut ayez la bonte de me le

691 526 2181 136 commander vs serez vs fere tris exactement servi

683 590 2221 135 et a quite pris aussy pr de draps noir et slun

674 725 2220 117 et draps de dammes je me dit de cour en toustesocca

2062 811 552 130 12 xber 1716

667 822 242 126 mons

606 876 842 184 Londen L de Dorpere

676 922 2213 182 tot mijn groot leetwesen en hebbe dit gants jaer niet een

686 1062 2206 158 stuck spaensche laeckens connen ontbuden reden geen

678 1153 2219 140 materie gehadt hebbe om ue laeste misseve dato 20 sber

670 1203 2245 162 1715 te beantworden het is on berypelijck hoede engelocht

666 1287 2192 193 manusfactiere negotie voor dese anden in soo corte

665 1416 2188 191 gaeren gants is vergaen ende de provintie van lin

665 1485 2242 197 borgh en verviern in die manufacture heeft toe genoeme

669 1613 2214 183 die nu dese landen fournieren beeter en bater coop dat

672 1680 2203 201 men die van a cost can becoemen soo daenigh dat ick

661 1802 2241 220 mijne bj hebbende ende resteerende niet en can af selten

652 1895 2233 174 nochte benificeren het is seceers dat het redres van de

642 1976 2268 215 waeter mack de oorsaecke is dat ue laeckens hier niet meer

654 2097 2201 170 en connen getrocken worden vallende te dick ende te

668 2176 2245 213 plomp men moet patientie hebben s van mildert is in

638 2271 2252 198 den somer al hier geweest en heeft mij geseght hij ue vol

648 2377 2257 219 daer heeft verwonderende mij ue noyt het selfde en heeft ge

658 2501 2174 192 adviseert en twijffele niet oft ue heeft de  £1010 voor

648 2597 2259 202 daer  micheil 1715 ontfangen gelijck andere vrinden geed

635 2702 2244 150 viseert hebben hebbe ue daer voor gedebiteert als den jaire

647 2813 2127 171 1716 nu sal ontfangen worden gelieft het mj te noteeren

659 2916 2242 150 wenste wel dat onoe voordere correspondenter mochteer

657 3048 2257 109 leven oft datter occasie mochte voor valen vande sanniss

658 3077 2236 155 te moogen onderhouden op de wissel en valle mede niet te

652 3178 2199 143 dencken want niet tegen staende die van sostgeneteert

639 3297 2266 148 woort 6 3371 dat men hier noch 8 35: 8 get groete ue

634 3351 2245 162 van herter ende wensche ue het geluck saligk aenstaenge

631 3455 2267 172 nieuwe jaer niet veele volgende tot condentement en scliy

657 3569 500 154 tuyjt blijve

4428 72 691 141 12 xber 1716

2941 67 1328 172 Brusselle CRichiel van Schoord

2979 168 2211 164 het is nu wederom tt daegen geleden dat ue misseue

2954 264 2364 189 ontfinge ende verwacht hebbe d' eere van ue te sien de

2958 379 2223 195 en ue te sprecken dat mj groode satisfactie soude

2957 445 2336 207 wisen om dat men hier mondelinctise can doen

2981 565 2286 190 dam met bruv doch salee is te verjeefsje

2959 643 2273 210 lijck ue belofte die nu van de maint van opril

2947 733 2299 222 disiert hebbe. met wat gemoet ofte consienteene

2948 874 2306 230 mij soo gelieft te handelen is et begrijp baerdaer

2956 951 2287 219 ick ue et als dienst gedaen en hebbe ende ten

2973 1067 2290 237 uren regarde niet als ten eersten eerelijck

2992 1170 2175 234 gchandelt hebbe dan ick soo als noch paras

2973 1264 2280 217 ben te doen in alle occas een als ue sal geleve

2972 1306 2334 309 mijn versoecte is dan eijndelijcke oft ue met mijn

2970 1444 2274 274 gesondene brefkens gacceptert doe te sende ofte

2961 1553 2324 223 niet ofte wel dat ick provesconcelijck en eene

2956 1664 2336 253 dach a 2 op ƒ400 op ue sal trecken en fauleven

2943 1788 2339 256 d'een ote dander genoorsaecht. sal meden andere mesur

2962 1929 1815 197 te nemen waer op blijve in afwach linge

4390 2031 758 155 14 December 716

2940 2069 1262 194 Amsterdam Franciseo Rousseau

2986 2038 2325 298 het is mij aengenaem te sien bij ue mesre socoeet mijne remisses ue we

2998 2206 2333 191 waere geworden mae chagrenat ue mij op tijt niet en cont foumieren

2986 2250 2320 258 soo als ick gepenetreert hadde uyt dien van 3 court want v ick en hebbe

2997 2320 2359 213 ick niet noodigh no soo als ue aen mjn schoon moeder heeft geremitseere

2980 2405 2318 220 daer inder daer niets can over scheeden want brussel gerleft

2979 2487 2358 198 bovendien om de clijne intreste wille ue wel segged dat niet gerneremiter

2977 2550 2324 218 re ten sijne employe wete want te gend 4 in jaer can iick h

2991 2627 2336 211 te rechte coemen en stelle het present soo dat met geere peneninge

4618 2709 660 129 acrcely  het ca

4622 2807 232 70 genocke

2960 2755 1629 174 liedigh houde au bout dee compte rendaert het

3740 2886 98 66 ly

2979 2762 2342 271 pitael tegens soo  intrest wennigh daermen voor deset

2990 2882 2303 253 bij groote intreste, soo naes niet en moes en alleenigh de

2981 2975 2329 225 favora belote en beste occasien afwachten die dan den intrisk wel

3003 3060 2277 198 uyt daden ik hoepe dat ick egens de belofd £100 op 2resos sal erlang

2959 3124 2336 172 ende dat ue tot verder verder occasn sal aentressen ende wat aengaet

2981 3196 2322 220 mij ne schoon moeder hebbe haer dat niet connen refuseren noch

2968 3268 2304 216 te ue van commisse niet frustreren doch men moet houde aen

2951 3344 2337 186 nieuwe vrinden in occasien frefererens want als ue maer eigilye

2945 3417 2282 189 en wiet sal ue dmck godts gratie doorgaent pencn met

2956 3472 2361 225 fonsere proeutreren bidde mij eens te imsormienen nopende ue gedachte

2958 3548 2363 172 en riculatie in den prijs de wallen tot goeverns mijnder mane

2964 3617 2295 168 factiere ne gotie oock mijne ru cou te welle senge vooer het neeu

3826 3699 1477 110 euwe boeken te formeren die voor leden jaer in

3642 3757 144 54 nit

2954 3740 2176 92 jaer alsos besigh ber  w hebbe laete door s chiefen en s50 blijve
