5523 3943
630 107 2242 119 jours agreable come vs pouvez bien considere

626 158 2254 165 faute de commerce largent ne roulle pas et celudi

642 244 2235 138 in commode cependent il ns faut avoir patiene

652 363 2236 142 et jespere quil vra un jour mieux sil plais fa

616 412 702 163 Dae je me dit

1897 509 617 152 2 maij 1716

565 507 855 166 haet JB: colivier

617 622 2267 144 jespere le bonretour de mad:  compayne je  roie

642 719 2250 151 facture de la marchandise que le at acheppe et que jesstai

642 819 2239 113 que enuitte a son ordre cejour dhuy pr bermonde p la res

628 872 2253 156 du s' Pierre de Bait dans un pacquet marque eB par

642 1011 2240 125 tante en argent de change prquelle somme les plairg la

650 1073 2222 166 crediten ƒt:82 pr voyerez ca que jay fait pr gaigner

610 1154 2274 197 lhonneur de vre chanlandisis et lordenter madi vre lpoux

611 1276 2271 181 matois a cette condition et sur ce pied vs et ez mieux scovi

601 1366 2281 195 que li vs tassiez venir les marchandise adroit ure d'angle

612 1456 2191 223 terre jespere que vs aurez aussij de la consideration

614 1547 2273 250 aye occasions car rien ne me mais au coeur que de bien

610 1675 2275 218 servir mes amis je vv ay de lobligations prore informatin

612 1784 2236 179 tounant le S He voycy pr lay une inclusx a a p et une pr

619 1877 2251 221 ie S Brant pr qui jay prix la leterre ce mettre dans tre

632 1990 2235 232 pacheet une pr des drap le quil je vs pricuyfaire tenir

625 2074 2223 251 et me commander en touttes ordations jauray soing de la

626 2137 2226 278 lettre de change de £703:6½ argent court que mad vre

616 2301 1665 191 vre espouse ma mis es mains je me dits

528 2356 1036 218 Dermonde ierre de Baut

1855 2457 696 186 9 maij 1716een packen

621 2517 2257 198 Ick hebbe ue voorlede weeke 2 deser geaddresseert tp beurtschip

634 2620 2252 165 gemert t AC. voor monsr andre creton tot haet dat oorhop ue

620 2682 2229 202 ue sal hebbe optfangeenop haet voort gesonden heden sende ue

628 2786 2203 220 noh een p ditto beurtschip voor mons J:B: Colivier inge

693 2965 195 87 hems

622 2863 2245 278 syck coopman tot haet gmorckt & dat gelieft sonder tijt ver

639 2979 1314 203 leen te laeten geworden en soo blijve

2014 3093 485 152 11 maj 1716

531 3095 1337 191 Leods Voilliam lockion, 7 avril

600 3214 2282 155 f honneur de la chere vre 8 du court me cause beaucoup de soye

633 3328 2245 112 il vs telccite de fot mon coeur vs n perderez n dieu vs

632 3367 2257 158 recompensera le double et pr lestime et l'a metce que jay p

647 3445 2225 128 vs je lay prie quil vs regarde d'en oevie de misencor de et

628 3509 2229 136 vs inspire de sa Divine grace afin quil vs inclines vre

627 3606 2265 132 colur prrecevoir des bonnes race ce quil vs est servi

512 3646 2323 183 de sa main pr vs eclaisie a porter a des pensces plus

616 3754 2245 102 clevees pr avoir plus du bonneur en toutte eterneté que

2959 28 2297 182 e  n des

3772 110 50 91 ey

2960 109 2293 193 tristesse j nayt jamais d'autre pensces de vs eur

2964 237 2326 144 ce ne sont pas les affaires des particculiers de je vouloir

2979 328 2315 165 meller les affaires d'estat et autant que je n'en estoes

2965 415 2329 218 parsuade et pr ainsy dire asseure je n'ay voulu

2998 505 2288 148 continuer la correspondence c'at este la rais on

2990 607 2269 162 que je ne vs ay remis le reste que je vs suis rede

3012 695 2242 150 vable asteur voyant q vs estez remis en liberte

2999 783 2262 163 es pouvez terez a veu ou veu pr baisse  200

2997 880 2285 168 Il les pouvez effecticer a  36:3 at come on a fere die

3003 989 2247 142 chez vs autrement ie vs les remette ra ge le fait

2992 1076 2320 177 afin que vs nattendae pas apres vre argente

2985 1154 2320 194 Ja lettre a 2 usences en mains que je ne vs veu

2976 1288 2323 138 envoyeer pr  ne vs faire aftendre 2 moiset

2967 1360 2291 164 aftin que vs au ies vre argent contant seachant

2978 1462 2242 199 quontin mesentement de londres a coutes

2992 1570 2294 172 jours a N38:4 a 3 celle ay pr. hollande pp oos

2993 1674 2259 154 bende mercoedij quil viinne je vs e plus

2982 1770 1065 149 amplement et ne ont

4503 1815 627 208 11 mey 1716

2912 1853 1352 172 londen schoppens en ed warde

4190 1961 377 84 april

2960 1987 2316 113 een door ue aengenaeme   mij ne remige

2956 2073 2355 112 1 £310 ue wel lwas geworden en acceptatie hadde

2958 2137 2232 113 becoeme employe in vas te fondsen te doen enis

2949 2222 2285 127 niet mijne intentie sijnde de wes: te schaedelrijck

2952 2325 2340 126 en oock de course als die ne haelen maer alleen dat

2954 2387 2320 125 ue mij een intrestien soude besorgen voor den tijt dat

2968 2477 2308 103 mijn gelt vrachte loos sal wesen ende dat ick daer

2966 2567 2299 124 bij i advantagie van wis sel altijts sal mogen

2969 2637 2323 134 disponeren ue dat connende doen gelijck ue mij melt

2993 2752 2294 120 sal mij aengenaem wesen en sal ue voorders remitte

2978 2809 1796 166 ren en op die voet met 3 priet int jaer

4983 2837 322 141 te vre

2982 2896 2308 178 den wesen ondertesschen ue dat voor die  £380 be

4576 2997 119 61 12

2993 3014 1713 118 veelende blijve vallende soo als ue 23

2932 3047 1058 150 Rotterdam DLouys verbarghe

4295 3096 713 136 11 may 1716 e a

2980 3127 2314 190 met ue aengenaeme dato 8 deser becoeme re mise op lon

3004 3216 2279 172 don 8d 2 usos op 4 fresnay et gaussen  £110 gewesselt

2988 3316 2322 187 a  36:10 hollants court ƒ 1212:10 en niet ƒ 1215:10 soo

2978 3423 2322 113 als ue noteert de cours is vrij hoogh volgens van london

2974 3498 2265 112 af comt op rotterdam doch ick moete patientie

2978 3570 2241 106 hebbe voor soo veel ue mij geen beter em ploye en

2991 3664 2273 114 geleeft te fournieren & willens valt mij lai

2990 3719 2218 98 ue te recommandeeren eynde van sijne saecke te

2958 3789 2325 93 willen procureeren want alvoenens dat afgeda
