5462 3920
573 76 2279 179 Brussel Francois vanden heck coppe als vorens 11 sber 1715

550 173 2162 170 Bruselle Henry rijssels copye als voorens 11 sber 1716

550 273 2265 158 Brussell Nicolas vander burght Copye als voorens 11 sber 1716

557 402 2171 147 Brusselles Wouter vanhelsen copijse als voorens 11 sber 1716

542 477 2040 158 Brusselle CBristiaen segers copye als voorens 11 sber 1716

545 559 2049 170 Brusselle:B alex e copye als voorens 11 sber 1716

545 627 2135 199 Brusselle Calo Lindekens copije als voorens 11 sber 1716

544 744 2154 182 Brusselle Joannes Beckmans copy als voorens 11 sber 1716

552 849 1938 160 Brusselle D:B: Beijdals Copije als voorens 11 sber 1716

1764 950 909 179 Ady 12 sbre 1716

551 970 759 201 Ghendt saedelaer

637 1058 2110 212 ue aengenaeme van gisteren sal naer middagh

606 1188 2244 193 beautwoorden can ue brieven in banco tot 2 a 2

619 1295 2093 177 becoemen soude ue raeden dat waer te nemen

612 1413 2176 163 Amsterdam mes brieven van gisteeren coemt al

625 1517 2238 188 op Antwerpen 2½ a    governo blijve

2140 1634 534 140 267 ber 1716

561 1624 699 164 GentJo B: Saedelaer

638 1722 2209 136 gedraege ingaen mijnen desen morgen p boede ue tot governo geschreven voor ue r

629 1816 2197 117 mises op  Jan fiseau banco £150 op5 sicht is my smaens daghs 2

641 1882 2196 106 geoffeneert hadde het op 2½ gehoude ende hem om acceptatie gesonden et

637 1951 2159 100 en denisie niet het tegens ue gehoegen sal wesen dat ick he nu tot du

641 2057 2150 86 mij voor mijn eygen oeck behoude sal hier ver ue shive verwachte

640 2084 2148 124 ende dans segens 2 & ue wance ue goet doen aengaende de remise op

642 2183 2191 84 sich pr casse op coeuraend vas sen op amsterdam banco £100 du

644 2234 2153 164 ue mij met ue aengenaeme van gesteren remitteert sal tegens maendagh

635 2308 2182 131 tot ue ste advantagie intrecken ingesloeten den brieftuen lasten

640 2406 2169 108 heden door mij voor ue reck betaelt van st £ 100:: a  36:11 waer voor

634 2501 1495 129 y gelieft te crediteeren blijve naer groetenisse

1892 2556 375 114 12 sbre 1716

2256 2581 203 91 25 de

535 2581 588 132 Londen Dancel Kays

604 2605 2225 206 Jay a respondre les 3 cheres vre 29 juller  daourt u court mois

567 2709 2251 124 les remisses su me faittez me rendront peu d'intrest Jaurois souhai

650 2810 2192 100 ti qui n'aurez procure un intrest entre temps le change hacusse

648 2903 2205 89 come je vs ay prie de faire ou que vs aurez pryz la faveur de 3

627 2950 2209 123 come le change at este pendant que jayt eu le dit argent entre

630 3041 2217 117 vrs maine les preuve de mon dire est que jay honnore des lettres

616 3088 2221 119 a ces cours quelles estoient chez moy addres de la remise sur les

601 3162 2169 135 so van trapner de v jullet 2 sence os £100 a  36:10 cay

1502 3245 169 63 ou

610 3233 2239 133 acceptation de celle du  sber 2rusence  jours vre lettre en

609 3301 2254 156 ma faveur sur le landre peytier   230 a  36:10 jen procu

606 3367 2177 157 remy o l'acceptation mons peyteer estant en voyage pr

611 3419 2267 226 quelq jour tellement que je la presenseray a son retour je suis

4368 78 529 121 14 sber 1716

2896 73 1161 156 Amsterdam Francises Rousseau

2945 114 2325 185 op d'eere van ue aengenaime 19 court en can niet ander

2952 284 2253 74 alle geeren als voor desen noch gedaen hebbe dat ue doen

2942 312 2306 145 trecken om dat sulckx doorgaents my advantagienster is dat

2945 411 2235 145 het wat lastegh voor ue is moetick bekenne doch daer

2939 488 2284 128 tegens proge seert ue soo veel als ick doen dat ick niet en

2943 599 2282 98 desireee dat ue p avance trecke sonder daer tegens mij

2939 641 2251 172 te remitteeren endunckt mij nijt ongefondeert te

2936 718 2252 177 wesen want ue en heeft het noyt gedaen ot

2931 806 2278 186 hebder dan naer dat uen intrest bij gelif seleden en

2933 899 2311 216 geobligeert geweest op london malijke moy te doen af geven

2958 1004 2293 153 om mijn penniage niet vrught loos te laeten nege

2935 1113 2322 135 leve wat te invigileeren iet dat ick op den grooten

2966 1170 2142 153 intrest niet en staen al soude het maer voor het

2953 1281 2227 143 stil detten en tijt passeerenge wesen opt eynde

2963 1365 2241 163 can het ue eewel ien provitie rendeeren en mij

2946 1482 2299 164 geen schaede wesen het is wel ue mij gecrediteert heeft

2949 1556 2288 203 voor het briefe oft eph de medina banco

2900 1665 2367 200 ƒ 98:8:9 en £293:5 voor ue trato sh p

2900 1793 2340 147 £200 voor DH francois eeraerts die voldoen hebbe en ue

2943 1877 2272 147 conform gede betiet ende gecrediteert voor de 2 remi

2933 1988 2290 132 ses op Sedro van Diest £153 a  36:8 en p marice

2950 2079 2270 146 anna van outreive  £30 a  36:8 aƒ 3 a pres banes

2942 2187 2258 116 £407:8:8 ditto brieven sijn geaccepteeteels mede denm

2933 2287 2308 113 gesloeten op J:B: danckart crus ad 6ooc die netour

2940 2396 2224 130 remitteere ingesloeten op i cau van 8 deser D

2948 2501 2267 104 banco £150:- en £1oo sicht pr casse op coenrair

2931 2611 2317 121 van son nevens £97:15 op Jean sHeenwigh van 11 deser

2909 2657 2338 175 dato waer voor het noodigh gelieve te besorge ende

2916 2778 2340 131 tegens te remitteeren tot mieste advantagie moogelijck

2946 2861 2276 110 op seijt het gene meerder soude emporteeren geleve

2936 2936 949 137 maer te trecken blijve

4346 3001 521 130 14 sber 1716

2900 3022 927 136 Rotterdam Diomijs verburgh

2921 3057 2229 167 conform ue aengenaeme ten 8 court hebbe de 2 packen p

2921 3172 2241 103 dan leenhouwen wel ontfange wensche de mij de t

2912 3291 2302 100 reck gelieft te senden dh willens is omparselijck soo dat geen

2923 3341 2328 103 occasie hebbe om hem te sprecken ende den in hout van

2932 3428 2287 94 ue e nessive voor te dragen het is worder tame britbert

2941 3492 2290 79 van londen met mijne baele N7 noch tardier ben bij die

2911 3579 2276 101 sorte van baeyen seer vinligen ende en weste niet wat

2916 3636 2280 113 het beduyt door dien hij den wint favorxbel heeft gehadt

2906 3734 2293 101 soo in de am ter damsche gadette reflcteere dit de sd

5025 3785 195 59 sch
