5479 3943
1837 99 482 142 18 Juny 1715

401 93 834 151 hallee  vanden Berge

482 170 2233 170 alhoewel ue niet eerder en hebbe geantwoort op ue aengenaemmm

492 312 2211 106 van 6 deser soo en hebbe echter niet naergelaeten op ontfanck de selve

500 366 2218 131 de commissie te volbringe ende th boemans te sprecken sie mij sijde daer

499 452 2189 112 inne niet en coste don om dit hij den west niet in houde en hadde ge

1466 491 208 68 laeten

475 506 2239 136 hedt dan alleens op om ue die te presentenen ende te laete accepten

474 605 2248 91 waer op hij tot ant mort hadde gegeven gelijck ue hem hadde laeten net

476 664 2255 114 dat het gelt tot brussel gemet lis sodat ue daer over aen cuwen vrint

484 742 2213 141 tot amsterdam moet schrijven die tusschen beyde niet en twijfele

473 816 2230 150 oft sal dat gelt tot brusselen wel hebbe doen ontfangenn het is mij leed

500 881 2225 172 dat het met de negotie soo slecht gaet ende dat ue soo wijnige couraqu

481 966 2237 160 heeft om iets in te coopen ict hope dat het eens sal bederen sijnde als

451 1071 2285 200 tijts gereet om ue te dienen ick magh wel seggen dat ick in lan gejaen

456 1147 2275 229 geen shonden goederen gehadt en hebbe cls ick hegen woordegh hebbe

466 1266 1298 148 tot ue dienste en tiijve naer groeter messe

1845 1314 413 151 18 Juny 1715

352 1384 760 158 Brusselles di Br Beydaels

468 1337 2253 243 ue vengeneeme van 24 meert laest hebbe wel ontfange ende de gementioneerde some

485 1494 2248 154 niet getrocken om ue dienst te doen ende niet te incomodeeren dat dencken

487 1562 2156 183 ue mij als nu niet en saltmerctureeren, soo dat bidde mijn bretos op

475 1651 2200 214 van ƒ400 op reck wes: in favur van dhr Jacomo Rousseau ue voor

480 1721 2250 197 coemende geleeve te vertheeren ick hadde al gedrct dat ue met het voor

492 1858 2231 137 faison al soude hebbe overgecoemen ick verhogpe dat het echtie

483 1966 2250 119 int cort sal wesen ick hebbe schoon gerieft en versch sortement ge

470 2010 2263 172 wegen van alle sorte van goederen ende verseeckere ue dat ick alle

473 2152 2256 149 sal doen wat mongelijck is om ue calandisie seronderhoude ende ue

450 2236 2293 155 ti viel te bedienen saer op ue en alle occasie can staet maecken ende

1886 2317 402 153 18 Juny 1715

444 2354 421 107 dat ben n

401 2411 690 157 Brusselle V dousedam

457 2436 2272 183 Ick hebbe voldaen aen het genee ue mij p  aste brieef van boneert het

471 2529 2259 127 versocht ick en wille nonende den en hout meet t schrijven ue geleft het

466 2604 2266 117 te consideren en de seun oft het niet mier als tijt in is dat oue daer

467 2674 2271 131 aen voldoet ick versoecke het ue n vrendelijck ende staet maecken cas

447 2798 2285 121 het geen oorden en sile wesen gelijck het ue sijt meer dat het ffecs

443 2843 715 159 sal volgen soo blijve

1928 2890 459 138 19 Junij 1715

366 2946 752 163 Londen T: de dorpere

449 3002 2289 125 bij ue aengenaeme  court vinde staelen van reet in gecochte spains

482 3098 2256 118 laecken tot 15 ps die mij dienik redelijge wel voor de couleuren

474 3214 2268 113 te nwisen soo als men ne voor de nieeriste mode vraight gele

466 3284 2276 104 van de couleure van 4N7„9 en N14 tot de 24 p le supple

452 3382 2292 134 ende die dan in 2 baelen te packen en te famen in s poete bae

466 3449 2242 145 te voegen al ordenair die p le te occisie vor rosterdam

438 3555 2303 128 met een goet schipper en goet somp of te senegien inson naet

447 3628 2283 137 godts bedengende de vracht ende maeckende het connosse

469 3707 2261 139 ment a ue ordre die ue dan aen mij gelieve te ende

2787 99 2310 111 seeren ica betrouuwe dat de qherbetijs goet sal res en

2790 205 2246 77 ende aevnttieur voorheennen prrgs daer me

2772 281 2349 119 alle occasiet verse seer geleve op te letter

2788 392 2329 139 want daer uijnige of by ner geene en gelse

2801 470 2259 151 kens meer te vercoopen om dat de ervere

2805 551 2305 166 et et goet fijne van woll ondraet de engelsche

2800 691 2332 158 te boven gaen en soo laege prijs vercocht worde

2834 766 2320 215 bueet tot N16 e vlaerns de engelsete van tk

2830 902 2311 134 713 en hebbe daer geen copye bij p naeste

2813 998 2317 199 post sal ue onfaillibeijck remitteeren waer

2789 1126 1535 186 moght staet maecken en dat blijve

4270 1229 623 138 21 Juny 1715

2752 1243 908 181 souray Anselme dheu

3680 1247 326 161 doravelle

2829 1277 2320 229 je ne e puis magrue la dison v q ne me reponde

2829 1416 2320 141 et ne satisfasse a mis juste demande elns faut une soure

2818 1520 2319 143 p entrefener nre commisce et largent est rare p vous

2836 1588 2314 151 iependant al me faut soing pr faire les remis es pescessayte

2821 1661 2329 160 en temps il me semble que n'avezlieu de vs plaindre da

2811 1743 2350 149 moy car parsonne au monde n'e puis avoir plus avoz

2817 1839 2326 145 de consideration qui jay naytes & tous jous prr vre regad

2818 1904 2343 201 je vs prie done choor une fois de le touloir considerer

2827 2012 2314 137 et me soulager de quelq those a bon comte ce jahandre

2824 2093 2248 181 dont en reponce de cette vs assurant que je ne reeu

2840 2166 2304 181 ne  c quend'il sera possible q d'entretener nre

2821 2291 2324 151 comspondence et connoissence ayant les plu beau lesvos

2809 2392 2284 144 timent de marchandise d'angeferre q lon puis voir

4366 2496 578 147 21 ien 1715

2828 2503 820 144 ia vre service et fite

2793 2583 861 170 tour naij J:f stevenaets

2809 2642 2296 179 du plus ma derniere de 15 mors je me troeve sans aueune

2803 2721 2318 170 de chere vre beaucoup amis de vos cartiere me vinet

2819 2804 2320 192 voir jespere q vs feray de mesme en gieu je sacke

2822 2881 2327 172 passortir bien et jay partie de belle marchandises en che

2826 3034 2261 110 min et come il me faut du sond je prend la liberte vs

2811 3084 2326 152 prier a me vouloir remettre quil q shose et ledire de ma

2818 3188 1986 149 parte a madi malines a qui je suis com a vos v: :

4123 3260 909 165 Ady 24 junii 1715

2756 3269 1224 150 Amsterdam franc Rousseau

2787 3359 2285 172 ue aengenaeme 17 en 20 deser sijn mij welgeworden

2766 3501 2247 124 het briefie op justus & driaentens wort mij versocht ue

2787 3569 2351 134 noch eerst af te senden bidde de goetheydt thebben dat

2775 3688 2284 113 i noch eens te presepteeren bedancke ue voor de

2793 3785 2107 74 versorghde acceptaties en blijve van ertese
