<?xml version="1.0" encoding="UTF-8"?>
<alto xmlns:xsi="http://www.w3.org/2001/XMLSchema-instance"
      xmlns="http://www.loc.gov/standards/alto/ns-v4#"
      xmlns:page="http://schema.primaresearch.org/PAGE/gts/pagecontent/2013-07-15"
      xsi:schemaLocation="http://www.loc.gov/standards/alto/ns-v4# https://www.loc.gov/standards/alto/v4/alto.xsd">
   <Description>
      <MeasurementUnit>pixel</MeasurementUnit>
      <OCRProcessing ID="IdOcr">
         <ocrProcessingStep>
            <processingDateTime>2022-02-11T21:33:00.231+01:00</processingDateTime>
            <processingSoftware>
               <softwareCreator>READ COOP</softwareCreator>
               <softwareName>Transkribus</softwareName>
            </processingSoftware>
         </ocrProcessingStep>
      </OCRProcessing>
   </Description>
   <Layout>
      <Page ID="Page1" PHYSICAL_IMG_NR="1" HEIGHT="4009" WIDTH="5042">
         <TopMargin HEIGHT="0" WIDTH="5042" VPOS="0" HPOS="0"/>
         <LeftMargin HEIGHT="4009" WIDTH="0" VPOS="0" HPOS="0"/>
         <RightMargin HEIGHT="4009" WIDTH="0" VPOS="0" HPOS="5042"/>
         <BottomMargin HEIGHT="0" WIDTH="5042" VPOS="4009" HPOS="0"/>
         <PrintSpace HEIGHT="4009" WIDTH="5042" VPOS="0" HPOS="0">
            <TextBlock ID="region_1637768025434_862"
                       HEIGHT="3670"
                       WIDTH="2322"
                       VPOS="83"
                       HPOS="211">
               <Shape>
                  <Polygon POINTS="211,83 2533,83 2533,3753 211,3753"/>
               </Shape>
               <TextLine ID="region_1637768025434_862l1"
                         BASELINE="362,222 468,220 574,218 681,216 787,214 894,214 1000,212 1106,212 1213,212 1319,212 1426,212 1532,212 1638,212 1745,212 1851,212 1958,210 2064,210 2170,208 2277,206 2383,204 2490,202"
                         HEIGHT="135"
                         WIDTH="2157"
                         VPOS="117"
                         HPOS="348">
                  <String ID="string_region_1637768025434_862l1"
                          HEIGHT="135"
                          WIDTH="2157"
                          VPOS="117"
                          HPOS="348"
                          CONTENT="met eenen brief te vinden geweest wordende die en"/>
               </TextLine>
               <TextLine ID="region_1637768025434_862l2"
                         BASELINE="396,312 500,312 604,310 708,310 812,308 916,306 1020,305 1124,304 1228,302 1332,300 1437,298 1541,296 1645,294 1749,292 1853,292 1957,290 2061,288 2165,288 2269,286 2373,286 2478,286"
                         HEIGHT="146"
                         WIDTH="2113"
                         VPOS="208"
                         HPOS="380">
                  <String ID="string_region_1637768025434_862l2"
                          HEIGHT="146"
                          WIDTH="2113"
                          VPOS="208"
                          HPOS="380"
                          CONTENT="oock op andere quaerteerek alle naer cotij gesonden"/>
               </TextLine>
               <TextLine ID="region_1637768025434_862l3"
                         BASELINE="382,432 481,428 581,425 681,421 781,418 881,414 980,412 1080,410 1180,406 1280,404 1380,402 1479,399 1579,396 1679,394 1779,392 1879,390 1978,388 2078,386 2178,385 2278,384 2378,382"
                         HEIGHT="189"
                         WIDTH="2027"
                         VPOS="300"
                         HPOS="367">
                  <String ID="string_region_1637768025434_862l3"
                          HEIGHT="189"
                          WIDTH="2027"
                          VPOS="300"
                          HPOS="367"
                          CONTENT="om dat beeter rece geven sijnde verlooren moeyte "/>
               </TextLine>
               <TextLine ID="region_1637768025434_862l4"
                         BASELINE="392,534 493,530 594,526 696,522 797,518 899,516 1000,512 1101,510 1203,507 1304,504 1406,502 1507,500 1608,498 1710,496 1811,494 1913,493 2014,491 2115,490 2217,488 2318,486 2420,486"
                         HEIGHT="214"
                         WIDTH="2055"
                         VPOS="388"
                         HPOS="377">
                  <String ID="string_region_1637768025434_862l4"
                          HEIGHT="214"
                          WIDTH="2055"
                          VPOS="388"
                          HPOS="377"
                          CONTENT="speculatie te maecken om ue van soo daenigere "/>
               </TextLine>
               <TextLine ID="region_1637768025434_862l5"
                         BASELINE="412,652 512,643 612,634 712,628 813,622 913,618 1013,614 1114,612 1214,610 1314,608 1415,606 1515,606 1615,604 1715,604 1816,602 1916,602 2016,600 2117,598 2217,595 2317,592 2418,586"
                         HEIGHT="180"
                         WIDTH="2036"
                         VPOS="498"
                         HPOS="397">
                  <String ID="string_region_1637768025434_862l5"
                          HEIGHT="180"
                          WIDTH="2036"
                          VPOS="498"
                          HPOS="397"
                          CONTENT="touren te fourneeren alles is present joo un gract "/>
               </TextLine>
               <TextLine ID="region_1637768025434_862l6"
                         BASELINE="392,756 491,750 590,744 689,740 788,736 887,732 986,728 1085,725 1184,722 1283,719 1383,716 1482,714 1581,711 1680,708 1779,705 1878,702 1977,699 2076,696 2175,692 2274,688 2374,684"
                         HEIGHT="212"
                         WIDTH="2011"
                         VPOS="593"
                         HPOS="375">
                  <String ID="string_region_1637768025434_862l6"
                          HEIGHT="212"
                          WIDTH="2011"
                          VPOS="593"
                          HPOS="375"
                          CONTENT="en verdraegt dat het met den liucke moet getreff"/>
               </TextLine>
               <TextLine ID="region_1637768025434_862l7"
                         BASELINE="392,856 492,851 593,845 694,840 795,836 896,832 997,828 1098,825 1199,822 1300,820 1401,818 1501,816 1602,814 1703,812 1804,812 1905,810 2006,810 2107,808 2208,808 2309,808 2410,806"
                         HEIGHT="213"
                         WIDTH="2047"
                         VPOS="708"
                         HPOS="376">
                  <String ID="string_region_1637768025434_862l7"
                          HEIGHT="213"
                          WIDTH="2047"
                          VPOS="708"
                          HPOS="376"
                          CONTENT="worden oft men vint sich in alle sjne speccuatie "/>
               </TextLine>
               <TextLine ID="region_1637768025434_862l8"
                         BASELINE="422,970 522,963 623,957 724,951 825,944 926,939 1026,934 1127,930 1228,925 1329,921 1430,918 1530,914 1631,912 1732,910 1833,909 1934,908 2034,908 2135,908 2236,908 2337,908 2438,910"
                         HEIGHT="195"
                         WIDTH="2046"
                         VPOS="820"
                         HPOS="407">
                  <String ID="string_region_1637768025434_862l8"
                          HEIGHT="195"
                          WIDTH="2046"
                          VPOS="820"
                          HPOS="407"
                          CONTENT="bedroghen aengaende de spetien en sal mij noegt"/>
               </TextLine>
               <TextLine ID="region_1637768025434_862l9"
                         BASELINE="436,1086 536,1079 637,1072 738,1065 838,1060 939,1054 1040,1049 1140,1044 1241,1038 1342,1034 1443,1030 1543,1026 1644,1022 1745,1019 1845,1016 1946,1014 2047,1014 2147,1012 2248,1012 2349,1012 2450,1012"
                         HEIGHT="184"
                         WIDTH="2048"
                         VPOS="912"
                         HPOS="417">
                  <String ID="string_region_1637768025434_862l9"
                          HEIGHT="184"
                          WIDTH="2048"
                          VPOS="912"
                          HPOS="417"
                          CONTENT="laeren maviceelen als ue meermaels hebben geschreven"/>
               </TextLine>
               <TextLine ID="region_1637768025434_862l10"
                         BASELINE="436,1180 533,1174 630,1169 727,1164 824,1158 921,1154 1018,1150 1115,1146 1212,1142 1309,1138 1407,1136 1504,1134 1601,1131 1698,1129 1795,1127 1892,1126 1989,1124 2086,1124 2183,1124 2280,1124 2378,1124"
                         HEIGHT="191"
                         WIDTH="1972"
                         VPOS="1040"
                         HPOS="420">
                  <String ID="string_region_1637768025434_862l10"
                          HEIGHT="191"
                          WIDTH="1972"
                          VPOS="1040"
                          HPOS="420"
                          CONTENT="doch ue can wel afmeeten dat de silvere en andere"/>
               </TextLine>
               <TextLine ID="region_1637768025434_862l11"
                         BASELINE="460,1288 562,1284 664,1280 766,1274 868,1268 971,1264 1073,1259 1175,1253 1277,1248 1379,1244 1482,1240 1584,1236 1686,1232 1788,1230 1890,1230 1993,1230 2095,1230 2197,1232 2299,1237 2401,1241 2504,1248"
                         HEIGHT="225"
                         WIDTH="2074"
                         VPOS="1121"
                         HPOS="445">
                  <String ID="string_region_1637768025434_862l11"
                          HEIGHT="225"
                          WIDTH="2074"
                          VPOS="1121"
                          HPOS="445"
                          CONTENT="sjn swaee tot den selfd en premis als de lichte goude"/>
               </TextLine>
               <TextLine ID="region_1637768025434_862l12"
                         BASELINE="458,1390 558,1390 658,1386 758,1384 859,1380 959,1375 1059,1370 1160,1365 1260,1360 1360,1355 1461,1350 1561,1346 1661,1342 1761,1338 1862,1336 1962,1336 2062,1336 2163,1338 2263,1341 2363,1346 2464,1352"
                         HEIGHT="163"
                         WIDTH="2037"
                         VPOS="1247"
                         HPOS="441">
                  <String ID="string_region_1637768025434_862l12"
                          HEIGHT="163"
                          WIDTH="2037"
                          VPOS="1247"
                          HPOS="441"
                          CONTENT="niet en connen aengenoemen worden ditto vrin"/>
               </TextLine>
               <TextLine ID="region_1637768025434_862l13"
                         BASELINE="458,1486 556,1484 655,1482 753,1479 852,1474 950,1471 1049,1468 1147,1462 1246,1458 1344,1454 1443,1449 1541,1446 1640,1443 1738,1440 1837,1438 1935,1438 2034,1438 2132,1440 2231,1442 2329,1448 2428,1454"
                         HEIGHT="168"
                         WIDTH="1999"
                         VPOS="1340"
                         HPOS="444">
                  <String ID="string_region_1637768025434_862l13"
                          HEIGHT="168"
                          WIDTH="1999"
                          VPOS="1340"
                          HPOS="444"
                          CONTENT="den hier daer mede bemoyende coemen meest maer"/>
               </TextLine>
               <TextLine ID="region_1637768025434_862l14"
                         BASELINE="470,1576 572,1574 674,1570 776,1568 878,1564 980,1560 1082,1557 1184,1554 1286,1550 1388,1548 1491,1545 1593,1542 1695,1540 1797,1538 1899,1538 2001,1538 2103,1538 2205,1538 2307,1540 2409,1543 2512,1546"
                         HEIGHT="212"
                         WIDTH="2070"
                         VPOS="1419"
                         HPOS="455">
                  <String ID="string_region_1637768025434_862l14"
                          HEIGHT="212"
                          WIDTH="2070"
                          VPOS="1419"
                          HPOS="455"
                          CONTENT="donderdaeghs in stat aenveerden al dat men begeert"/>
               </TextLine>
               <TextLine ID="region_1637768025434_862l15"
                         BASELINE="456,1684 552,1680 648,1676 744,1672 840,1668 936,1662 1032,1659 1128,1654 1224,1650 1320,1648 1417,1644 1513,1640 1609,1638 1705,1636 1801,1634 1897,1634 1993,1634 2089,1636 2185,1638 2281,1640 2378,1644"
                         HEIGHT="184"
                         WIDTH="1950"
                         VPOS="1539"
                         HPOS="441">
                  <String ID="string_region_1637768025434_862l15"
                          HEIGHT="184"
                          WIDTH="1950"
                          VPOS="1539"
                          HPOS="441"
                          CONTENT="maer dienen die eerst gesproecken heeft can ue "/>
               </TextLine>
               <TextLine ID="region_1637768025434_862l16"
                         BASELINE="462,1790 559,1786 656,1781 754,1777 851,1772 949,1768 1046,1763 1143,1758 1241,1754 1338,1750 1436,1744 1533,1742 1630,1738 1728,1735 1825,1732 1923,1730 2020,1729 2117,1728 2215,1728 2312,1730 2410,1732"
                         HEIGHT="178"
                         WIDTH="1981"
                         VPOS="1632"
                         HPOS="444">
                  <String ID="string_region_1637768025434_862l16"
                          HEIGHT="178"
                          WIDTH="1981"
                          VPOS="1632"
                          HPOS="444"
                          CONTENT="onder de 3 met trecken bidde niet naer te laeten"/>
               </TextLine>
               <TextLine ID="region_1637768025434_862l17"
                         BASELINE="454,1886 551,1886 648,1882 745,1880 842,1875 939,1871 1036,1866 1133,1861 1230,1855 1327,1849 1424,1844 1521,1840 1618,1834 1715,1830 1812,1828 1909,1826 2006,1824 2103,1824 2200,1826 2297,1829 2394,1834"
                         HEIGHT="218"
                         WIDTH="1972"
                         VPOS="1729"
                         HPOS="438">
                  <String ID="string_region_1637768025434_862l17"
                          HEIGHT="218"
                          WIDTH="1972"
                          VPOS="1729"
                          HPOS="438"
                          CONTENT="want ten sij ick ue gelemeteerde van 2 ¾ prt aen"/>
               </TextLine>
               <TextLine ID="region_1637768025434_862l18"
                         BASELINE="478,1990 575,1988 672,1983 770,1980 867,1974 965,1969 1062,1964 1159,1958 1257,1953 1354,1948 1452,1943 1549,1938 1646,1935 1744,1932 1841,1930 1939,1928 2036,1928 2133,1930 2231,1932 2328,1935 2426,1942"
                         HEIGHT="195"
                         WIDTH="1977"
                         VPOS="1858"
                         HPOS="462">
                  <String ID="string_region_1637768025434_862l18"
                          HEIGHT="195"
                          WIDTH="1977"
                          VPOS="1858"
                          HPOS="462"
                          CONTENT="treffen en sal niet afgeven ende in alle gevalle"/>
               </TextLine>
               <TextLine ID="region_1637768025434_862l19"
                         BASELINE="486,2096 584,2094 683,2090 782,2086 880,2082 979,2078 1078,2073 1176,2068 1275,2063 1374,2057 1473,2052 1571,2048 1670,2044 1769,2040 1867,2038 1966,2036 2065,2036 2163,2036 2262,2038 2361,2041 2460,2046"
                         HEIGHT="214"
                         WIDTH="2002"
                         VPOS="1956"
                         HPOS="471">
                  <String ID="string_region_1637768025434_862l19"
                          HEIGHT="214"
                          WIDTH="2002"
                          VPOS="1956"
                          HPOS="471"
                          CONTENT="af gevende soude mijne remise maer voor mijne reet"/>
               </TextLine>
               <TextLine ID="region_1637768025434_862l20"
                         BASELINE="502,2204 601,2204 701,2202 801,2198 901,2194 1001,2189 1101,2183 1201,2176 1301,2169 1401,2164 1501,2158 1600,2153 1700,2148 1800,2146 1900,2144 2000,2145 2100,2147 2200,2152 2300,2160 2400,2168 2500,2182"
                         HEIGHT="199"
                         WIDTH="2027"
                         VPOS="2067"
                         HPOS="487">
                  <String ID="string_region_1637768025434_862l20"
                          HEIGHT="199"
                          WIDTH="2027"
                          VPOS="2067"
                          HPOS="487"
                          CONTENT="connen blijven daer ue mij dan voor retouren op tijt"/>
               </TextLine>
               <TextLine ID="region_1637768025434_862l21"
                         BASELINE="514,2314 609,2312 705,2308 800,2304 896,2300 992,2295 1087,2290 1183,2286 1278,2282 1374,2277 1470,2272 1565,2270 1661,2266 1756,2264 1852,2264 1948,2264 2043,2264 2139,2266 2234,2270 2330,2275 2426,2282"
                         HEIGHT="204"
                         WIDTH="1941"
                         VPOS="2153"
                         HPOS="498">
                  <String ID="string_region_1637768025434_862l21"
                          HEIGHT="204"
                          WIDTH="1941"
                          VPOS="2153"
                          HPOS="498"
                          CONTENT="soude connen senden en trachten ten beste mooge"/>
               </TextLine>
               <TextLine ID="region_1637768025434_862l22"
                         BASELINE="466,2422 562,2420 658,2415 754,2410 851,2406 947,2402 1043,2396 1140,2390 1236,2385 1332,2380 1429,2376 1525,2371 1621,2368 1717,2365 1814,2364 1910,2362 2006,2364 2103,2366 2199,2368 2295,2373 2392,2380"
                         HEIGHT="213"
                         WIDTH="1954"
                         VPOS="2269"
                         HPOS="452">
                  <String ID="string_region_1637768025434_862l22"
                          HEIGHT="213"
                          WIDTH="1954"
                          VPOS="2269"
                          HPOS="452"
                          CONTENT="lijck te salveeren met de laeste £500 die ue mij"/>
               </TextLine>
               <TextLine ID="region_1637768025434_862l23"
                         BASELINE="498,2524 592,2524 687,2520 782,2518 877,2514 972,2510 1066,2506 1161,2500 1256,2496 1351,2490 1446,2486 1540,2482 1635,2478 1730,2475 1825,2474 1920,2472 2014,2472 2109,2474 2204,2476 2299,2480 2394,2486"
                         HEIGHT="191"
                         WIDTH="1924"
                         VPOS="2365"
                         HPOS="483">
                  <String ID="string_region_1637768025434_862l23"
                          HEIGHT="191"
                          WIDTH="1924"
                          VPOS="2365"
                          HPOS="483"
                          CONTENT="remitteerde ben ct even malheureuse geweest soo"/>
               </TextLine>
               <TextLine ID="region_1637768025434_862l24"
                         BASELINE="502,2618 596,2616 691,2614 785,2610 880,2608 975,2605 1069,2602 1164,2598 1258,2596 1353,2594 1448,2591 1542,2588 1637,2588 1731,2586 1826,2586 1921,2586 2015,2586 2110,2588 2204,2590 2299,2594 2394,2598"
                         HEIGHT="143"
                         WIDTH="1918"
                         VPOS="2485"
                         HPOS="489">
                  <String ID="string_region_1637768025434_862l24"
                          HEIGHT="143"
                          WIDTH="1918"
                          VPOS="2485"
                          HPOS="489"
                          CONTENT="als ue bekent is daer moete ick mede patientie"/>
               </TextLine>
               <TextLine ID="region_1637768025434_862l25"
                         BASELINE="486,2726 581,2722 676,2717 772,2712 867,2708 963,2702 1058,2699 1153,2694 1249,2690 1344,2687 1440,2684 1535,2682 1630,2680 1726,2680 1821,2679 1917,2680 2012,2682 2107,2685 2203,2689 2298,2695 2394,2702"
                         HEIGHT="141"
                         WIDTH="1937"
                         VPOS="2619"
                         HPOS="470">
                  <String ID="string_region_1637768025434_862l25"
                          HEIGHT="141"
                          WIDTH="1937"
                          VPOS="2619"
                          HPOS="470"
                          CONTENT="hebben want op voorsieninge en can men niet ne"/>
               </TextLine>
               <TextLine ID="region_1637768025434_862l26"
                         BASELINE="334,2844 393,2837 452,2828 511,2822 570,2818 629,2813 688,2810 747,2808 806,2806 865,2804 924,2804 983,2802 1042,2802 1101,2800 1160,2800 1219,2798 1278,2797 1337,2794 1396,2792 1455,2786 1514,2782"
                         HEIGHT="192"
                         WIDTH="1214"
                         VPOS="2692"
                         HPOS="315">
                  <String ID="string_region_1637768025434_862l26"
                          HEIGHT="192"
                          WIDTH="1214"
                          VPOS="2692"
                          HPOS="315"
                          CONTENT="E goteerers blijve van herten "/>
               </TextLine>
               <TextLine ID="region_1637768025434_862l27"
                         BASELINE="348,2916 452,2912 556,2908 660,2904 764,2901 868,2898 972,2896 1076,2894 1180,2894 1284,2894 1388,2894 1492,2894 1596,2894 1700,2895 1804,2896 1908,2898 2012,2900 2116,2902 2220,2904 2324,2906 2428,2908"
                         HEIGHT="219"
                         WIDTH="2108"
                         VPOS="2753"
                         HPOS="333">
                  <String ID="string_region_1637768025434_862l27"
                          HEIGHT="219"
                          WIDTH="2108"
                          VPOS="2753"
                          HPOS="333"
                          CONTENT="niettegenstaende van costij 2 saf coeurt soo heeft "/>
               </TextLine>
               <TextLine ID="region_1637768025434_862l28"
                         BASELINE="368,3020 473,3018 579,3014 685,3012 790,3008 896,3006 1002,3004 1107,3002 1213,3000 1319,2998 1425,2998 1530,2996 1636,2996 1742,2996 1847,2996 1953,2996 2059,2998 2164,2998 2270,3000 2376,3004 2482,3006"
                         HEIGHT="167"
                         WIDTH="2141"
                         VPOS="2891"
                         HPOS="354">
                  <String ID="string_region_1637768025434_862l28"
                          HEIGHT="167"
                          WIDTH="2141"
                          VPOS="2891"
                          HPOS="354"
                          CONTENT="men op voeraet voor de heyligh daeghen weyenich"/>
               </TextLine>
               <TextLine ID="region_1637768025434_862l29"
                         BASELINE="344,3124 449,3120 555,3116 661,3114 767,3110 873,3108 979,3106 1085,3104 1191,3104 1297,3102 1403,3101 1508,3100 1614,3100 1720,3100 1826,3100 1932,3100 2038,3100 2144,3098 2250,3098 2356,3098 2462,3098"
                         HEIGHT="133"
                         WIDTH="2146"
                         VPOS="3001"
                         HPOS="329">
                  <String ID="string_region_1637768025434_862l29"
                          HEIGHT="133"
                          WIDTH="2146"
                          VPOS="3001"
                          HPOS="329"
                          CONTENT="oft geen hampier gerescontreert onde het cn "/>
               </TextLine>
               <TextLine ID="region_1637768025434_862l30"
                         BASELINE="348,3234 452,3228 556,3222 660,3216 765,3212 869,3208 973,3205 1078,3201 1182,3199 1286,3196 1391,3194 1495,3194 1599,3192 1703,3192 1808,3190 1912,3190 2016,3190 2121,3190 2225,3192 2329,3192 2434,3194"
                         HEIGHT="111"
                         WIDTH="2115"
                         VPOS="3142"
                         HPOS="332">
                  <String ID="string_region_1637768025434_862l30"
                          HEIGHT="111"
                          WIDTH="2115"
                          VPOS="3142"
                          HPOS="332"
                          CONTENT="datterfgedaen is tot 3 ¾ pisere soo dat mijn stellen"/>
               </TextLine>
               <TextLine ID="region_1637768025434_862l31"
                         BASELINE="376,3348 475,3341 575,3334 674,3327 774,3322 873,3316 973,3313 1072,3308 1172,3306 1271,3302 1371,3300 1470,3298 1570,3298 1669,3296 1769,3296 1868,3294 1968,3294 2067,3294 2167,3294 2266,3294 2366,3294"
                         HEIGHT="197"
                         WIDTH="2018"
                         VPOS="3182"
                         HPOS="362">
                  <String ID="string_region_1637768025434_862l31"
                          HEIGHT="197"
                          WIDTH="2018"
                          VPOS="3182"
                          HPOS="362"
                          CONTENT="niet ongetondeert is. det ue soude gelieven te "/>
               </TextLine>
               <TextLine ID="region_1637768025434_862l32"
                         BASELINE="374,3454 467,3445 561,3437 655,3432 748,3425 842,3420 936,3417 1029,3412 1123,3410 1217,3408 1311,3406 1404,3406 1498,3404 1592,3404 1685,3404 1779,3404 1873,3404 1966,3404 2060,3404 2154,3402 2248,3402"
                         HEIGHT="186"
                         WIDTH="1901"
                         VPOS="3305"
                         HPOS="359">
                  <String ID="string_region_1637768025434_862l32"
                          HEIGHT="186"
                          WIDTH="1901"
                          VPOS="3305"
                          HPOS="359"
                          CONTENT="treckent in gevalle onder de 3 prete sulckx"/>
               </TextLine>
               <TextLine ID="region_1637768025434_862l33"
                         BASELINE="374,3546 476,3540 579,3536 682,3532 784,3528 887,3526 990,3524 1092,3522 1195,3520 1298,3520 1401,3518 1503,3518 1606,3518 1709,3518 1811,3518 1914,3516 2017,3516 2119,3516 2222,3516 2325,3514 2428,3514"
                         HEIGHT="196"
                         WIDTH="2084"
                         VPOS="3400"
                         HPOS="358">
                  <String ID="string_region_1637768025434_862l33"
                          HEIGHT="196"
                          WIDTH="2084"
                          VPOS="3400"
                          HPOS="358"
                          CONTENT="doendelijck is van int doorgaens witter hooger"/>
               </TextLine>
               <TextLine ID="region_1637768025434_862l34"
                         BASELINE="386,3656 457,3649 529,3644 600,3638 672,3634 743,3630 815,3628 886,3626 958,3625 1029,3624 1101,3622 1172,3622 1244,3622 1315,3620 1387,3620 1458,3618 1530,3618 1601,3616 1673,3614 1744,3611 1816,3608"
                         HEIGHT="158"
                         WIDTH="1461"
                         VPOS="3538"
                         HPOS="369">
                  <String ID="string_region_1637768025434_862l34"
                          HEIGHT="158"
                          WIDTH="1461"
                          VPOS="3538"
                          HPOS="369"
                          CONTENT="atgegeven als de wissel afeveent"/>
               </TextLine>
            </TextBlock>
            <TextBlock ID="region_1637768030265_865"
                       HEIGHT="3788"
                       WIDTH="2368"
                       VPOS="73"
                       HPOS="2590">
               <Shape>
                  <Polygon POINTS="2590,73 4958,73 4958,3861 2590,3861"/>
               </Shape>
               <TextLine ID="region_1637768030265_865l1"
                         BASELINE="4068,184 4093,182 4119,181 4145,180 4170,179 4196,178 4222,178 4247,178 4273,178 4299,178 4324,178 4350,178 4376,178 4401,178 4427,178 4453,180 4478,180 4504,180 4530,180 4556,182"
                         HEIGHT="110"
                         WIDTH="517"
                         VPOS="127"
                         HPOS="4053">
                  <String ID="string_region_1637768030265_865l1"
                          HEIGHT="110"
                          WIDTH="517"
                          VPOS="127"
                          HPOS="4053"
                          CONTENT="23 maij 1714"/>
               </TextLine>
               <TextLine ID="region_1637768030265_865l2"
                         BASELINE="2656,204 2685,203 2714,202 2743,200 2772,200 2801,198 2830,198 2859,198 2888,198 2917,198 2947,198 2976,198 3005,198 3034,198 3063,196 3092,196 3121,196 3150,196 3179,195 3208,194 3238,194"
                         HEIGHT="174"
                         WIDTH="611"
                         VPOS="105"
                         HPOS="2641">
                  <String ID="string_region_1637768030265_865l2"
                          HEIGHT="174"
                          WIDTH="611"
                          VPOS="105"
                          HPOS="2641"
                          CONTENT="Leeds J. Ibbettson"/>
               </TextLine>
               <TextLine ID="region_1637768030265_865l3"
                         BASELINE="2792,314 2895,309 2999,306 3103,304 3207,302 3311,302 3415,300 3519,300 3623,302 3727,302 3831,302 3934,304 4038,304 4142,304 4246,306 4350,304 4454,304 4558,303 4662,302 4766,298 4870,294"
                         HEIGHT="154"
                         WIDTH="2105"
                         VPOS="227"
                         HPOS="2779">
                  <String ID="string_region_1637768030265_865l3"
                          HEIGHT="154"
                          WIDTH="2105"
                          VPOS="227"
                          HPOS="2779"
                          CONTENT="Ick hebbe naer dat ue in den jaere 1711 hier te landen"/>
               </TextLine>
               <TextLine ID="region_1637768030265_865l4"
                         BASELINE="2782,424 2888,418 2994,414 3100,409 3206,406 3312,403 3418,402 3524,400 3630,398 3736,398 3842,398 3948,398 4054,398 4160,398 4266,398 4372,398 4478,398 4584,398 4690,398 4796,396 4902,394"
                         HEIGHT="155"
                         WIDTH="2146"
                         VPOS="307"
                         HPOS="2769">
                  <String ID="string_region_1637768030265_865l4"
                          HEIGHT="155"
                          WIDTH="2146"
                          VPOS="307"
                          HPOS="2769"
                          CONTENT="hadde geweestn van ue breven ontfangen de nden die"/>
               </TextLine>
               <TextLine ID="region_1637768030265_865l5"
                         BASELINE="2778,526 2884,518 2990,511 3097,504 3203,500 3310,496 3416,493 3522,490 3629,490 3735,488 3842,488 3948,488 4054,488 4161,488 4267,488 4374,490 4480,490 4586,490 4693,488 4799,488 4906,486"
                         HEIGHT="152"
                         WIDTH="2157"
                         VPOS="397"
                         HPOS="2763">
                  <String ID="string_region_1637768030265_865l5"
                          HEIGHT="152"
                          WIDTH="2157"
                          VPOS="397"
                          HPOS="2763"
                          CONTENT="niet en hebbe beantwoort conde ue wel considereeren "/>
               </TextLine>
               <TextLine ID="region_1637768030265_865l6"
                         BASELINE="2788,628 2893,620 2998,611 3103,606 3209,600 3314,596 3419,592 3525,590 3630,588 3735,586 3841,586 3946,586 4051,586 4156,588 4262,588 4367,590 4472,590 4578,590 4683,592 4788,592 4894,592"
                         HEIGHT="132"
                         WIDTH="2134"
                         VPOS="505"
                         HPOS="2774">
                  <String ID="string_region_1637768030265_865l6"
                          HEIGHT="132"
                          WIDTH="2134"
                          VPOS="505"
                          HPOS="2774"
                          CONTENT="dat het was om ue met geen porten van breeven "/>
               </TextLine>
               <TextLine ID="region_1637768030265_865l7"
                         BASELINE="2790,728 2897,722 3004,717 3111,712 3218,708 3326,706 3433,702 3540,700 3647,698 3754,696 3862,696 3969,694 4076,694 4183,694 4290,694 4398,694 4505,696 4612,698 4719,699 4826,701 4934,702"
                         HEIGHT="195"
                         WIDTH="2175"
                         VPOS="581"
                         HPOS="2775">
                  <String ID="string_region_1637768030265_865l7"
                          HEIGHT="195"
                          WIDTH="2175"
                          VPOS="581"
                          HPOS="2775"
                          CONTENT="mal appropos te chargeeren alsoo niets vooren"/>
               </TextLine>
               <TextLine ID="region_1637768030265_865l8"
                         BASELINE="2794,818 2899,818 3004,818 3110,818 3215,816 3321,815 3426,812 3531,810 3637,808 3742,804 3848,802 3953,800 4058,798 4164,796 4269,795 4375,794 4480,795 4585,796 4691,799 4796,802 4902,808"
                         HEIGHT="188"
                         WIDTH="2136"
                         VPOS="698"
                         HPOS="2780">
                  <String ID="string_region_1637768030265_865l8"
                          HEIGHT="188"
                          WIDTH="2136"
                          VPOS="698"
                          HPOS="2780"
                          CONTENT="viel daer ue mij in soude connen dienen ende "/>
               </TextLine>
               <TextLine ID="region_1637768030265_865l9"
                         BASELINE="2806,910 2910,912 3015,912 3119,912 3224,910 3329,909 3433,908 3538,906 3642,904 3747,902 3852,900 3956,898 4061,896 4165,896 4270,894 4375,894 4479,894 4584,896 4688,898 4793,900 4898,904"
                         HEIGHT="140"
                         WIDTH="2118"
                         VPOS="798"
                         HPOS="2792">
                  <String ID="string_region_1637768030265_865l9"
                          HEIGHT="140"
                          WIDTH="2118"
                          VPOS="798"
                          HPOS="2792"
                          CONTENT="de nepotie noch al shechter wesende en doen ick "/>
               </TextLine>
               <TextLine ID="region_1637768030265_865l10"
                         BASELINE="2790,1016 2897,1020 3004,1020 3112,1022 3219,1020 3327,1020 3434,1018 3541,1016 3649,1014 3756,1012 3864,1008 3971,1006 4078,1004 4186,1000 4293,1000 4401,998 4508,996 4615,996 4723,998 4830,1000 4938,1002"
                         HEIGHT="124"
                         WIDTH="2177"
                         VPOS="910"
                         HPOS="2776">
                  <String ID="string_region_1637768030265_865l10"
                          HEIGHT="124"
                          WIDTH="2177"
                          VPOS="910"
                          HPOS="2776"
                          CONTENT="niet met allen hebbende dit gants jaer nochnie"/>
               </TextLine>
               <TextLine ID="region_1637768030265_865l11"
                         BASELINE="2798,1116 2902,1116 3007,1118 3111,1117 3216,1116 3320,1114 3425,1114 3529,1110 3634,1108 3738,1106 3843,1103 3947,1100 4052,1098 4156,1096 4261,1093 4365,1090 4470,1090 4574,1088 4679,1088 4783,1088 4888,1088"
                         HEIGHT="177"
                         WIDTH="2116"
                         VPOS="1009"
                         HPOS="2785">
                  <String ID="string_region_1637768030265_865l11"
                          HEIGHT="177"
                          WIDTH="2116"
                          VPOS="1009"
                          HPOS="2785"
                          CONTENT="een eenigh stuck goets van Engelant gecregen "/>
               </TextLine>
               <TextLine ID="region_1637768030265_865l12"
                         BASELINE="2782,1216 2888,1218 2995,1219 3102,1220 3209,1218 3316,1218 3423,1216 3530,1214 3637,1212 3744,1210 3851,1208 3957,1206 4064,1204 4171,1202 4278,1200 4385,1198 4492,1196 4599,1196 4706,1196 4813,1196 4920,1198"
                         HEIGHT="195"
                         WIDTH="2166"
                         VPOS="1093"
                         HPOS="2768">
                  <String ID="string_region_1637768030265_865l12"
                          HEIGHT="195"
                          WIDTH="2166"
                          VPOS="1093"
                          HPOS="2768"
                          CONTENT="ende dat magh ue infinceretijt gelooven soo dat "/>
               </TextLine>
               <TextLine ID="region_1637768030265_865l13"
                         BASELINE="2782,1314 2888,1314 2995,1312 3101,1312 3208,1311 3315,1310 3421,1310 3528,1308 3634,1307 3741,1306 3848,1306 3954,1304 4061,1303 4167,1302 4274,1301 4381,1300 4487,1300 4594,1298 4700,1298 4807,1296 4914,1296"
                         HEIGHT="148"
                         WIDTH="2161"
                         VPOS="1216"
                         HPOS="2768">
                  <String ID="string_region_1637768030265_865l13"
                          HEIGHT="148"
                          WIDTH="2161"
                          VPOS="1216"
                          HPOS="2768"
                          CONTENT="ue bidde mij niet meer te schrijten gelijck ue noch"/>
               </TextLine>
               <TextLine ID="region_1637768030265_865l14"
                         BASELINE="2790,1426 2893,1422 2997,1418 3101,1416 3205,1414 3309,1412 3412,1410 3516,1408 3620,1408 3724,1408 3828,1408 3931,1406 4035,1406 4139,1406 4243,1406 4347,1404 4450,1404 4554,1402 4658,1400 4762,1398 4866,1396"
                         HEIGHT="157"
                         WIDTH="2102"
                         VPOS="1341"
                         HPOS="2777">
                  <String ID="string_region_1637768030265_865l14"
                          HEIGHT="157"
                          WIDTH="2102"
                          VPOS="1341"
                          HPOS="2777"
                          CONTENT="gedaen nu heeft met ue laesten in dato 12 deser"/>
               </TextLine>
               <TextLine ID="region_1637768030265_865l15"
                         BASELINE="2776,1544 2883,1536 2991,1528 3099,1522 3206,1519 3314,1514 3422,1512 3529,1509 3637,1507 3745,1506 3853,1504 3960,1504 4068,1502 4176,1502 4283,1502 4391,1500 4499,1500 4606,1499 4714,1498 4822,1495 4930,1492"
                         HEIGHT="185"
                         WIDTH="2181"
                         VPOS="1412"
                         HPOS="2762">
                  <String ID="string_region_1637768030265_865l15"
                          HEIGHT="185"
                          WIDTH="2181"
                          VPOS="1412"
                          HPOS="2762"
                          CONTENT="want het sijn mij oncosten mal a propos aenge"/>
               </TextLine>
               <TextLine ID="region_1637768030265_865l16"
                         BASELINE="2804,1662 2909,1655 3015,1648 3121,1642 3226,1637 3332,1634 3438,1629 3543,1626 3649,1624 3755,1622 3861,1620 3966,1618 4072,1618 4178,1616 4283,1616 4389,1614 4495,1614 4600,1614 4706,1612 4812,1612 4918,1610"
                         HEIGHT="202"
                         WIDTH="2144"
                         VPOS="1502"
                         HPOS="2788">
                  <String ID="string_region_1637768030265_865l16"
                          HEIGHT="202"
                          WIDTH="2144"
                          VPOS="1502"
                          HPOS="2788"
                          CONTENT="daen aengaende de oncosten op de packen N12a 15"/>
               </TextLine>
               <TextLine ID="region_1637768030265_865l17"
                         BASELINE="2792,1772 2897,1770 3003,1766 3109,1762 3214,1758 3320,1754 3426,1750 3531,1746 3637,1741 3743,1738 3849,1734 3954,1730 4060,1728 4166,1724 4271,1722 4377,1720 4483,1718 4588,1716 4694,1716 4800,1716 4906,1716"
                         HEIGHT="171"
                         WIDTH="2145"
                         VPOS="1618"
                         HPOS="2776">
                  <String ID="string_region_1637768030265_865l17"
                          HEIGHT="171"
                          WIDTH="2145"
                          VPOS="1618"
                          HPOS="2776"
                          CONTENT="daer ue door gaente van melt hebbe ick die aen "/>
               </TextLine>
               <TextLine ID="region_1637768030265_865l18"
                         BASELINE="2794,1892 2897,1887 3001,1882 3105,1877 3209,1872 3313,1868 3417,1863 3521,1858 3625,1854 3729,1848 3833,1844 3936,1840 4040,1836 4144,1832 4248,1830 4352,1828 4456,1825 4560,1824 4664,1822 4768,1822 4872,1824"
                         HEIGHT="217"
                         WIDTH="2110"
                         VPOS="1729"
                         HPOS="2778">
                  <String ID="string_region_1637768030265_865l18"
                          HEIGHT="217"
                          WIDTH="2110"
                          VPOS="1729"
                          HPOS="2778"
                          CONTENT="dht Jaques meyers goet gedaen ende ben daer soo"/>
               </TextLine>
               <TextLine ID="region_1637768030265_865l19"
                         BASELINE="2788,1992 2890,1992 2993,1988 3096,1986 3199,1983 3302,1980 3404,1976 3507,1974 3610,1970 3713,1966 3816,1962 3918,1960 4021,1956 4124,1952 4227,1950 4330,1946 4432,1944 4535,1942 4638,1940 4741,1940 4844,1940"
                         HEIGHT="196"
                         WIDTH="2084"
                         VPOS="1833"
                         HPOS="2774">
                  <String ID="string_region_1637768030265_865l19"
                          HEIGHT="196"
                          WIDTH="2084"
                          VPOS="1833"
                          HPOS="2774"
                          CONTENT="mede belast geweest heeft hij ue die nocheens "/>
               </TextLine>
               <TextLine ID="region_1637768030265_865l20"
                         BASELINE="2784,2102 2887,2102 2990,2100 3094,2097 3197,2094 3301,2090 3404,2086 3507,2083 3611,2079 3714,2074 3818,2070 3921,2066 4024,2063 4128,2060 4231,2056 4335,2054 4438,2052 4541,2052 4645,2052 4748,2052 4852,2054"
                         HEIGHT="175"
                         WIDTH="2099"
                         VPOS="1975"
                         HPOS="2768">
                  <String ID="string_region_1637768030265_865l20"
                          HEIGHT="175"
                          WIDTH="2099"
                          VPOS="1975"
                          HPOS="2768"
                          CONTENT="doen betaelen dat en is mijn faute niet hij moet"/>
               </TextLine>
               <TextLine ID="region_1637768030265_865l21"
                         BASELINE="3592,2128 3620,2128 3648,2128 3676,2128 3704,2128 3732,2128 3760,2128 3788,2128"
                         HEIGHT="80"
                         WIDTH="223"
                         VPOS="2074"
                         HPOS="3579">
                  <String ID="string_region_1637768030265_865l21"
                          HEIGHT="80"
                          WIDTH="223"
                          VPOS="2074"
                          HPOS="3579"
                          CONTENT="ende"/>
               </TextLine>
               <TextLine ID="region_1637768030265_865l22"
                         BASELINE="2774,2202 2878,2200 2983,2197 3087,2194 3192,2192 3297,2190 3401,2187 3506,2184 3610,2182 3715,2180 3820,2178 3924,2174 4029,2172 4133,2170 4238,2168 4343,2166 4447,2164 4552,2162 4656,2160 4761,2158 4866,2156"
                         HEIGHT="162"
                         WIDTH="2122"
                         VPOS="2066"
                         HPOS="2759">
                  <String ID="string_region_1637768030265_865l22"
                          HEIGHT="162"
                          WIDTH="2122"
                          VPOS="2066"
                          HPOS="2759"
                          CONTENT="ue die rembourseeren niet ick ue can hem daer"/>
               </TextLine>
               <TextLine ID="region_1637768030265_865l23"
                         BASELINE="2782,2292 2888,2290 2995,2286 3101,2284 3208,2280 3315,2276 3421,2274 3528,2270 3634,2268 3741,2264 3848,2262 3954,2260 4061,2258 4167,2257 4274,2256 4381,2256 4487,2256 4594,2258 4700,2260 4807,2263 4914,2266"
                         HEIGHT="141"
                         WIDTH="2161"
                         VPOS="2171"
                         HPOS="2768">
                  <String ID="string_region_1637768030265_865l23"
                          HEIGHT="141"
                          WIDTH="2161"
                          VPOS="2171"
                          HPOS="2768"
                          CONTENT="over schrijven dat hij ue reck naer iet in gevalle"/>
               </TextLine>
               <TextLine ID="region_1637768030265_865l24"
                         BASELINE="2772,2416 2878,2412 2984,2408 3090,2404 3196,2398 3302,2394 3408,2388 3514,2383 3620,2379 3726,2374 3833,2369 3939,2366 4045,2362 4151,2362 4257,2360 4363,2360 4469,2362 4575,2365 4681,2370 4787,2377 4894,2386"
                         HEIGHT="206"
                         WIDTH="2152"
                         VPOS="2264"
                         HPOS="2756">
                  <String ID="string_region_1637768030265_865l24"
                          HEIGHT="206"
                          WIDTH="2152"
                          VPOS="2264"
                          HPOS="2756"
                          CONTENT="hij met ue daer over gesorres pondeert heeft ende"/>
               </TextLine>
               <TextLine ID="region_1637768030265_865l25"
                         BASELINE="2792,2528 2897,2523 3002,2518 3107,2514 3212,2509 3317,2506 3422,2502 3527,2497 3632,2493 3737,2490 3842,2486 3947,2484 4052,2480 4157,2478 4262,2476 4367,2476 4472,2476 4577,2476 4682,2476 4787,2478 4892,2482"
                         HEIGHT="236"
                         WIDTH="2132"
                         VPOS="2361"
                         HPOS="2775">
                  <String ID="string_region_1637768030265_865l25"
                          HEIGHT="236"
                          WIDTH="2132"
                          VPOS="2361"
                          HPOS="2775"
                          CONTENT="dan oock de mijne en hij sal vinden dat hij mij daer"/>
               </TextLine>
               <TextLine ID="region_1637768030265_865l26"
                         BASELINE="2766,2624 2871,2622 2976,2620 3081,2618 3187,2616 3292,2614 3397,2612 3503,2612 3608,2610 3713,2609 3819,2608 3924,2606 4029,2606 4134,2604 4240,2604 4345,2602 4450,2600 4556,2598 4661,2596 4766,2594 4872,2592"
                         HEIGHT="206"
                         WIDTH="2135"
                         VPOS="2480"
                         HPOS="2751">
                  <String ID="string_region_1637768030265_865l26"
                          HEIGHT="206"
                          WIDTH="2135"
                          VPOS="2480"
                          HPOS="2751"
                          CONTENT="mede gechannert heeft en ick hem die hebbe goet "/>
               </TextLine>
               <TextLine ID="region_1637768030265_865l27"
                         BASELINE="2784,2736 2890,2731 2997,2726 3103,2722 3210,2720 3316,2716 3423,2714 3529,2712 3636,2712 3742,2710 3849,2710 3955,2710 4062,2710 4168,2710 4275,2710 4381,2710 4488,2711 4594,2712 4701,2712 4807,2712 4914,2712"
                         HEIGHT="209"
                         WIDTH="2157"
                         VPOS="2597"
                         HPOS="2771">
                  <String ID="string_region_1637768030265_865l27"
                          HEIGHT="209"
                          WIDTH="2157"
                          VPOS="2597"
                          HPOS="2771"
                          CONTENT="gedack dit s alles wet ick ue can seggen ick hebbe"/>
               </TextLine>
               <TextLine ID="region_1637768030265_865l28"
                         BASELINE="2792,2830 2894,2830 2996,2828 3098,2828 3201,2827 3303,2826 3405,2824 3508,2824 3610,2822 3712,2820 3815,2820 3917,2818 4019,2816 4121,2816 4224,2814 4326,2814 4428,2812 4531,2812 4633,2812 4735,2812 4838,2812"
                         HEIGHT="191"
                         WIDTH="2074"
                         VPOS="2706"
                         HPOS="2778">
                  <String ID="string_region_1637768030265_865l28"
                          HEIGHT="191"
                          WIDTH="2074"
                          VPOS="2706"
                          HPOS="2778"
                          CONTENT="ue imomers hier sijnde noch 6 gegeven ende ick "/>
               </TextLine>
               <TextLine ID="region_1637768030265_865l29"
                         BASELINE="2754,2946 2860,2944 2967,2942 3073,2939 3180,2936 3286,2934 3393,2932 3499,2929 3606,2926 3712,2924 3819,2922 3925,2920 4032,2918 4138,2918 4245,2916 4351,2916 4458,2914 4564,2914 4671,2916 4777,2916 4884,2918"
                         HEIGHT="137"
                         WIDTH="2159"
                         VPOS="2819"
                         HPOS="2738">
                  <String ID="string_region_1637768030265_865l29"
                          HEIGHT="137"
                          WIDTH="2159"
                          VPOS="2819"
                          HPOS="2738"
                          CONTENT="hebbe ue over en meer betaelt dan ick ue diende te"/>
               </TextLine>
               <TextLine ID="region_1637768030265_865l30"
                         BASELINE="2762,3052 2869,3052 2976,3052 3083,3050 3190,3048 3297,3044 3404,3042 3511,3038 3618,3034 3725,3030 3833,3027 3940,3024 4047,3022 4154,3020 4261,3018 4368,3018 4475,3018 4582,3020 4689,3024 4796,3028 4904,3034"
                         HEIGHT="202"
                         WIDTH="2168"
                         VPOS="2912"
                         HPOS="2747">
                  <String ID="string_region_1637768030265_865l30"
                          HEIGHT="202"
                          WIDTH="2168"
                          VPOS="2912"
                          HPOS="2747"
                          CONTENT="betaelen doch dat sal sick selve vinden ick en be"/>
               </TextLine>
               <TextLine ID="region_1637768030265_865l31"
                         BASELINE="2770,3146 2877,3148 2985,3148 3092,3148 3200,3148 3307,3146 3415,3144 3522,3142 3630,3138 3737,3136 3845,3133 3952,3130 4060,3128 4167,3126 4275,3124 4382,3124 4490,3124 4597,3125 4705,3127 4812,3130 4920,3136"
                         HEIGHT="193"
                         WIDTH="2177"
                         VPOS="3020"
                         HPOS="2757">
                  <String ID="string_region_1637768030265_865l31"
                          HEIGHT="193"
                          WIDTH="2177"
                          VPOS="3020"
                          HPOS="2757"
                          CONTENT="geeren niet een dieyt van mant in de gantsche we "/>
               </TextLine>
               <TextLine ID="region_1637768030265_865l32"
                         BASELINE="2766,3236 2872,3240 2978,3242 3084,3244 3190,3244 3297,3242 3403,3240 3509,3238 3615,3236 3721,3232 3828,3228 3934,3224 4040,3222 4146,3220 4252,3217 4359,3216 4465,3214 4571,3216 4677,3217 4783,3220 4890,3224"
                         HEIGHT="187"
                         WIDTH="2151"
                         VPOS="3126"
                         HPOS="2753">
                  <String ID="string_region_1637768030265_865l32"
                          HEIGHT="187"
                          WIDTH="2151"
                          VPOS="3126"
                          HPOS="2753"
                          CONTENT="gelt te besiften dat mij niet en soude toe coemen"/>
               </TextLine>
               <TextLine ID="region_1637768030265_865l33"
                         BASELINE="2766,3350 2873,3350 2980,3350 3088,3348 3195,3347 3303,3344 3410,3342 3517,3338 3625,3336 3732,3332 3840,3329 3947,3326 4054,3323 4162,3320 4269,3318 4377,3318 4484,3316 4591,3316 4699,3318 4806,3320 4914,3324"
                         HEIGHT="170"
                         WIDTH="2176"
                         VPOS="3222"
                         HPOS="2752">
                  <String ID="string_region_1637768030265_865l33"
                          HEIGHT="170"
                          WIDTH="2176"
                          VPOS="3222"
                          HPOS="2752"
                          CONTENT="en altijts paraet aen cen ider volle satisfactuer "/>
               </TextLine>
               <TextLine ID="region_1637768030265_865l34"
                         BASELINE="2774,3458 2880,3458 2986,3456 3093,3454 3199,3450 3306,3447 3412,3444 3518,3440 3625,3436 3731,3432 3838,3428 3944,3424 4050,3420 4157,3418 4263,3414 4370,3412 4476,3410 4582,3410 4689,3408 4795,3410 4902,3410"
                         HEIGHT="185"
                         WIDTH="2156"
                         VPOS="3315"
                         HPOS="2760">
                  <String ID="string_region_1637768030265_865l34"
                          HEIGHT="185"
                          WIDTH="2156"
                          VPOS="3315"
                          HPOS="2760"
                          CONTENT="genoegen te geven de negotie van engelsche mance"/>
               </TextLine>
               <TextLine ID="region_1637768030265_865l35"
                         BASELINE="2754,3570 2863,3566 2972,3561 3081,3556 3190,3552 3300,3546 3409,3542 3518,3536 3627,3531 3736,3528 3846,3522 3955,3518 4064,3514 4173,3512 4282,3509 4392,3507 4501,3506 4610,3504 4719,3504 4828,3504 4938,3506"
                         HEIGHT="216"
                         WIDTH="2215"
                         VPOS="3412"
                         HPOS="2738">
                  <String ID="string_region_1637768030265_865l35"
                          HEIGHT="216"
                          WIDTH="2215"
                          VPOS="3412"
                          HPOS="2738"
                          CONTENT="actiere nn dese landen is gantigescemeert ende dat "/>
               </TextLine>
               <TextLine ID="region_1637768030265_865l36"
                         BASELINE="2768,3668 2876,3662 2985,3657 3093,3651 3202,3645 3310,3640 3419,3634 3527,3628 3636,3624 3744,3618 3853,3614 3961,3610 4070,3606 4178,3602 4287,3598 4395,3596 4504,3594 4612,3592 4721,3592 4829,3592 4938,3592"
                         HEIGHT="154"
                         WIDTH="2196"
                         VPOS="3520"
                         HPOS="2752">
                  <String ID="string_region_1637768030265_865l36"
                          HEIGHT="154"
                          WIDTH="2196"
                          VPOS="3520"
                          HPOS="2752"
                          CONTENT="ick die conde staecken ick soude het met alle plaiser"/>
               </TextLine>
               <TextLine ID="region_1637768030265_865l37"
                         BASELINE="2770,3752 2877,3750 2984,3747 3091,3744 3198,3740 3305,3734 3412,3730 3519,3724 3626,3719 3733,3713 3841,3709 3948,3704 4055,3699 4162,3695 4269,3692 4376,3689 4483,3688 4590,3686 4697,3688 4804,3690 4912,3692"
                         HEIGHT="168"
                         WIDTH="2173"
                         VPOS="3597"
                         HPOS="2754">
                  <String ID="string_region_1637768030265_865l37"
                          HEIGHT="168"
                          WIDTH="2173"
                          VPOS="3597"
                          HPOS="2754"
                          CONTENT="doen valter iet voor dat is nu en dan een pax"/>
               </TextLine>
               <TextLine ID="region_1637768030265_865l38"
                         BASELINE="2748,3848 2858,3844 2968,3840 3078,3838 3188,3834 3298,3830 3408,3826 3518,3822 3628,3818 3738,3816 3848,3812 3958,3810 4068,3808 4178,3806 4288,3806 4398,3806 4508,3806 4618,3809 4728,3812 4838,3816 4948,3822"
                         HEIGHT="167"
                         WIDTH="2229"
                         VPOS="3702"
                         HPOS="2733">
                  <String ID="string_region_1637768030265_865l38"
                          HEIGHT="167"
                          WIDTH="2229"
                          VPOS="3702"
                          HPOS="2733"
                          CONTENT="dosijnteens en by mijn eers te ordres sal ue in dachti "/>
               </TextLine>
            </TextBlock>
         </PrintSpace>
      </Page>
   </Layout>
</alto>
