5197 3978
349 72 2176 248 Ghendt Jacobus Bast Ady 21 Antnl 1714

417 193 2080 204 desen alleen tot advies dat heden iun ue reche

428 334 2066 180 te betaelen eenen dagh sichte p asse aen

380 446 2171 223 d'ordre Dhr Nicola deu Bouss ƒ 1208:11½ wissalg

434 577 2077 194 waer van ue deere recommandeere en

384 701 2081 188 blijve naer minsaeme groetenisse als aen

377 862 943 222 de familie

246 942 2158 184 Leeds W. Cookson Ady 22 ditto 1712

376 1067 2088 224 J'ay a respondre les trois cheres vostres du 12

2249 1177 185 109 25

378 1218 2080 214 courant mois ie vois ue mes

412 1333 2174 180 remises vous laient bien parvenuces au ressuard

428 1442 2071 208 de  £200:- aencet et denve e m'est

410 1580 2167 222 pas ma faulte mais de mon Amit dterd

438 1696 2120 172 1'en ay este fache. vous ne scaurias croire

417 1794 2081 183 le mal que nous avons a remettre det que

414 1916 2116 246 preiudice e que le hanst change nous cause

447 2032 2075 219 ce n'est pas moy seul quil vous le dize

464 2148 2069 206 vous vous en assperievez si bien da

400 2279 2075 226 que de moy sans donsse i'ay receu le ballot

394 2386 2053 258 D N 2 ie trouve les draps chers et mal

423 2538 2115 233 appressees et particuliserement en ce ballot

405 2659 2164 191 14 est celluy la qui me plaise les moins en

386 2764 2127 234 qualite. ie vous prie davoir escuard a ce

382 2923 2182 141 que ie vous jarque aultrement. l me sera

373 2984 2203 208 impossible a vous en demander d'avannge

444 3140 1820 150 it vois que vous estres soing pour

2314 3229 162 100 2

396 3230 2017 171 accomplir mon ordre de nouveaux de

411 3372 2043 186 piesces. ie vous le recommandes du coeur

445 3468 2133 137 a fin que ie puis avoir lien d'en debiter dientost

423 3572 1981 160 et vous aurez tant plus de commissions

430 3689 2121 161 cay quant les draps ne reussissent pas bien

2720 72 2167 178 ie ne les peu vendre et ie n'ay pas le courage d'en

2719 161 2105 207 faire venir d'aultres. ie fault vous donner un

2743 327 2156 132 peu depatience le tempt et le commercce

2732 412 2041 153 sout miserables pr la grace de Dieu ce la le

2747 545 2027 141 remettere nons sommes bien pir que vous

2754 669 2044 164 sion vende pour peu de profit et bion est

2728 759 2128 197 presentement plus den fan en disbourle

2719 867 2150 213 avant d'avoy le remboursement. considerez

2745 1020 2074 110 comme si'on est miserable en ce pays. lun

2735 1124 2129 154 chacqun j'espere mieux pour l'asvenir en

2726 1198 2184 169 suf cepied entrete nir le negoce aultremant

2745 1363 2043 112 il n vant pas la pienne de senmeler

2725 1413 2006 200 car lionne gaigne pas l'intrest de son

2735 1567 2015 126 argent ddant ly a frequente occasion

2760 1654 2235 202 ie ne pouhaitte  iun ballotpp cohacque vaisseaux

2740 1812 2156 162 en cas de necessise vous en pourres envoyeer

2754 1887 1947 183 deux mais ie ne les veu pas tout trois

2750 1999 2201 148 ensemble voicy des eschantillions dont vous

2655 2152 2201 171 davez prendre resexn. ces sont les plus

2735 2234 2091 205 nouvelles couleures que s'on demande

2753 2349 2043 198 beauoup voicy p usence  £250::-

2759 2461 2068 216 sur uwener stockdale a l oredres dens

2730 2581 2225 204 peu de jours ie vous fourniray encor st ƒ200:-

2747 2698 1376 214 sur cela deme dit et suis

2751 2759 1902 236 i'ay es de draps a 23: bautse boue

2733 2954 2181 178 presentement  4 ala differe beaucoups

2654 3067 2286 185 Rotterdam wed John van derherdem Ady 23 Augh 7714

2741 3173 2201 185 het is mij van herten leet geweest te vernemen

2728 3305 2235 129 door ue geeerde van 21 julis laest het afsserven

2743 3399 2031 183 van Dr ue man. sjne doodt is my vre int

2750 3545 2218 137 voorse coemen heers waer dat ick hem p slot iets

2738 3602 2147 174 schiedigh ben gebleven en hebbe altijdts van

2759 3716 2167 115 intensie geweest met voorvallen de occasie die
