5483 3916
482 57 2143 163 te disponceren. ick en weete niet hoeick bij ue

480 168 2251 161 voor soodanighe soude connen passeeren want

461 256 2252 172 daer en is niet eenen mensch in te weeret die soude

465 364 2193 177 connen segghen hij van mij geldt op dbligatie oft

451 487 2199 186 posito is hebbende ick hebbbe het genoegh in mijne

448 573 2301 207 negotie noodigh. uyt mijne te laesten brief heeft ue

498 699 2190 177 wel gesien dat ick ue versochte opm eertigheel

446 838 2308 164 paxke te willen kieten ende dat daerom ue ordre

470 914 2275 150 soude af waghten alwoerens die te ompacken

462 1009 2287 153 ende de op te senden ende nu en antwoort ue

436 1108 2316 165 mij noopende het een nochte het ander soo dat

481 1238 2231 181 niet en weete wat doen bi de laekens sal ue

433 1341 2139 187 satisfait wesen ende gelieft ue all een de 5ps

476 1452 2252 174 tot een preuve laet het mij weeren ick sallu

467 1566 2219 183 csto afsenden welck verwaghtende blijve met

452 1673 758 189 Lincofiteydt

423 1780 2240 173 het om ue niet met schrijven te incommooeeren

507 1887 2131 144 ick sal woorssdaghs de 5p p. beurtschip aen ue

466 1984 2252 131 toesenden ten waere ile die niet en beliefde ende

502 2089 2246 141 den can ue mij maer morgen naert maer met den

492 2185 2166 178 post sulckx adverteeren die brief sal ick dan

527 2277 1638 174 voor roonsdagh shoenens hebben

1871 2371 552 131 24 July 1715

423 2384 743 156 Bruselle de haegens

507 2425 2260 184 Ick hebbe ue aengenaeme deto 8 deser wel ontfangen en alhoe

489 2566 2249 106 wel ue met een ander niet en cont doen dat ue met mij doer soo

486 2679 2204 83 behoorde ue evenwel wat conside atie te gebruycken want soo

488 2726 2202 111 doende en sondemen geen intrest van 3 pres van sijn coop

492 2796 2276 137 manschappe comen maecken en meer verliesen als profijt doen

496 2886 2246 111 niet te men ick hebbe dat oneer gepasseert ende ic en sal

500 2930 2261 140 niet trecken voor het eerste van augustij ende bidde den mijn

478 3019 2281 109 trato te verheeren aengaende dat ue over geweest is en ue commas

491 3119 2219 97 scheppen gecocht heeft is mij wel bekent ue is liber te coopen

515 3169 2227 112 daer het ue belieft alhoewel het mij pijn doet ende dat ick

515 3235 2219 127 niet anders als ue cafandisie a wensche ende gien ander

518 3308 2234 154 intentie en hebbe als om ue wel en ue veel te bedienen e

513 3369 2239 162 ick asseurenen ue als ue sal gelieven over te coemen gelijve

499 3471 2251 110 ue schrijft dat ick ue sal thoonen dat aemergens schoonder

516 3520 2243 157 sortiment en sal vinden nochte neter coop als ick ue en sal

505 3608 2257 126 bedienen want ick magh mij flatteeren dat ick in langen

489 3674 2216 159 tiyt geen schonder partie goederen van alderhande soortes

2807 0 2362 172 l

2797 114 2367 139 cargeyen deventer bayen en colchester bayen gehadt en hebbe dan

2803 184 2382 162 als ick tegenwordigh voors ien ben tot ue dheneste staelen te sende

2806 274 2379 185 en can niet voorderen ick hebbe mijn s tael  soecken

2818 356 2355 196 altijts noodigh het moet ue genoch wesen dat ick ue seggen

2826 453 2361 135 alst ue sal gelievens over te coemen dat ue sortimentmaer

2836 531 2313 185 ue genoegen biy mij salvinden ende dat in alle occasie

2824 649 2340 141 ue tal preuve geven van dit mijn schipven waer op

2837 717 2349 166 staet te  ende dat ben s afwachtinge ue t

4259 835 555 115 24 July 1715

2797 854 777 143 alle N van den bergen

2824 869 2292 187 ue aengenaeme 3 deser hebbe het sijnen sijde wel ontfangen

2824 982 2322 145 achtevolgens heeft Jacobus de pre mij voor ie reck getilt e

2822 1098 2361 115 £41:16:3 vlaems wes: ƒ 250:17¼ s00 als ick ue op reck hebbe

2824 1138 2360 207 goet gedaen daer blijft buyten een helft postool dat nief gane

2842 1213 2348 178 baet en is en dat ick hem sal t restrtueeren hij can het dan

2829 1296 2272 173 wedergeven daer hij het ontfangen heeft want men can het

2824 1392 2344 162 niet uyt geven als ue en s: ue beminde sullen geliever over

2839 1478 2267 167 te coemen an hier loyment ten mijnen huysen te nijmen

2826 1585 2287 159 sullern y mij seer aengenaem wesen en van alle sortement

2827 1661 2320 196 in overploet vinden want ick en hebbe in veele jaeren soo

2830 1748 2285 187 schoon gereet niet gehadt als ick tegenwoordugt en hebbe

2829 1899 2340 130 ende dat tot redelijcken prijs van olle soorten van de schoons

2821 1962 2329 162 te enderde nieuw ste moede couleuren laeckens van alle my

2820 2033 2327 214 ten bayen van alle soorten colchester bayen ende venter boyen

2848 2124 2324 160 carseyen blouwe en swerte laeckens ende en gevalle uenige

2857 2220 2323 186 cardayer oft baiyen geleefde geverft te hebbe in bidde mij bij

2826 2312 2369 209 bijde te adverteeren het sacoen begent te avanceeren en dat

2840 2398 2266 165 sal ick sorgen draegen dat ue geen reeden van clagen

2850 2516 2230 138 meer en sult hebben ick groete ue beyde van hebe nevens

2842 2571 2299 166 mijn huysvrouwe als oock i ue dochter en blijve van herten

4282 2661 528 139 24 Juely 1715

2799 2688 859 136 uusselle S: Reckmans

2812 2714 2295 190 ick en wete niet wat het te segegen is dat nu het gants jaer

2834 2886 2334 99 ue niet een stuck goet vercochten hebbe nochte d'eere en hebbe

2845 2971 2322 96 ue te sein daer ick alles doen wat moogelijck is om ue aen te

2834 3005 2333 136 haelen ende ue calandisie te behouden, ick hebbe ue n ove

2817 3088 2342 118 soo lanck een rek gesonden ende gethoont wat ue mij schel

2831 3184 2355 138 digh is ick bidde ue wat conside satie te e bruycken bant t

2826 3285 2360 84 en vraege ue niets buyten de reden ick sal bij provis ie en d

2830 3356 2358 109 eenige daegen ƒ300 wes: trecken voor dhr Jacoms Rousseau

2830 3399 2320 132 die versocke gelieft te verkeeren ende mij eens te coemen

2841 3487 2309 170 besoeken want en twijffele niet oft ue sal al iets noodig

2815 3564 2249 162 hebben ende aengaende schoon sortiment van alle int

2807 3655 2275 173 generael versockere ue dat ue sal vinden want in lange

2804 3724 2341 110 laeren en hebbe nogh beter voor ien geweest als te genwordihs tot

3619 3788 430 60 n os blijve

3374 3794 153 53 eing
