5331 3972
337 88 2225 169 aine vouloir soulager cat il est impossible

333 228 2192 148 acroire que pienne que nous avvons a tirer

336 315 2023 252 quelque eshoze ou nous trouvous bon et

295 417 2292 232 Icependant il n ous fault paycer content pour

331 562 2192 222 les manufacturer que hous tirons. ie seray

338 692 2215 196 done attendant sans manque la grace que

361 812 2176 211 ie vous demande et surs pour touts jours

279 936 2257 254 Brussel Joannes haeghens Aady 9 gber 1714

404 1064 2234 249 in lange d'eere niet gehadt eenige aer te ontfangen

373 1197 2261 183 niette min ick verhoepe ue en sijn familie wilvaeren

383 1331 2265 188 met contiuatie van gesontheydt: ick ue me de vrijneg

389 1419 2261 197 ue te adviseeren dat in een dagh aet wee opne sn

376 1570 2275 108 trecken £300:- wisselgelde te betaelen aen d'ordre

399 1669 2103 140 Dhr Jacomo Rousseau die versoeke gelieft te

420 1758 2139 182 acquitteeren enen heeft noeydt soo veel moeyte

418 1870 2235 167 gehadt als te genvoordigh om geldt te becoemen voor

403 1977 2212 169 het gene men continuell in sijn affairens noodigh

396 2090 2195 141 heeft aen den voet deser heeft ue facnire van de

392 2194 2247 177 vier bayen ende drij laekens ue laest vercoght ens

408 2307 2120 214 gesonden bedraeghen e wisselgelde ƒ 499:4½

407 2417 2236 186 waer voor mij gelieft te crediteeren ende het rke

297 2547 2349 151 =sloeten factwerken aen ue schoon soon te behande

309 2634 2327 187 =ghen met presentatte mijns dienst in alle occasien

412 2741 2238 181 wij en hebben in lange te saemen niets gedaen

382 2845 2239 173 ick verhoepe dat het naeste jaer beeter sal weten

393 2967 2156 185 daer en sal noeydt is manheeren om ue tot

398 3077 2238 198 contentement te bedienen de goederen anymen

387 3195 2262 184 teeren noch daeghelijckx meer en meer en vallen

392 3294 2249 165 seer slecht. men heeft groote moeyten om goet

374 3387 2200 167 sortiment te becoemen ende dat tot seer

404 3497 2239 164 excessive hooghe prijsen soo dat ue int uyt vercoopen

414 3582 2117 177 vant gene ue bj heeft naer uevenant sich wat

435 3678 2211 154 magh reguleeren ick recommandeere my in ue goede

460 3789 1284 93 4alasse en beu van herten

2649 77 2170 198 Rotterd: Dionys verburgh Ady 8 gber i7

2681 190 2300 170 ne dri aengenaeme van 30 matt° 2 en 6 deser hebbe

2682 333 2270 151 wel ontfangen Godt lof francis wilhinson met

2690 476 2372 158 mijn pack  N5 salvo. ick sal het selfde p eeter

2675 539 2305 179 leonards de gemoet sien  hadde wel gewenst ue

2679 690 2149 114 wat corter expeditie hadde connen macken

2687 772 2374 172 want het saisoen voor het debiteerender groeve

2703 868 2279 163 laekens seer verre avanceert i isser noch van

2693 990 2365 158 hull p thomas tayser onder wegh insgelijcke

2686 1081 2114 216 pack  N6 met dospeiens  616 ¼  ¼

2711 1216 2138 198 cost didde alordinaer synder de vrappers en

2697 1296 2276 192 oncosten netto ste £111:15:1 en metde voors

2699 1412 2299 181 vrappers en oncosten ste £138:4:6 die nmet

2717 1546 2141 145 blieven 165 sber van daer stont te seylen

2693 1691 2226 133 soodat ick verhoepe hij met hodts gratnie met

2710 1778 2027 206 desen goedet wint wel conde omschieten

2691 1866 2279 239 bij syn arrivement versoeke mij een letter advies

2689 1979 2343 216 gelieft te geven ende het pack ctto te depescheeren

2710 2105 2315 198 ick en magh in de bewuste facheuse affaire niet

2712 2224 2266 177 intreden Dertrouwe den heere mij daer sal

2713 2355 2143 193 uytredden ende recommandeere het ue

2719 2463 2113 173 arustelijjck door aenwendighe van ue en syne

2725 2555 2284 161 vrinden goede ofitie en conduite blijvende van

2709 2709 528 162 hertem

2679 2720 2228 240 Amsterdam tran Rousseau Ady 8 gber 1714

2719 2870 2225 213 ue aengenaeme van 29 sber hebbe het sijnen tijde

2712 3046 2323 161 wel ontfangen ende geen speculatie b het geavant

2699 3109 2202 153 eerde mackende niet eerder eantwoort het

2726 3231 2272 145 recht briefse in dit paer waeren de walvisbaerden

2733 3342 2210 134 aengaende het remitteeren op tijdt dat ick het

2738 3441 2290 174 eenighste als nu oordeele dat mente saemen souden

2737 3570 2299 159 comen onder houden schijnt ue ganns te acnseeren

2635 3609 2380 180 andere vrinden vinden nn en dan hunne rekeninge

2753 3752 2295 121 en worden gefontnieert ick moete spatientie nemen
