5104 4009
355 139 2203 136 sil soffre autre choyera vre service ie vs prie m cm

400 177 2141 170 maider jay tres jelie assortiment de toutte sorte de

392 272 2142 212 marchandise et jayt encorune partie de draps de

413 405 2137 162 as prix en chemen je jpue en calite et couleu

436 489 2066 183 res que j'ayt encor eu de ma vie jespere que me

464 564 2068 190 viendrez voir bien toit et achepser provision je vs

439 693 2115 197 asseure q je ne manque ray pas a srendre con

438 785 2092 261 stent sur quy  pouvez faire fond et q jpsuis

454 885 1433 230 come a toutte vre chere famelle

1675 1015 302 182 18 Juny

299 1070 1144 174 Amsterdam Francois Rousseau

450 1163 2095 166 ue aengenaeme van 15 court met de gemelde assignadie

431 1250 2056 141 op dhr tempost tot leeuweerde geaccepteert in ans

451 1334 2055 202 terdam te betaelen hebbe wel ontfangen sal den cy

455 1476 2079 186 genaer daer van advis geven maer daer en staet niet

426 1548 2105 202 bij op wat tijt soo dat daer geen faut op te maecken

456 1653 2041 189 en is ue remiteert mij voorders van it desen e

460 1766 2074 187 wecken dato op p ieter carpenteer tot oostenden in

453 1892 2094 161 gent te betaelen in seconde brief £350 af 5 ¼ spct

421 1981 2094 182 £332:113 waer van de prima pr ue naesten geac

425 2127 2027 101 cepteert de gemoet sien om de partije te connen

429 2200 2114 144 boecken een abasteert

999 2299 104 63 d2l6

434 2284 2096 155 en eet £332:t: hadde gewenst ue de weerd hadde

451 2372 1976 206 getrocken want ick hebbe ue versocht tot tijt en

437 2491 2078 120 wiylen niets te remitteeren als daer nevens te trecke

454 2597 2004 171 reden hier geen advantagie te becoemeris want

426 2672 2071 209 alle onse treckers bestaen uyt de gene die contente

446 2787 2051 210 senden ende de wissel da en soo sij willen verden

456 2910 1988 179 en is heer present geene negotie daeromvoort

460 2988 2078 214 geene ue mij trecke op london soude afgeven noeh

474 3090 2069 155 ue de weerde in my trecken dat ue niet tegenstaende

468 3198 1957 183 seer recommandeere want ben voor brieven op

463 3291 2016 166 londen verlegen ingesloeten remitteeren ie als

460 3380 2084 193 aen den voet daer daer tot 3½ schaede, hebbe moette

405 3482 2120 173 door passeren omdat beschaemt ben us te schrijven

444 3605 2070 197 sonder te connen remitteeren ue can ue oordeele

465 3678 1935 201 oft ue niet beeter en hadde getrocken voor de £1000

2674 82 2266 150 de  vae mles poneet helf oaupes tij e llene

2671 202 2197 145 hebbe liever ue coste tot in sullo dilageen al

2662 266 2279 188 voorens mi de novote verbine en soo neet soude moe

2691 370 2230 233 ten patientienemen ende in de prolongabe

2695 481 2224 234 van in voorde vervallen ende overs ul

2679 583 2235 233 verwachtende ue antwoort wat wegen sal sijn

2700 722 2245 254 gepasseert om mijne mesures te nemen op pa

2705 828 2183 264 mij afte geven vallende naer de denne nutee

2693 977 2253 206 van seplember soude van goede vrht comen

2709 1026 2205 260 wesen volgens gedachten van een ieder doch

2697 1155 2205 276 met sondament en valt daer niets overte re

2714 1267 2187 292 foneeren soo dat ick ue daer niet en dee

2722 1384 2200 264 raeden te meer om dat ick van mansche

2708 1495 2243 272 aftairen eenen groiewel hebben om de gedie

2716 1607 2242 258 rege veranderinge de spetien ende de wengh

2725 1765 2151 239 slaet dat men daer op can maecken ie meser

2719 1872 2230 277 op Dh lcon de moravin van heden  daegen

2703 1985 2247 226 dato die ten verve daegen promt moet eerde

2691 2115 2198 277 voldoeen sonder naer daegen want hadde die op 2

2711 2244 2178 260 a 3 daege date genegotieer e ƒ 3000 banec

2693 2361 2158 248 waer voor mij gelieft te geditere gent verliest

2705 2493 2208 229 doorgaant ¼ a ½ piet soo dat ue eeen sien wat

2706 2609 2183 251 ick can profiteeren het is presen seer droegighh te

2720 2705 2078 225 moeten schrijven en vrijven want het as die

2701 2830 2204 251 vreght is present soo weynigh dat men de pate

3869 2962 170 91 al

2703 2943 2218 252 entie verliest ick selciteren van herten wegens

2721 3073 2215 175 dh ue broeder soo ick van vren de vernemenen

2712 3201 2180 182 den houweljcken staet is geheden godt gelieft

2728 3285 2216 174 hien lange gaeren in contentement te laete le

3021 3406 801 125 in sppospersteyd en

2719 3393 2226 176 ven het  t salighyt afwachtende

2728 3523 1316 157 d'eere van ue antwoort blijve

4528 3677 404 195 re sulckx

4099 3665 173 219 d
