5078 4009
388 92 1285 132 de vre Rotterdam D. Verbargh

1818 119 496 139 28 may 1714

435 207 2090 142 sedert ue laesten van 10 pas geen verder advis b

441 282 2085 118 coemen dat mij sertensible is en schaedelijck is gelijck

438 376 2088 156 ue wel can afmeten hoe is het moogelijck dat men

438 466 2057 134 de cooplaeden soo can tracteeren en over soo aen

423 535 2099 117 begatelle een jaer laeten naer loopen om een

424 631 2092 155 sijnden te hebben op deen oft d'andere maneure

412 723 2060 165 is het niet door forme van ontflaeginge te

416 826 2100 148 becoemen laetter toch doch door ue goedevrene

441 937 2073 144 en goede officie een temparement gevonde o

439 1066 2082 119 den tot een accomodement op dat de lacken

459 1132 2060 178 niet en bederven ende het camtael op niet

467 1232 2043 203 coeme dat bidde ue van herte hebbe gr John

478 1350 2021 157 blaeckbon een pack pack N N1 met 24 ps

485 1458 2007 186 engelsche laeckens inde wolle geverften op

473 1567 1955 196 de paensche maneere gemaickt ider prs

469 1670 2019 209 28 a2ggerde lanck dat ue can doen uy t cuijfferen

468 1765 2066 197 van weerde st £19113 die volgens brieven van ½5 deser

455 1916 2022 129 uyt londen de niviere was afgesackt soo dat door

483 1962 2033 180 Godts gratie vertrocuve voor nu salvo sal wesen geleft

460 2075 2062 135 mij det pack cito toe te senden oock isser van hull

456 2170 2015 151 p stephen wood & soo in saeckens bey eenge packt

459 2260 2018 203 en gemerckt & lanck q 50 costende 1£9:3:4 daer

444 2365 2001 202 seer mede verleeen ben niet wesende hoe die schiep

455 2465 2046 182 hher soo lanck comt achter te blijve wegens het usseg

446 2578 2043 181 nate dat ue op den haege tenonderen to hebbende

462 2677 1981 143 wensche mede te weten hoe het staet want mijn

437 2783 2077 190 pancipael schrijft mij dien aengaende in afwach

452 2873 1023 184 tinge van ue eedis blijve

292 2966 1911 193 Amsterdam francois Bousseau 28 mey 1714

439 3090 1986 131 in antwoort op ue aengenaeme van 25 meij ue

433 3202 2103 151 moet met het gepasseende patientie hebbe want sulck

429 3268 2054 154 war niet menschelijck te voorsien aengaende brieven

414 3378 2104 166 oppeegneen en can nier veerder als alle maeckelaers

403 3505 2082 142 last geven en aen hoeeden gelijck ick doen voorsue

420 3561 2029 182 ties te senden et wonder ue mij sulckx comt te vergen

407 3666 1986 139 naer de mael ae soo menighmael hebte geschreven

2655 115 2224 146 dat mij noyt met dusdaenighe affacrens ersa be

2657 160 2286 147 moeyen hadde ick die intentie dan soude tenment

2661 273 2252 168 ten dat van over lanck voor pijne seck hebben be

2670 376 2238 215 gonnen ende dier van nevens andere geprofitert

2690 474 2165 226 gelieft ue sijne advance in mij te recken p

2702 565 2202 212 wes: te betaelen in salcken spetien als ue be

2701 686 2197 232 leeft ue can dat doen ende meerder en aen ue

2733 795 2168 221 van mij niet versoecken om de boven geroerde

2720 894 2203 213 redenen ick senden ue ingesloeten vier assig

2729 989 2201 167 natees te saemen groot ƒ408:7 op mons tenpost

2735 1103 2183 223 tot leuwaerden die moeten geacceptert wordern

2747 1213 2156 217 op 28 Juny in amsterdane te betaelen gelijck

2760 1303 2066 229 ue uyt eene van ƒ72 dat geaccepteert is sal

2770 1406 2167 231 connen sien ick dencke dat ue occasie canden

2781 1492 2152 232 den om d'andere 3 ter acceptasie te laeten

2758 1602 2159 230 gaen die geacceptert wes inde bidde mij weder

2779 1736 2145 198 te senden als mede het reets geaccepteerde sal

2772 1842 2086 155 die dan aen ue ordre endors eeren en en

2762 1919 2149 209 weder afsenden en op dat ue mede de goetheyt

2764 2036 2135 230 soude hebben ten verwabdaeghe de selve in te

2765 2141 2108 182 voorderen bij refius bidde geen protest gedaen

2777 2267 2146 157 en worde als de wissel soo blijt aen hoeden soo

2787 2350 2101 190 is onse borse te niet want daer en sijn geene

2800 2463 2084 218 breeven op eenige plaetee meer te vinden op

2755 2579 2164 200 het geene ue recommandeert blijve indegel

2772 2718 2112 176 ren ende niet voorders conmende sal ue moete

2765 2843 2126 139 trecken oft my pos itive ordre geven om a pris

2745 2881 2156 202 court op cost te remitteeren ben van heten

4001 3017 822 146 Ady 30 may 1714

2629 3029 1074 176 Bruxelles sacomo Rousseau

2737 3107 2105 179 Jay bien receu les deux vostres du 14 du cour et d'hier

2672 3260 2226 124 sp la derniere encor remise a charge le Sr. Philsppe

2681 3336 2198 114 heureux de £700: de change au eing asveuir ien

2684 3409 2204 156 procureray le necessaire en son temps. il at acquittee

2663 3473 2262 179 celle de ƒ900:- eschen le 20 du court et ie vous en ay

2701 3598 2187 122 credite sen compte. ie vous prie de faire de mesme

2715 3667 2090 144 pour ma remise cy incluge de ƒ300: de change a

2702 3757 2224 141 charge mad faussens qui la payerad prompt et mecroire qui suis
