<?xml version="1.0" encoding="UTF-8"?>
<alto xmlns:xsi="http://www.w3.org/2001/XMLSchema-instance"
      xmlns="http://www.loc.gov/standards/alto/ns-v4#"
      xmlns:page="http://schema.primaresearch.org/PAGE/gts/pagecontent/2013-07-15"
      xsi:schemaLocation="http://www.loc.gov/standards/alto/ns-v4# https://www.loc.gov/standards/alto/v4/alto.xsd">
   <Description>
      <MeasurementUnit>pixel</MeasurementUnit>
      <OCRProcessing ID="IdOcr">
         <ocrProcessingStep>
            <processingDateTime>2022-02-11T21:33:09.043+01:00</processingDateTime>
            <processingSoftware>
               <softwareCreator>READ COOP</softwareCreator>
               <softwareName>Transkribus</softwareName>
            </processingSoftware>
         </ocrProcessingStep>
      </OCRProcessing>
   </Description>
   <Layout>
      <Page ID="Page1" PHYSICAL_IMG_NR="1" HEIGHT="3943" WIDTH="5487">
         <TopMargin HEIGHT="0" WIDTH="5487" VPOS="0" HPOS="0"/>
         <LeftMargin HEIGHT="3943" WIDTH="0" VPOS="0" HPOS="0"/>
         <RightMargin HEIGHT="3943" WIDTH="0" VPOS="0" HPOS="5487"/>
         <BottomMargin HEIGHT="0" WIDTH="5487" VPOS="3943" HPOS="0"/>
         <PrintSpace HEIGHT="3943" WIDTH="5487" VPOS="0" HPOS="0">
            <TextBlock ID="region_1638872623264_162"
                       HEIGHT="3801"
                       WIDTH="2346"
                       VPOS="70"
                       HPOS="399">
               <Shape>
                  <Polygon POINTS="399,70 2745,70 2745,3871 399,3871"/>
               </Shape>
               <TextLine ID="region_1638872623264_162l1"
                         BASELINE="446,206 555,197 665,190 774,186 884,182 994,180 1103,178 1213,178 1322,180 1432,182 1542,183 1651,185 1761,188 1870,190 1980,191 2090,192 2199,192 2309,192 2418,191 2528,188 2638,184"
                         HEIGHT="160"
                         WIDTH="2219"
                         VPOS="82"
                         HPOS="432">
                  <String ID="string_region_1638872623264_162l1"
                          HEIGHT="160"
                          WIDTH="2219"
                          VPOS="82"
                          HPOS="432"
                          CONTENT="Bruxelles Jacomo Rousseau Ady 2 d foutt 1715"/>
               </TextLine>
               <TextLine ID="region_1638872623264_162l2"
                         BASELINE="552,298 660,292 769,288 878,286 987,284 1096,282 1204,282 1313,282 1422,282 1531,284 1640,284 1748,286 1857,288 1966,288 2075,290 2184,290 2292,292 2401,292 2510,290 2619,290 2728,288"
                         HEIGHT="142"
                         WIDTH="2205"
                         VPOS="197"
                         HPOS="538">
                  <String ID="string_region_1638872623264_162l2"
                          HEIGHT="142"
                          WIDTH="2205"
                          VPOS="197"
                          HPOS="538"
                          CONTENT="ensuitte a la vre 29 du passé ie vous ay de bire pour"/>
               </TextLine>
               <TextLine ID="region_1638872623264_162l3"
                         BASELINE="540,390 644,387 748,384 852,384 957,382 1061,382 1165,382 1270,382 1374,382 1478,384 1583,384 1687,384 1791,384 1895,384 2000,384 2104,384 2208,382 2313,380 2417,378 2521,375 2626,370"
                         HEIGHT="122"
                         WIDTH="2116"
                         VPOS="313"
                         HPOS="525">
                  <String ID="string_region_1638872623264_162l3"
                          HEIGHT="122"
                          WIDTH="2116"
                          VPOS="313"
                          HPOS="525"
                          CONTENT="£250:- reccu du p. G. 4 sas pour mon compse"/>
               </TextLine>
               <TextLine ID="region_1638872623264_162l4"
                         BASELINE="542,498 648,494 755,490 861,488 968,488 1075,486 1181,486 1288,488 1394,488 1501,488 1608,490 1714,490 1821,489 1927,488 2034,486 2141,484 2247,480 2354,475 2460,470 2567,461 2674,452"
                         HEIGHT="178"
                         WIDTH="2163"
                         VPOS="372"
                         HPOS="526">
                  <String ID="string_region_1638872623264_162l4"
                          HEIGHT="178"
                          WIDTH="2163"
                          VPOS="372"
                          HPOS="526"
                          CONTENT="ie vous remette cy inclis ƒ300: de change a veue"/>
               </TextLine>
               <TextLine ID="region_1638872623264_162l5"
                         BASELINE="530,602 639,598 748,594 857,592 966,590 1076,590 1185,590 1294,588 1403,590 1512,590 1622,590 1731,590 1840,590 1949,590 2058,590 2168,590 2277,589 2386,587 2495,584 2604,580 2714,576"
                         HEIGHT="156"
                         WIDTH="2214"
                         VPOS="483"
                         HPOS="516">
                  <String ID="string_region_1638872623264_162l5"
                          HEIGHT="156"
                          WIDTH="2214"
                          VPOS="483"
                          HPOS="516"
                          CONTENT="sud le s Jean haeghens, priant d'en procurer le "/>
               </TextLine>
               <TextLine ID="region_1638872623264_162l6"
                         BASELINE="544,710 627,706 711,701 795,698 879,695 963,692 1046,690 1130,690 1214,690 1298,688 1382,690 1465,690 1549,690 1633,692 1717,692 1801,694 1884,695 1968,696 2052,698 2136,698 2220,700"
                         HEIGHT="182"
                         WIDTH="1708"
                         VPOS="591"
                         HPOS="528">
                  <String ID="string_region_1638872623264_162l6"
                          HEIGHT="182"
                          WIDTH="1708"
                          VPOS="591"
                          HPOS="528"
                          CONTENT="requis et un mot d'dvis ie me dit s"/>
               </TextLine>
               <TextLine ID="region_1638872623264_162l7"
                         BASELINE="1674,794 1719,798 1765,801 1811,802 1857,804 1903,806 1948,808 1994,808 2040,808 2086,810 2132,808 2177,808 2223,808 2269,808 2315,806 2361,806 2406,804 2452,803 2498,802 2544,800 2590,800"
                         HEIGHT="198"
                         WIDTH="944"
                         VPOS="677"
                         HPOS="1660">
                  <String ID="string_region_1638872623264_162l7"
                          HEIGHT="198"
                          WIDTH="944"
                          VPOS="677"
                          HPOS="1660"
                          CONTENT="Ad 2 d. 1715"/>
               </TextLine>
               <TextLine ID="region_1638872623264_162l8"
                         BASELINE="402,860 451,851 501,844 551,837 601,832 651,827 700,823 750,820 800,817 850,814 900,814 949,812 999,811 1049,810 1099,809 1149,808 1198,806 1248,805 1298,803 1348,801 1398,798"
                         HEIGHT="239"
                         WIDTH="1028"
                         VPOS="684"
                         HPOS="385">
                  <String ID="string_region_1638872623264_162l8"
                          HEIGHT="239"
                          WIDTH="1028"
                          VPOS="684"
                          HPOS="385"
                          CONTENT="Brussel Jan haeghens"/>
               </TextLine>
               <TextLine ID="region_1638872623264_162l9"
                         BASELINE="568,926 676,922 784,918 892,914 1000,914 1108,912 1216,912 1324,912 1432,912 1540,914 1649,914 1757,916 1865,916 1973,918 2081,918 2189,918 2297,918 2405,917 2513,916 2621,914 2730,910"
                         HEIGHT="182"
                         WIDTH="2191"
                         VPOS="802"
                         HPOS="553">
                  <String ID="string_region_1638872623264_162l9"
                          HEIGHT="182"
                          WIDTH="2191"
                          VPOS="802"
                          HPOS="553"
                          CONTENT="conforen ue van 30 past treche heden ƒ 300:- wissel"/>
               </TextLine>
               <TextLine ID="region_1638872623264_162l10"
                         BASELINE="560,1030 664,1025 768,1021 873,1018 977,1016 1082,1014 1186,1014 1290,1014 1395,1014 1499,1014 1604,1015 1708,1016 1812,1016 1917,1018 2021,1018 2126,1018 2230,1018 2334,1016 2439,1014 2543,1012 2648,1008"
                         HEIGHT="135"
                         WIDTH="2119"
                         VPOS="950"
                         HPOS="544">
                  <String ID="string_region_1638872623264_162l10"
                          HEIGHT="135"
                          WIDTH="2119"
                          VPOS="950"
                          HPOS="544"
                          CONTENT="op reken op sicht aen d'ordre Jacomo Rousseau"/>
               </TextLine>
               <TextLine ID="region_1638872623264_162l11"
                         BASELINE="480,1148 582,1142 684,1136 786,1132 888,1127 991,1124 1093,1122 1195,1120 1297,1118 1399,1118 1502,1117 1604,1116 1706,1116 1808,1116 1910,1116 2013,1116 2115,1116 2217,1114 2319,1114 2421,1112 2524,1112"
                         HEIGHT="145"
                         WIDTH="2076"
                         VPOS="1021"
                         HPOS="463">
                  <String ID="string_region_1638872623264_162l11"
                          HEIGHT="145"
                          WIDTH="2076"
                          VPOS="1021"
                          HPOS="463"
                          CONTENT="die confatm gelieft te verheeren. het is ng"/>
               </TextLine>
               <TextLine ID="region_1638872623264_162l12"
                         BASELINE="564,1242 671,1237 778,1234 885,1230 993,1226 1100,1224 1207,1221 1315,1218 1422,1216 1529,1216 1637,1214 1744,1214 1851,1212 1958,1212 2066,1212 2173,1213 2280,1214 2388,1214 2495,1216 2602,1216 2710,1218"
                         HEIGHT="159"
                         WIDTH="2176"
                         VPOS="1114"
                         HPOS="548">
                  <String ID="string_region_1638872623264_162l12"
                          HEIGHT="159"
                          WIDTH="2176"
                          VPOS="1114"
                          HPOS="548"
                          CONTENT="aengenaem dat ue al wat sortiment sal noodigh"/>
               </TextLine>
               <TextLine ID="region_1638872623264_162l13"
                         BASELINE="552,1360 659,1349 766,1340 873,1333 980,1326 1088,1324 1195,1320 1302,1318 1409,1318 1516,1316 1624,1316 1731,1318 1838,1318 1945,1318 2052,1318 2160,1318 2267,1317 2374,1316 2481,1312 2588,1309 2696,1304"
                         HEIGHT="154"
                         WIDTH="2174"
                         VPOS="1223"
                         HPOS="538">
                  <String ID="string_region_1638872623264_162l13"
                          HEIGHT="154"
                          WIDTH="2174"
                          VPOS="1223"
                          HPOS="538"
                          CONTENT="alt ue gelieft over te coemen sal ue by mij soe"/>
               </TextLine>
               <TextLine ID="region_1638872623264_162l14"
                         BASELINE="572,1456 670,1446 768,1439 867,1433 965,1428 1064,1424 1162,1422 1260,1420 1359,1420 1457,1420 1556,1420 1654,1421 1752,1422 1851,1422 1949,1422 2048,1422 2146,1420 2244,1418 2343,1416 2441,1411 2540,1406"
                         HEIGHT="149"
                         WIDTH="1999"
                         VPOS="1317"
                         HPOS="557">
                  <String ID="string_region_1638872623264_162l14"
                          HEIGHT="149"
                          WIDTH="1999"
                          VPOS="1317"
                          HPOS="557"
                          CONTENT="schoon gerief vinden als ue soude connen"/>
               </TextLine>
               <TextLine ID="region_1638872623264_162l15"
                         BASELINE="508,1550 616,1542 724,1536 832,1531 941,1528 1049,1524 1157,1524 1266,1522 1374,1520 1482,1520 1591,1520 1699,1520 1807,1520 1915,1518 2024,1518 2132,1516 2240,1514 2349,1512 2457,1510 2565,1505 2674,1498"
                         HEIGHT="166"
                         WIDTH="2198"
                         VPOS="1437"
                         HPOS="491">
                  <String ID="string_region_1638872623264_162l15"
                          HEIGHT="166"
                          WIDTH="2198"
                          VPOS="1437"
                          HPOS="491"
                          CONTENT="desireeren want ick hebbe schoone partijen"/>
               </TextLine>
               <TextLine ID="region_1638872623264_162l16"
                         BASELINE="564,1644 671,1639 778,1636 885,1630 993,1628 1100,1626 1207,1624 1315,1622 1422,1620 1529,1620 1637,1620 1744,1620 1851,1620 1958,1618 2066,1618 2173,1618 2280,1618 2388,1616 2495,1614 2602,1614 2710,1610"
                         HEIGHT="172"
                         WIDTH="2174"
                         VPOS="1519"
                         HPOS="550">
                  <String ID="string_region_1638872623264_162l16"
                          HEIGHT="172"
                          WIDTH="2174"
                          VPOS="1519"
                          HPOS="550"
                          CONTENT="van alderhande versche goederen ontfangen"/>
               </TextLine>
               <TextLine ID="region_1638872623264_162l17"
                         BASELINE="520,1742 630,1737 741,1734 851,1730 962,1728 1072,1726 1183,1724 1293,1724 1404,1722 1514,1722 1625,1722 1735,1722 1846,1722 1956,1722 2067,1722 2177,1722 2288,1722 2398,1722 2509,1721 2619,1720 2730,1718"
                         HEIGHT="124"
                         WIDTH="2237"
                         VPOS="1632"
                         HPOS="507">
                  <String ID="string_region_1638872623264_162l17"
                          HEIGHT="124"
                          WIDTH="2237"
                          VPOS="1632"
                          HPOS="507"
                          CONTENT="ende noch onderwee ghet altgdestot ue dienste "/>
               </TextLine>
               <TextLine ID="region_1638872623264_162l18"
                         BASELINE="536,1842 645,1835 755,1830 865,1826 974,1824 1084,1822 1194,1822 1303,1822 1413,1822 1523,1824 1633,1824 1742,1826 1852,1826 1962,1828 2071,1828 2181,1828 2291,1828 2400,1826 2510,1822 2620,1820 2730,1814"
                         HEIGHT="142"
                         WIDTH="2222"
                         VPOS="1724"
                         HPOS="521">
                  <String ID="string_region_1638872623264_162l18"
                          HEIGHT="142"
                          WIDTH="2222"
                          VPOS="1724"
                          HPOS="521"
                          CONTENT="en sal traghten allles te doen wat moogelijcks"/>
               </TextLine>
               <TextLine ID="region_1638872623264_162l19"
                         BASELINE="540,1948 649,1942 759,1938 868,1936 978,1932 1087,1930 1197,1930 1306,1928 1416,1928 1525,1928 1635,1928 1744,1930 1854,1930 1963,1928 2073,1928 2182,1928 2292,1926 2401,1924 2511,1921 2620,1916 2730,1912"
                         HEIGHT="137"
                         WIDTH="2220"
                         VPOS="1835"
                         HPOS="524">
                  <String ID="string_region_1638872623264_162l19"
                          HEIGHT="137"
                          WIDTH="2220"
                          VPOS="1835"
                          HPOS="524"
                          CONTENT="om ue wel en goeden coop te bedienen waer opp"/>
               </TextLine>
               <TextLine ID="region_1638872623264_162l20"
                         BASELINE="528,2054 635,2049 742,2044 849,2040 957,2038 1064,2036 1171,2034 1279,2034 1386,2032 1493,2032 1601,2032 1708,2032 1815,2032 1922,2032 2030,2030 2137,2029 2244,2026 2352,2024 2459,2020 2566,2015 2674,2008"
                         HEIGHT="164"
                         WIDTH="2174"
                         VPOS="1925"
                         HPOS="514">
                  <String ID="string_region_1638872623264_162l20"
                          HEIGHT="164"
                          WIDTH="2174"
                          VPOS="1925"
                          HPOS="514"
                          CONTENT="moooht staet maeken ende dat blijven"/>
               </TextLine>
               <TextLine ID="region_1638872623264_162l21"
                         BASELINE="464,2240 571,2220 678,2204 785,2191 892,2183 999,2175 1106,2171 1213,2168 1320,2168 1427,2170 1534,2172 1641,2175 1748,2178 1855,2182 1962,2185 2069,2188 2176,2192 2283,2192 2390,2192 2497,2192 2604,2188"
                         HEIGHT="242"
                         WIDTH="2171"
                         VPOS="2027"
                         HPOS="448">
                  <String ID="string_region_1638872623264_162l21"
                          HEIGHT="242"
                          WIDTH="2171"
                          VPOS="2027"
                          HPOS="448"
                          CONTENT="Brussel Puiliamt sas  Ady D 175"/>
               </TextLine>
               <TextLine ID="region_1638872623264_162l22"
                         BASELINE="540,2324 644,2316 749,2310 854,2306 959,2302 1064,2302 1169,2302 1274,2302 1379,2304 1484,2306 1589,2309 1693,2312 1798,2314 1903,2318 2008,2319 2113,2320 2218,2322 2323,2322 2428,2320 2533,2318 2638,2314"
                         HEIGHT="201"
                         WIDTH="2125"
                         VPOS="2172"
                         HPOS="527">
                  <String ID="string_region_1638872623264_162l22"
                          HEIGHT="201"
                          WIDTH="2125"
                          VPOS="2172"
                          HPOS="527"
                          CONTENT="conform ue van 25 past ende het advies van"/>
               </TextLine>
               <TextLine ID="region_1638872623264_162l23"
                         BASELINE="528,2406 637,2406 747,2406 857,2406 966,2406 1076,2408 1186,2408 1295,2410 1405,2412 1515,2413 1625,2414 1734,2416 1844,2418 1954,2420 2063,2422 2173,2422 2283,2424 2392,2424 2502,2424 2612,2424 2722,2424"
                         HEIGHT="107"
                         WIDTH="2223"
                         VPOS="2349"
                         HPOS="515">
                  <String ID="string_region_1638872623264_162l23"
                          HEIGHT="107"
                          WIDTH="2223"
                          VPOS="2349"
                          HPOS="515"
                          CONTENT="Jacomo Rousseau hebbe ue gecrediteert voor ƒ150:-"/>
               </TextLine>
               <TextLine ID="region_1638872623264_162l24"
                         BASELINE="542,2512 645,2512 749,2510 853,2510 957,2512 1061,2512 1165,2514 1269,2516 1373,2518 1477,2521 1581,2524 1684,2526 1788,2528 1892,2530 1996,2531 2100,2532 2204,2532 2308,2532 2412,2530 2516,2528 2620,2524"
                         HEIGHT="157"
                         WIDTH="2108"
                         VPOS="2442"
                         HPOS="527">
                  <String ID="string_region_1638872623264_162l24"
                          HEIGHT="157"
                          WIDTH="2108"
                          VPOS="2442"
                          HPOS="527"
                          CONTENT="wisselg die ue aen hem op rekene voor mij heeft"/>
               </TextLine>
               <TextLine ID="region_1638872623264_162l25"
                         BASELINE="548,2626 656,2622 764,2620 872,2620 980,2620 1088,2620 1196,2622 1304,2624 1412,2626 1520,2628 1628,2630 1736,2632 1844,2633 1952,2634 2060,2636 2168,2636 2276,2636 2384,2634 2492,2632 2600,2627 2708,2622"
                         HEIGHT="181"
                         WIDTH="2189"
                         VPOS="2520"
                         HPOS="534">
                  <String ID="string_region_1638872623264_162l25"
                          HEIGHT="181"
                          WIDTH="2189"
                          VPOS="2520"
                          HPOS="534"
                          CONTENT="getelt hebbe reets partijen versche goederen"/>
               </TextLine>
               <TextLine ID="region_1638872623264_162l26"
                         BASELINE="544,2728 651,2726 758,2726 865,2726 972,2726 1079,2726 1186,2726 1293,2726 1400,2728 1507,2728 1614,2728 1721,2728 1828,2730 1935,2730 2042,2730 2149,2732 2256,2732 2363,2732 2470,2732 2577,2734 2684,2734"
                         HEIGHT="160"
                         WIDTH="2168"
                         VPOS="2611"
                         HPOS="530">
                  <String ID="string_region_1638872623264_162l26"
                          HEIGHT="160"
                          WIDTH="2168"
                          VPOS="2611"
                          HPOS="530"
                          CONTENT="ontfangen en als ue gelieft dver te coemen"/>
               </TextLine>
               <TextLine ID="region_1638872623264_162l27"
                         BASELINE="516,2848 622,2844 728,2842 834,2840 940,2838 1047,2836 1153,2834 1259,2834 1365,2832 1471,2832 1578,2832 1684,2831 1790,2830 1896,2830 2002,2828 2109,2828 2215,2826 2321,2826 2427,2824 2533,2822 2640,2820"
                         HEIGHT="139"
                         WIDTH="2154"
                         VPOS="2735"
                         HPOS="501">
                  <String ID="string_region_1638872623264_162l27"
                          HEIGHT="139"
                          WIDTH="2154"
                          VPOS="2735"
                          HPOS="501"
                          CONTENT="sal van alles bj mij ssortiment en sijn gerief"/>
               </TextLine>
               <TextLine ID="region_1638872623264_162l28"
                         BASELINE="542,2948 652,2946 762,2946 872,2944 982,2944 1092,2942 1202,2942 1312,2940 1422,2939 1532,2938 1643,2938 1753,2936 1863,2936 1973,2936 2083,2936 2193,2937 2303,2938 2413,2938 2523,2940 2633,2942 2744,2944"
                         HEIGHT="138"
                         WIDTH="2231"
                         VPOS="2828"
                         HPOS="528">
                  <String ID="string_region_1638872623264_162l28"
                          HEIGHT="138"
                          WIDTH="2231"
                          VPOS="2828"
                          HPOS="528"
                          CONTENT="vinden en sal traghten ue goeden coop en wette "/>
               </TextLine>
               <TextLine ID="region_1638872623264_162l29"
                         BASELINE="538,3044 647,3045 757,3046 866,3046 976,3046 1085,3046 1195,3046 1304,3044 1414,3044 1523,3043 1633,3042 1742,3042 1852,3042 1961,3042 2071,3042 2180,3044 2290,3046 2399,3048 2509,3052 2618,3056 2728,3062"
                         HEIGHT="124"
                         WIDTH="2219"
                         VPOS="2956"
                         HPOS="524">
                  <String ID="string_region_1638872623264_162l29"
                          HEIGHT="124"
                          WIDTH="2219"
                          VPOS="2956"
                          HPOS="524"
                          CONTENT="bedienen  om ue calandisie te moogen onderh"/>
               </TextLine>
               <TextLine ID="region_1638872623264_162l30"
                         BASELINE="524,3146 600,3147 676,3148 752,3148 829,3148 905,3148 981,3148 1058,3148 1134,3146 1210,3146 1287,3144 1363,3142 1439,3141 1515,3138 1592,3137 1668,3135 1744,3134 1821,3130 1897,3129 1973,3126 2050,3124"
                         HEIGHT="146"
                         WIDTH="1556"
                         VPOS="3056"
                         HPOS="510">
                  <String ID="string_region_1638872623264_162l30"
                          HEIGHT="146"
                          WIDTH="1556"
                          VPOS="3056"
                          HPOS="510"
                          CONTENT="en soo blijve naer groetenisse "/>
               </TextLine>
               <TextLine ID="region_1638872623264_162l31"
                         BASELINE="1868,3210 1893,3210 1918,3210 1944,3210 1969,3210 1994,3210 2020,3211 2045,3212 2070,3212 2096,3212 2121,3212 2146,3212 2172,3212 2197,3210 2222,3209 2248,3207 2273,3204 2298,3201 2324,3196"
                         HEIGHT="200"
                         WIDTH="485"
                         VPOS="3079"
                         HPOS="1853">
                  <String ID="string_region_1638872623264_162l31"
                          HEIGHT="200"
                          WIDTH="485"
                          VPOS="3079"
                          HPOS="1853"
                          CONTENT="aaege 0"/>
               </TextLine>
               <TextLine ID="region_1638872623264_162l32"
                         BASELINE="476,3242 518,3244 561,3246 604,3248 647,3250 690,3252 732,3252 775,3254 818,3256 861,3258 904,3258 946,3258 989,3260 1032,3260 1075,3260 1118,3258 1160,3258 1203,3256 1246,3256 1289,3254 1332,3250"
                         HEIGHT="173"
                         WIDTH="885"
                         VPOS="3138"
                         HPOS="461">
                  <String ID="string_region_1638872623264_162l32"
                          HEIGHT="173"
                          WIDTH="885"
                          VPOS="3138"
                          HPOS="461"
                          CONTENT="Rugne holls bourwes"/>
               </TextLine>
               <TextLine ID="region_1638872623264_162l33"
                         BASELINE="524,3318 634,3323 744,3326 855,3330 965,3332 1076,3334 1186,3335 1296,3336 1407,3336 1517,3336 1628,3336 1738,3334 1848,3334 1959,3334 2069,3332 2180,3332 2290,3330 2400,3330 2511,3330 2621,3330 2732,3330"
                         HEIGHT="137"
                         WIDTH="2237"
                         VPOS="3243"
                         HPOS="510">
                  <String ID="string_region_1638872623264_162l33"
                          HEIGHT="137"
                          WIDTH="2237"
                          VPOS="3243"
                          HPOS="510"
                          CONTENT="jene nus magener quil soit possible q paissies ager de la sorte "/>
               </TextLine>
               <TextLine ID="region_1638872623264_162l34"
                         BASELINE="532,3400 642,3402 753,3404 863,3404 974,3406 1085,3406 1195,3408 1306,3408 1416,3410 1527,3410 1638,3412 1748,3412 1859,3412 1969,3414 2080,3414 2191,3416 2301,3416 2412,3418 2522,3420 2633,3422 2744,3424"
                         HEIGHT="91"
                         WIDTH="2240"
                         VPOS="3343"
                         HPOS="518">
                  <String ID="string_region_1638872623264_162l34"
                          HEIGHT="91"
                          WIDTH="2240"
                          VPOS="3343"
                          HPOS="518"
                          CONTENT="mon egard mons vs estes honnes te homme et scavez en conscience "/>
               </TextLine>
               <TextLine ID="region_1638872623264_162l35"
                         BASELINE="514,3480 624,3478 735,3476 846,3474 957,3472 1068,3472 1178,3472 1289,3470 1400,3472 1511,3472 1622,3472 1732,3474 1843,3476 1954,3478 2065,3480 2176,3484 2286,3487 2397,3491 2508,3494 2619,3500 2730,3504"
                         HEIGHT="108"
                         WIDTH="2244"
                         VPOS="3438"
                         HPOS="500">
                  <String ID="string_region_1638872623264_162l35"
                          HEIGHT="108"
                          WIDTH="2244"
                          VPOS="3438"
                          HPOS="500"
                          CONTENT="q vs m'est nedevable est il dont just q vs delayez a me la testo "/>
               </TextLine>
               <TextLine ID="region_1638872623264_162l36"
                         BASELINE="542,3554 651,3550 760,3549 869,3548 979,3546 1088,3544 1197,3544 1307,3544 1416,3544 1525,3546 1635,3546 1744,3548 1853,3550 1962,3552 2072,3554 2181,3558 2290,3561 2400,3564 2509,3568 2618,3574 2728,3578"
                         HEIGHT="118"
                         WIDTH="2217"
                         VPOS="3475"
                         HPOS="526">
                  <String ID="string_region_1638872623264_162l36"
                          HEIGHT="118"
                          WIDTH="2217"
                          VPOS="3475"
                          HPOS="526"
                          CONTENT="roe et q je perde aprens plus en intrest q je peuus avoir gaighes"/>
               </TextLine>
               <TextLine ID="region_1638872623264_162l37"
                         BASELINE="512,3634 622,3634 733,3632 844,3632 954,3630 1065,3628 1176,3628 1286,3626 1397,3626 1508,3626 1619,3626 1729,3626 1840,3626 1951,3627 2061,3629 2172,3632 2283,3634 2393,3638 2504,3644 2615,3649 2726,3656"
                         HEIGHT="122"
                         WIDTH="2243"
                         VPOS="3570"
                         HPOS="497">
                  <String ID="string_region_1638872623264_162l37"
                          HEIGHT="122"
                          WIDTH="2243"
                          VPOS="3570"
                          HPOS="497"
                          CONTENT="sur les marchandises q je vs ay livre nay je vs pas bien serve et "/>
               </TextLine>
               <TextLine ID="region_1638872623264_162l38"
                         BASELINE="498,3704 607,3706 716,3708 826,3710 935,3710 1045,3710 1154,3710 1263,3710 1373,3710 1482,3710 1592,3710 1701,3712 1810,3712 1920,3712 2029,3714 2139,3716 2248,3719 2357,3722 2467,3726 2576,3732 2686,3738"
                         HEIGHT="135"
                         WIDTH="2216"
                         VPOS="3643"
                         HPOS="484">
                  <String ID="string_region_1638872623264_162l38"
                          HEIGHT="135"
                          WIDTH="2216"
                          VPOS="3643"
                          HPOS="484"
                          CONTENT="eun honneire mix pr quay m 'abandonney v je vs offre encor"/>
               </TextLine>
               <TextLine ID="region_1638872623264_162l39"
                         BASELINE="494,3796 604,3797 715,3798 826,3800 936,3800 1047,3800 1158,3800 1268,3800 1379,3800 1490,3800 1601,3800 1711,3800 1822,3800 1933,3800 2043,3802 2154,3804 2265,3806 2375,3808 2486,3812 2597,3816 2708,3822"
                         HEIGHT="104"
                         WIDTH="2243"
                         VPOS="3739"
                         HPOS="479">
                  <String ID="string_region_1638872623264_162l39"
                          HEIGHT="104"
                          WIDTH="2243"
                          VPOS="3739"
                          HPOS="479"
                          CONTENT="met marchandises en cas que vs faittes encor de negie et pe ne"/>
               </TextLine>
            </TextBlock>
            <TextBlock ID="region_1638872626792_165"
                       HEIGHT="3783"
                       WIDTH="2369"
                       VPOS="79"
                       HPOS="2794">
               <Shape>
                  <Polygon POINTS="2794,79 5163,79 5163,3862 2794,3862"/>
               </Shape>
               <TextLine ID="region_1638872626792_165l1"
                         BASELINE="2874,158 2986,153 3099,148 3211,144 3324,140 3436,138 3549,136 3661,136 3774,136 3886,136 3999,138 4111,139 4224,142 4336,144 4449,146 4561,150 4674,152 4786,157 4899,160 5011,164 5124,168"
                         HEIGHT="202"
                         WIDTH="2278"
                         VPOS="0"
                         HPOS="2860">
                  <String ID="string_region_1638872626792_165l1"
                          HEIGHT="202"
                          WIDTH="2278"
                          VPOS="0"
                          HPOS="2860"
                          CONTENT="  e    "/>
               </TextLine>
               <TextLine ID="region_1638872626792_165l2"
                         BASELINE="2862,254 2976,244 3091,236 3205,229 3320,226 3435,222 3549,222 3664,220 3778,222 3893,222 4008,224 4122,228 4237,230 4351,233 4466,236 4581,238 4695,240 4810,242 4924,242 5039,242 5154,240"
                         HEIGHT="158"
                         WIDTH="2320"
                         VPOS="140"
                         HPOS="2849">
                  <String ID="string_region_1638872626792_165l2"
                          HEIGHT="158"
                          WIDTH="2320"
                          VPOS="140"
                          HPOS="2849"
                          CONTENT="tacherons ns accomoder p ensemble et seronts tous jours bons "/>
               </TextLine>
               <TextLine ID="region_1638872626792_165l3"
                         BASELINE="2874,336 2988,328 3102,321 3216,315 3330,310 3445,308 3559,306 3673,306 3787,305 3901,306 4016,306 4130,308 4244,310 4358,312 4472,312 4587,314 4701,316 4815,316 4929,316 5043,314 5158,312"
                         HEIGHT="180"
                         WIDTH="2315"
                         VPOS="223"
                         HPOS="2859">
                  <String ID="string_region_1638872626792_165l3"
                          HEIGHT="180"
                          WIDTH="2315"
                          VPOS="223"
                          HPOS="2859"
                          CONTENT="amis jay les plus e beaute assortiment du monde et"/>
               </TextLine>
               <TextLine ID="region_1638872626792_165l4"
                         BASELINE="2876,438 2989,426 3103,414 3216,405 3330,400 3444,394 3557,392 3671,390 3784,388 3898,388 4012,390 4125,390 4239,392 4352,394 4466,396 4580,396 4693,398 4807,398 4920,396 5034,394 5148,390"
                         HEIGHT="157"
                         WIDTH="2301"
                         VPOS="300"
                         HPOS="2862">
                  <String ID="string_region_1638872626792_165l4"
                          HEIGHT="157"
                          WIDTH="2301"
                          VPOS="300"
                          HPOS="2862"
                          CONTENT="des peu belle marchandises q lon nues voir et suis prest"/>
               </TextLine>
               <TextLine ID="region_1638872626792_165l5"
                         BASELINE="2884,536 2994,521 3105,510 3215,501 3326,493 3436,487 3547,482 3657,480 3768,476 3878,476 3989,476 4099,476 4210,476 4320,476 4431,478 4541,478 4652,478 4762,480 4873,478 4983,478 5094,476"
                         HEIGHT="173"
                         WIDTH="2237"
                         VPOS="409"
                         HPOS="2869">
                  <String ID="string_region_1638872626792_165l5"
                          HEIGHT="173"
                          WIDTH="2237"
                          VPOS="409"
                          HPOS="2869"
                          CONTENT="pr vs rendre service et suis en attendant lhonnner de vre"/>
               </TextLine>
               <TextLine ID="region_1638872626792_165l6"
                         BASELINE="2890,622 2966,617 3043,612 3119,608 3196,603 3272,599 3349,593 3425,588 3502,583 3578,579 3655,575 3731,572 3808,568 3884,566 3961,562 4037,562 4114,562 4190,562 4267,564 4343,566 4420,570"
                         HEIGHT="196"
                         WIDTH="1559"
                         VPOS="479"
                         HPOS="2873">
                  <String ID="string_region_1638872626792_165l6"
                          HEIGHT="196"
                          WIDTH="1559"
                          VPOS="479"
                          HPOS="2873"
                          CONTENT="responce et la grace &amp; je vs demande"/>
               </TextLine>
               <TextLine ID="region_1638872626792_165l7"
                         BASELINE="4174,660 4204,658 4234,657 4265,656 4295,656 4326,656 4356,657 4386,658 4417,660 4447,660 4478,662 4508,663 4538,664 4569,666 4599,666 4630,668 4660,668 4690,670 4721,670 4751,670 4782,668"
                         HEIGHT="160"
                         WIDTH="638"
                         VPOS="575"
                         HPOS="4160">
                  <String ID="string_region_1638872626792_165l7"
                          HEIGHT="160"
                          WIDTH="638"
                          VPOS="575"
                          HPOS="4160"
                          CONTENT="2 augusty 1715"/>
               </TextLine>
               <TextLine ID="region_1638872626792_165l8"
                         BASELINE="2812,716 2844,714 2877,713 2909,712 2942,710 2975,710 3007,708 3040,707 3072,706 3105,704 3138,702 3170,701 3203,698 3235,698 3268,696 3301,693 3333,691 3366,689 3398,686 3431,684 3464,682"
                         HEIGHT="175"
                         WIDTH="684"
                         VPOS="605"
                         HPOS="2796">
                  <String ID="string_region_1638872626792_165l8"
                          HEIGHT="175"
                          WIDTH="684"
                          VPOS="605"
                          HPOS="2796"
                          CONTENT="Gans Jacobuu Baut"/>
               </TextLine>
               <TextLine ID="region_1638872626792_165l9"
                         BASELINE="2874,796 2987,792 3100,788 3213,786 3326,784 3440,782 3553,780 3666,778 3779,778 3892,776 4006,776 4119,776 4232,774 4345,774 4458,774 4572,772 4685,770 4798,770 4911,768 5024,764 5138,762"
                         HEIGHT="125"
                         WIDTH="2295"
                         VPOS="683"
                         HPOS="2859">
                  <String ID="string_region_1638872626792_165l9"
                          HEIGHT="125"
                          WIDTH="2295"
                          VPOS="683"
                          HPOS="2859"
                          CONTENT="vinde mijvereert met ue 2 aengenaeeo12 april  "/>
               </TextLine>
               <TextLine ID="region_1638872626792_165l10"
                         BASELINE="2862,874 2977,873 3092,872 3207,870 3322,868 3437,866 3552,864 3667,862 3782,862 3897,860 4012,858 4127,858 4242,856 4357,856 4472,854 4587,854 4702,854 4817,854 4932,854 5047,854 5162,854"
                         HEIGHT="147"
                         WIDTH="2329"
                         VPOS="796"
                         HPOS="2846">
                  <String ID="string_region_1638872626792_165l10"
                          HEIGHT="147"
                          WIDTH="2329"
                          VPOS="796"
                          HPOS="2846"
                          CONTENT="Juny laest met den laeste mij ne rck court mijne boecken"/>
               </TextLine>
               <TextLine ID="region_1638872626792_165l11"
                         BASELINE="2858,966 2969,961 3080,958 3191,956 3303,954 3414,952 3525,951 3637,950 3748,950 3859,950 3971,950 4082,950 4193,950 4304,950 4416,948 4527,948 4638,946 4750,944 4861,941 4972,938 5084,932"
                         HEIGHT="149"
                         WIDTH="2255"
                         VPOS="863"
                         HPOS="2844">
                  <String ID="string_region_1638872626792_165l11"
                          HEIGHT="149"
                          WIDTH="2255"
                          VPOS="863"
                          HPOS="2844"
                          CONTENT="niet bij wesende en hebbe die niet connen al noch naer"/>
               </TextLine>
               <TextLine ID="region_1638872626792_165l12"
                         BASELINE="2846,1050 2960,1046 3075,1042 3189,1039 3304,1036 3419,1034 3533,1032 3648,1030 3762,1028 3877,1028 3992,1026 4106,1026 4221,1025 4335,1024 4450,1024 4565,1024 4679,1024 4794,1022 4908,1022 5023,1022 5138,1020"
                         HEIGHT="113"
                         WIDTH="2320"
                         VPOS="961"
                         HPOS="2832">
                  <String ID="string_region_1638872626792_165l12"
                          HEIGHT="113"
                          WIDTH="2320"
                          VPOS="961"
                          HPOS="2832"
                          CONTENT="sien dat echter p eerste sal geschieden ende daccort bevinde"/>
               </TextLine>
               <TextLine ID="region_1638872626792_165l13"
                         BASELINE="2842,1136 2956,1134 3071,1134 3186,1132 3301,1130 3416,1128 3530,1126 3645,1124 3760,1122 3875,1120 3990,1118 4104,1116 4219,1114 4334,1112 4449,1111 4564,1108 4678,1108 4793,1106 4908,1104 5023,1104 5138,1102"
                         HEIGHT="150"
                         WIDTH="2327"
                         VPOS="1020"
                         HPOS="2827">
                  <String ID="string_region_1638872626792_165l13"
                          HEIGHT="150"
                          WIDTH="2327"
                          VPOS="1020"
                          HPOS="2827"
                          CONTENT="de gelijck niet en twijfflen met ue conform te luyen ue bid"/>
               </TextLine>
               <TextLine ID="region_1638872626792_165l14"
                         BASELINE="2862,1224 2976,1222 3090,1220 3204,1220 3318,1218 3433,1218 3547,1216 3661,1216 3775,1214 3889,1214 4004,1212 4118,1212 4232,1210 4346,1210 4460,1208 4575,1208 4689,1206 4803,1204 4917,1204 5031,1202 5146,1200"
                         HEIGHT="143"
                         WIDTH="2315"
                         VPOS="1105"
                         HPOS="2847">
                  <String ID="string_region_1638872626792_165l14"
                          HEIGHT="143"
                          WIDTH="2315"
                          VPOS="1105"
                          HPOS="2847"
                          CONTENT="dende voor de ingeleyde mijn tratos op dJ:0 saedelaer"/>
               </TextLine>
               <TextLine ID="region_1638872626792_165l15"
                         BASELINE="2866,1310 2980,1312 3095,1314 3209,1314 3324,1314 3439,1312 3553,1312 3668,1310 3782,1308 3897,1306 4012,1304 4126,1302 4241,1302 4355,1300 4470,1300 4585,1300 4699,1300 4814,1300 4928,1302 5043,1305 5158,1308"
                         HEIGHT="139"
                         WIDTH="2321"
                         VPOS="1247"
                         HPOS="2852">
                  <String ID="string_region_1638872626792_165l15"
                          HEIGHT="139"
                          WIDTH="2321"
                          VPOS="1247"
                          HPOS="2852"
                          CONTENT="op sicht van ƒ 400 wese het noodigh te procureeren en de "/>
               </TextLine>
               <TextLine ID="region_1638872626792_165l16"
                         BASELINE="2884,1404 2995,1406 3107,1408 3219,1408 3331,1408 3443,1406 3554,1405 3666,1404 3778,1402 3890,1400 4002,1398 4113,1398 4225,1396 4337,1396 4449,1394 4561,1396 4672,1396 4784,1398 4896,1400 5008,1405 5120,1410"
                         HEIGHT="171"
                         WIDTH="2263"
                         VPOS="1302"
                         HPOS="2870">
                  <String ID="string_region_1638872626792_165l16"
                          HEIGHT="171"
                          WIDTH="2263"
                          VPOS="1302"
                          HPOS="2870"
                          CONTENT="mij te crediteeren oock een engesloeten brefken voorron"/>
               </TextLine>
               <TextLine ID="region_1638872626792_165l17"
                         BASELINE="2860,1500 2974,1500 3089,1500 3203,1500 3318,1498 3433,1498 3547,1496 3662,1494 3776,1493 3891,1491 4006,1490 4120,1488 4235,1488 4349,1486 4464,1486 4579,1486 4693,1487 4808,1488 4922,1490 5037,1494 5152,1498"
                         HEIGHT="88"
                         WIDTH="2320"
                         VPOS="1456"
                         HPOS="2847">
                  <String ID="string_region_1638872626792_165l17"
                          HEIGHT="88"
                          WIDTH="2320"
                          VPOS="1456"
                          HPOS="2847"
                          CONTENT="en te wille voort ganck geven ende gepersceaeer te wesen"/>
               </TextLine>
               <TextLine ID="region_1638872626792_165l18"
                         BASELINE="2874,1600 2967,1598 3061,1596 3155,1594 3249,1594 3343,1592 3436,1592 3530,1592 3624,1591 3718,1590 3812,1590 3905,1590 3999,1588 4093,1588 4187,1586 4281,1586 4374,1584 4468,1582 4562,1580 4656,1578 4750,1576"
                         HEIGHT="169"
                         WIDTH="1904"
                         VPOS="1489"
                         HPOS="2860">
                  <String ID="string_region_1638872626792_165l18"
                          HEIGHT="169"
                          WIDTH="1904"
                          VPOS="1489"
                          HPOS="2860"
                          CONTENT="dat van herten ben als aen ue lieve famillie"/>
               </TextLine>
               <TextLine ID="region_1638872626792_165l19"
                         BASELINE="2820,1692 2860,1690 2900,1688 2940,1686 2980,1686 3020,1686 3060,1684 3100,1684 3140,1684 3180,1684 3220,1684 3260,1682 3300,1682 3340,1682 3380,1680 3420,1679 3460,1678 3500,1677 3540,1675 3580,1672 3620,1668"
                         HEIGHT="146"
                         WIDTH="830"
                         VPOS="1602"
                         HPOS="2804">
                  <String ID="string_region_1638872626792_165l19"
                          HEIGHT="146"
                          WIDTH="830"
                          VPOS="1602"
                          HPOS="2804"
                          CONTENT="Gent J:B: de saede laer"/>
               </TextLine>
               <TextLine ID="region_1638872626792_165l20"
                         BASELINE="4252,1684 4281,1684 4310,1683 4339,1682 4368,1682 4397,1682 4426,1682 4455,1682 4484,1682 4513,1682 4542,1682 4571,1682 4600,1682 4629,1682 4658,1682 4687,1682 4716,1682 4745,1682 4774,1682 4803,1682 4832,1682"
                         HEIGHT="157"
                         WIDTH="607"
                         VPOS="1594"
                         HPOS="4238">
                  <String ID="string_region_1638872626792_165l20"
                          HEIGHT="157"
                          WIDTH="607"
                          VPOS="1594"
                          HPOS="4238"
                          CONTENT="2 augealy 1715"/>
               </TextLine>
               <TextLine ID="region_1638872626792_165l21"
                         BASELINE="2876,1772 2989,1769 3102,1767 3215,1764 3328,1764 3442,1762 3555,1762 3668,1762 3781,1764 3894,1765 4008,1766 4121,1768 4234,1772 4347,1774 4460,1778 4574,1782 4687,1786 4800,1790 4913,1795 5026,1800 5140,1804"
                         HEIGHT="184"
                         WIDTH="2293"
                         VPOS="1659"
                         HPOS="2862">
                  <String ID="string_region_1638872626792_165l21"
                          HEIGHT="184"
                          WIDTH="2293"
                          VPOS="1659"
                          HPOS="2862"
                          CONTENT="ice en hebbe niet als tot mijn leet wesen gesien biy e aenge"/>
               </TextLine>
               <TextLine ID="region_1638872626792_165l22"
                         BASELINE="2868,1858 2981,1857 3095,1856 3209,1854 3322,1854 3436,1853 3550,1852 3663,1852 3777,1854 3891,1854 4005,1855 4118,1856 4232,1858 4346,1860 4459,1864 4573,1866 4687,1870 4800,1874 4914,1880 5028,1884 5142,1890"
                         HEIGHT="106"
                         WIDTH="2303"
                         VPOS="1791"
                         HPOS="2852">
                  <String ID="string_region_1638872626792_165l22"
                          HEIGHT="106"
                          WIDTH="2303"
                          VPOS="1791"
                          HPOS="2852"
                          CONTENT="naene van 6 past dat ue niet van mijne laeste gesondene "/>
               </TextLine>
               <TextLine ID="region_1638872626792_165l23"
                         BASELINE="2890,1946 3002,1946 3115,1946 3228,1946 3341,1944 3454,1944 3567,1944 3680,1944 3793,1944 3906,1944 4019,1944 4131,1946 4244,1948 4357,1951 4470,1954 4583,1959 4696,1964 4809,1970 4922,1979 5035,1988 5148,1998"
                         HEIGHT="157"
                         WIDTH="2287"
                         VPOS="1879"
                         HPOS="2876">
                  <String ID="string_region_1638872626792_165l23"
                          HEIGHT="157"
                          WIDTH="2287"
                          VPOS="1879"
                          HPOS="2876"
                          CONTENT="laeckens venocht hadde dan alleen a 15½ tot N19 icken hadde"/>
               </TextLine>
               <TextLine ID="region_1638872626792_165l24"
                         BASELINE="2858,2032 2971,2032 3084,2030 3198,2030 3311,2028 3425,2028 3538,2028 3651,2028 3765,2028 3878,2028 3992,2028 4105,2030 4218,2032 4332,2034 4445,2038 4559,2042 4672,2046 4785,2052 4899,2058 5012,2066 5126,2074"
                         HEIGHT="105"
                         WIDTH="2298"
                         VPOS="1998"
                         HPOS="2843">
                  <String ID="string_region_1638872626792_165l24"
                          HEIGHT="105"
                          WIDTH="2298"
                          VPOS="1998"
                          HPOS="2843"
                          CONTENT="niet eens gedacht oft die soude vercocht gewesst hebbe en ick "/>
               </TextLine>
               <TextLine ID="region_1638872626792_165l25"
                         BASELINE="2856,2134 2966,2132 3076,2130 3187,2130 3297,2128 3408,2128 3518,2128 3628,2126 3739,2126 3849,2128 3960,2128 4070,2128 4180,2130 4291,2132 4401,2134 4512,2138 4622,2140 4732,2144 4843,2149 4953,2154 5064,2160"
                         HEIGHT="144"
                         WIDTH="2237"
                         VPOS="2040"
                         HPOS="2843">
                  <String ID="string_region_1638872626792_165l25"
                          HEIGHT="144"
                          WIDTH="2237"
                          VPOS="2040"
                          HPOS="2843"
                          CONTENT="soud ue een ander partijen met het afgaen van saisoen "/>
               </TextLine>
               <TextLine ID="region_1638872626792_165l26"
                         BASELINE="2864,2216 2974,2218 3084,2218 3194,2218 3304,2220 3415,2220 3525,2222 3635,2222 3745,2224 3855,2224 3966,2226 4076,2227 4186,2228 4296,2229 4406,2230 4517,2230 4627,2232 4737,2232 4847,2232 4957,2232 5068,2232"
                         HEIGHT="109"
                         WIDTH="2234"
                         VPOS="2155"
                         HPOS="2849">
                  <String ID="string_region_1638872626792_165l26"
                          HEIGHT="109"
                          WIDTH="2234"
                          VPOS="2155"
                          HPOS="2849"
                          CONTENT="hebbe connen toesende het is hier even desolaet als a "/>
               </TextLine>
               <TextLine ID="region_1638872626792_165l27"
                         BASELINE="2884,2306 2997,2306 3110,2306 3223,2306 3336,2308 3450,2308 3563,2308 3676,2308 3789,2310 3902,2310 4016,2310 4129,2312 4242,2312 4355,2314 4468,2314 4582,2316 4695,2318 4808,2320 4921,2322 5034,2324 5148,2326"
                         HEIGHT="115"
                         WIDTH="2292"
                         VPOS="2270"
                         HPOS="2871">
                  <String ID="string_region_1638872626792_165l27"
                          HEIGHT="115"
                          WIDTH="2292"
                          VPOS="2270"
                          HPOS="2871"
                          CONTENT="costij de vremde raeneren de ingisetenen ende ick en wet"/>
               </TextLine>
               <TextLine ID="region_1638872626792_165l28"
                         BASELINE="2860,2394 2974,2397 3089,2398 3204,2400 3319,2400 3434,2400 3548,2400 3663,2398 3778,2398 3893,2398 4008,2398 4122,2398 4237,2398 4352,2400 4467,2402 4582,2406 4696,2410 4811,2416 4926,2423 5041,2431 5156,2442"
                         HEIGHT="107"
                         WIDTH="2328"
                         VPOS="2356"
                         HPOS="2845">
                  <String ID="string_region_1638872626792_165l28"
                          HEIGHT="107"
                          WIDTH="2328"
                          VPOS="2356"
                          HPOS="2845"
                          CONTENT="niet hoede ombaehtluyde al brijdes verver &amp; meer sulln"/>
               </TextLine>
               <TextLine ID="region_1638872626792_165l29"
                         BASELINE="2884,2480 2996,2480 3108,2480 3220,2480 3332,2480 3444,2480 3556,2480 3668,2480 3780,2480 3892,2482 4005,2482 4117,2484 4229,2484 4341,2486 4453,2490 4565,2492 4677,2495 4789,2500 4901,2504 5013,2510 5126,2516"
                         HEIGHT="158"
                         WIDTH="2272"
                         VPOS="2403"
                         HPOS="2869">
                  <String ID="string_region_1638872626792_165l29"
                          HEIGHT="158"
                          WIDTH="2272"
                          VPOS="2403"
                          HPOS="2869"
                          CONTENT="connen hebsisteeren ende door de banqueroete come de op"/>
               </TextLine>
               <TextLine ID="region_1638872626792_165l30"
                         BASELINE="2862,2572 2972,2570 3083,2570 3194,2570 3305,2568 3416,2568 3526,2568 3637,2568 3748,2568 3859,2568 3970,2568 4080,2570 4191,2570 4302,2572 4413,2572 4524,2574 4634,2576 4745,2578 4856,2580 4967,2582 5078,2586"
                         HEIGHT="149"
                         WIDTH="2245"
                         VPOS="2492"
                         HPOS="2847">
                  <String ID="string_region_1638872626792_165l30"
                          HEIGHT="149"
                          WIDTH="2245"
                          VPOS="2492"
                          HPOS="2847"
                          CONTENT="liede het hiunne te verliesen het sijn de drocte sijde die "/>
               </TextLine>
               <TextLine ID="region_1638872626792_165l31"
                         BASELINE="2874,2664 2987,2662 3101,2660 3215,2657 3329,2654 3443,2652 3556,2650 3670,2650 3784,2648 3898,2648 4012,2648 4125,2648 4239,2650 4353,2650 4467,2652 4581,2656 4694,2659 4808,2664 4922,2668 5036,2674 5150,2680"
                         HEIGHT="117"
                         WIDTH="2303"
                         VPOS="2579"
                         HPOS="2860">
                  <String ID="string_region_1638872626792_165l31"
                          HEIGHT="117"
                          WIDTH="2303"
                          VPOS="2579"
                          HPOS="2860"
                          CONTENT="mers beleven can godt geve beter die niets ne sotien en stilwere "/>
               </TextLine>
               <TextLine ID="region_1638872626792_165l32"
                         BASELINE="2882,2744 2995,2748 3109,2748 3222,2750 3336,2750 3450,2750 3563,2748 3677,2748 3790,2746 3904,2745 4018,2744 4131,2742 4245,2742 4358,2742 4472,2742 4586,2744 4699,2746 4813,2750 4926,2754 5040,2759 5154,2766"
                         HEIGHT="131"
                         WIDTH="2300"
                         VPOS="2678"
                         HPOS="2868">
                  <String ID="string_region_1638872626792_165l32"
                          HEIGHT="131"
                          WIDTH="2300"
                          VPOS="2678"
                          HPOS="2868"
                          CONTENT="geloeve de beste iek op eynde schen vinde daer en  ne li"/>
               </TextLine>
               <TextLine ID="region_1638872626792_165l33"
                         BASELINE="2856,2826 2970,2832 3084,2836 3198,2839 3312,2840 3426,2842 3540,2842 3654,2840 3768,2839 3882,2838 3996,2836 4110,2834 4224,2834 4338,2834 4452,2834 4566,2836 4680,2838 4794,2842 4908,2848 5022,2856 5136,2866"
                         HEIGHT="113"
                         WIDTH="2309"
                         VPOS="2751"
                         HPOS="2843">
                  <String ID="string_region_1638872626792_165l33"
                          HEIGHT="113"
                          WIDTH="2309"
                          VPOS="2751"
                          HPOS="2843"
                          CONTENT="mer als de negodie van mancitactiern weni heoft niet te dete"/>
               </TextLine>
               <TextLine ID="region_1638872626792_165l34"
                         BASELINE="2876,2914 2989,2917 3103,2920 3216,2924 3330,2924 3444,2926 3557,2926 3671,2926 3784,2926 3898,2926 4012,2926 4125,2924 4239,2924 4352,2924 4466,2924 4580,2922 4693,2922 4807,2924 4920,2924 5034,2926 5148,2928"
                         HEIGHT="122"
                         WIDTH="2300"
                         VPOS="2835"
                         HPOS="2862">
                  <String ID="string_region_1638872626792_165l34"
                          HEIGHT="122"
                          WIDTH="2300"
                          VPOS="2835"
                          HPOS="2862"
                          CONTENT="teeren meer aen den intrest toe te legun ales te wennen"/>
               </TextLine>
               <TextLine ID="region_1638872626792_165l35"
                         BASELINE="2874,2996 2985,2998 3096,3000 3207,3001 3319,3002 3430,3002 3541,3002 3653,3004 3764,3004 3875,3004 3987,3004 4098,3004 4209,3004 4320,3004 4432,3004 4543,3005 4654,3006 4766,3008 4877,3010 4988,3013 5100,3016"
                         HEIGHT="81"
                         WIDTH="2255"
                         VPOS="2955"
                         HPOS="2859">
                  <String ID="string_region_1638872626792_165l35"
                          HEIGHT="81"
                          WIDTH="2255"
                          VPOS="2955"
                          HPOS="2859"
                          CONTENT="2s en daer men goet vint aen gelt te becoemen ick recom"/>
               </TextLine>
               <TextLine ID="region_1638872626792_165l36"
                         BASELINE="2868,3076 2982,3080 3096,3082 3210,3084 3324,3084 3438,3086 3552,3086 3666,3086 3780,3086 3894,3086 4008,3086 4122,3086 4236,3086 4350,3088 4464,3088 4578,3090 4692,3092 4806,3095 4920,3098 5034,3102 5148,3108"
                         HEIGHT="129"
                         WIDTH="2309"
                         VPOS="3012"
                         HPOS="2853">
                  <String ID="string_region_1638872626792_165l36"
                          HEIGHT="129"
                          WIDTH="2309"
                          VPOS="3012"
                          HPOS="2853"
                          CONTENT="manderen ue vleven wel die laeckens te benofficeeren ende "/>
               </TextLine>
               <TextLine ID="region_1638872626792_165l37"
                         BASELINE="2864,3162 2978,3164 3093,3164 3208,3166 3323,3166 3438,3166 3553,3166 3668,3166 3783,3166 3898,3166 4013,3166 4127,3166 4242,3168 4357,3168 4472,3171 4587,3174 4702,3177 4817,3181 4932,3186 5047,3193 5162,3200"
                         HEIGHT="131"
                         WIDTH="2330"
                         VPOS="3111"
                         HPOS="2848">
                  <String ID="string_region_1638872626792_165l37"
                          HEIGHT="131"
                          WIDTH="2330"
                          VPOS="3111"
                          HPOS="2848"
                          CONTENT="geene occasien te laeten voor bij gaen om nu en dan eenige "/>
               </TextLine>
               <TextLine ID="region_1638872626792_165l38"
                         BASELINE="2880,3258 2993,3258 3107,3256 3221,3256 3334,3256 3448,3254 3562,3254 3675,3252 3789,3252 3903,3252 4017,3252 4130,3252 4244,3252 4358,3254 4471,3256 4585,3258 4699,3260 4812,3264 4926,3267 5040,3272 5154,3278"
                         HEIGHT="137"
                         WIDTH="2303"
                         VPOS="3168"
                         HPOS="2866">
                  <String ID="string_region_1638872626792_165l38"
                          HEIGHT="137"
                          WIDTH="2303"
                          VPOS="3168"
                          HPOS="2866"
                          CONTENT="te ontbeeden om onse n nsse te onderhoude en onscam"/>
               </TextLine>
               <TextLine ID="region_1638872626792_165l39"
                         BASELINE="2874,3334 2987,3338 3101,3340 3215,3340 3329,3340 3443,3340 3557,3338 3671,3334 3785,3332 3899,3330 4013,3327 4126,3326 4240,3324 4354,3324 4468,3326 4582,3328 4696,3332 4810,3339 4924,3347 5038,3358 5152,3370"
                         HEIGHT="117"
                         WIDTH="2309"
                         VPOS="3265"
                         HPOS="2858">
                  <String ID="string_region_1638872626792_165l39"
                          HEIGHT="117"
                          WIDTH="2309"
                          VPOS="3265"
                          HPOS="2858"
                          CONTENT="werckeuijde wat werck te besorgen de gementioneerdes to"/>
               </TextLine>
               <TextLine ID="region_1638872626792_165l40"
                         BASELINE="2862,3422 2977,3424 3092,3424 3207,3422 3322,3422 3437,3420 3552,3420 3667,3418 3782,3416 3897,3415 4013,3414 4128,3414 4243,3414 4358,3414 4473,3416 4588,3418 4703,3422 4818,3426 4933,3431 5048,3439 5164,3448"
                         HEIGHT="141"
                         WIDTH="2332"
                         VPOS="3334"
                         HPOS="2848">
                  <String ID="string_region_1638872626792_165l40"
                          HEIGHT="141"
                          WIDTH="2332"
                          VPOS="3334"
                          HPOS="2848"
                          CONTENT="wes: trecken heden op sicht aen d'ordre Dhr Jacob back die"/>
               </TextLine>
               <TextLine ID="region_1638872626792_165l41"
                         BASELINE="2860,3510 2906,3510 2953,3508 3000,3508 3047,3508 3094,3506 3140,3506 3187,3506 3234,3504 3281,3504 3328,3504 3374,3504 3421,3502 3468,3502 3515,3502 3562,3502 3608,3502 3655,3502 3702,3500 3749,3502 3796,3502"
                         HEIGHT="163"
                         WIDTH="966"
                         VPOS="3416"
                         HPOS="2846">
                  <String ID="string_region_1638872626792_165l41"
                          HEIGHT="163"
                          WIDTH="966"
                          VPOS="3416"
                          HPOS="2846"
                          CONTENT="gelieft te verkeeren blijve"/>
               </TextLine>
               <TextLine ID="region_1638872626792_165l42"
                         BASELINE="2804,3610 2844,3610 2885,3612 2926,3611 2967,3610 3008,3609 3048,3608 3089,3606 3130,3604 3171,3602 3212,3600 3252,3599 3293,3597 3334,3595 3375,3594 3416,3594 3456,3592 3497,3593 3538,3594 3579,3596 3620,3598"
                         HEIGHT="140"
                         WIDTH="848"
                         VPOS="3509"
                         HPOS="2787">
                  <String ID="string_region_1638872626792_165l42"
                          HEIGHT="140"
                          WIDTH="848"
                          VPOS="3509"
                          HPOS="2787"
                          CONTENT="Brussel segers"/>
               </TextLine>
               <TextLine ID="region_1638872626792_165l43"
                         BASELINE="4156,3588 4202,3590 4249,3590 4296,3592 4342,3593 4389,3595 4436,3596 4482,3598 4529,3600 4576,3602 4623,3604 4669,3606 4716,3606 4763,3608 4809,3609 4856,3610 4903,3612 4949,3612 4996,3612 5043,3612 5090,3612"
                         HEIGHT="159"
                         WIDTH="965"
                         VPOS="3496"
                         HPOS="4141">
                  <String ID="string_region_1638872626792_165l43"
                          HEIGHT="159"
                          WIDTH="965"
                          VPOS="3496"
                          HPOS="4141"
                          CONTENT="Ady 3 Augrist: 1715"/>
               </TextLine>
               <TextLine ID="region_1638872626792_165l44"
                         BASELINE="2850,3702 2962,3702 3074,3700 3186,3700 3299,3700 3411,3700 3523,3698 3636,3698 3748,3698 3860,3700 3973,3700 4085,3702 4197,3702 4309,3704 4422,3706 4534,3708 4646,3712 4759,3714 4871,3718 4983,3722 5096,3726"
                         HEIGHT="112"
                         WIDTH="2274"
                         VPOS="3624"
                         HPOS="2835">
                  <String ID="string_region_1638872626792_165l44"
                          HEIGHT="112"
                          WIDTH="2274"
                          VPOS="3624"
                          HPOS="2835"
                          CONTENT="het is mij leet te vernemen de onpasselijckheydt die ue "/>
               </TextLine>
               <TextLine ID="region_1638872626792_165l45"
                         BASELINE="2850,3770 2960,3768 3070,3768 3180,3770 3290,3770 3400,3772 3510,3774 3620,3776 3730,3779 3840,3782 3951,3784 4061,3786 4171,3788 4281,3790 4391,3790 4501,3790 4611,3790 4721,3788 4831,3785 4941,3781 5052,3774"
                         HEIGHT="117"
                         WIDTH="2232"
                         VPOS="3716"
                         HPOS="2835">
                  <String ID="string_region_1638872626792_165l45"
                          HEIGHT="117"
                          WIDTH="2232"
                          VPOS="3716"
                          HPOS="2835"
                          CONTENT="heeft overvallen. ick verhoepe en wensche dat het van "/>
               </TextLine>
               <TextLine ID="region_1638872626792_165l46"
                         BASELINE="2866,3842 2975,3842 3085,3842 3194,3844 3304,3846 3413,3847 3523,3848 3632,3850 3742,3852 3851,3853 3961,3854 4070,3856 4180,3857 4289,3858 4399,3858 4508,3858 4618,3858 4727,3856 4837,3856 4946,3854 5056,3850"
                         HEIGHT="80"
                         WIDTH="2217"
                         VPOS="3781"
                         HPOS="2853">
                  <String ID="string_region_1638872626792_165l46"
                          HEIGHT="80"
                          WIDTH="2217"
                          VPOS="3781"
                          HPOS="2853"
                          CONTENT="geen gevolgh sal wesen 1 aengaende de laekens die ue "/>
               </TextLine>
            </TextBlock>
         </PrintSpace>
      </Page>
   </Layout>
</alto>
