5065 4009
303 98 918 167 Mons N de hauchen.

1758 118 516 151 26 may 1714

451 180 2026 167 en reponce a lhonneur de la chere vre du 22 du

436 301 2043 116 courte ie vs ay dit g je facheray de faire et de m'ac

450 418 2041 120 commoder avec le teentierier de la maniere ne

435 457 2052 200 payes non plus q avez payee autre fois maerje

447 555 2078 205 slus bien asseure que ie ne le fera pllus pr cet argent

447 662 2021 192 il me la dit tellement que je vs conscelle d'en

451 745 2084 221 prendre l'espreuve pr un autre come me marque

460 858 1982 181 je m'estonne q ne me commendez en rien dans

458 951 1950 168 un botique il manque tous jours quelq chose

458 1068 2011 201 j'espere  vs estes content de la marchan dese

454 1142 1978 177 q je vs ay derniedement vendue et je tacheraf

463 1243 1991 218 de a diviger aensy en touttes occasions

467 1339 1949 240 pourrons augmentes nre corres pondence dar vs

464 1477 2048 219 pouvez vs bien imagi per quil ny a spersonne

498 1548 1963 241 qe sces servir plas pris que je ne paisfaire

478 1663 1952 239 je me recommade en vos bonnes grace et sis

1640 1813 514 162 26 may 1714

316 1823 799 182 Mons eA. Gallopen

498 1923 1997 186 Ape vs avoir esccipt le 23 court jay rencontre le

462 2014 1984 204 messager Jonaert au quil jay mes entre les mains

466 2114 2019 182 vs 2 p de draps dans uns petit pacquet mar

474 2231 2051 170 qui 4 il est partij le 24 au soih et m'a pro

471 2318 1958 181 mes  fera jener les drap pre vendredy le

478 2413 2034 190 foir estant au tellement q vs les aurez bien recss

454 2509 2063 159 come jespere je vs le mette au pied come je les vende

467 2632 2037 141 argent content et come je vs ay escrapt vs envoiant

462 2718 1983 154 let derniers voycj facture portantien argent de

467 2796 2017 171 change ƒ156:17 ¼ it vs plaira men crediter et

477 2906 2004 177 commander en tout ca quil j'offre pr vre service

478 2993 438 176 je me dit

1753 3059 606 153 26 maij 1714

330 3028 1137 227 tous may la veufre Brouta

412 3160 2093 206 come vs m'advises r lhonneur de la vre du 12 du

443 3292 2059 131 court mons Baut de Gand me marque d'avoir reccu

463 3340 1967 146 de vos graces pr mon conte un saig oargent ca

457 3418 1982 199 chette le quil reste encor la je vs avez prie en cas

465 3515 1999 195 q ne me pouvilz remettre d'en voyer a 3and de

447 3599 2015 187 loves au nistolles heefves ou veelles et vs faitez

454 3697 1895 178 au contraise vs devez scavoir quil y a encor ¼

2771 135 2203 134 puit de perte d'icy ar gand oe que je doit faire voitie

2753 199 2204 167 res l'argent enfin je voyeraz ces q j'en pourray faie

2755 321 2205 125 mais vs vs abaises as seu a couonnes n 'ont cours

2757 436 2206 159 pr icy qu' 5 8 patars de change et ƒ 3:54 en argent

2781 471 2167 199 court jay paile a mon frere Gerards come m'avez

2770 599 2179 172 recommandez il ne souhaitte pas ces es peces a

2770 668 2206 203 Gand pr le raisons jusdittes jespere come il ny a

2771 788 2171 196 plus de droit a pay ier qp cette pertede cn ange

2765 891 2203 190 cessera bien tost de misme afin is pies sions

2765 994 2155 187 negoteer p ensemble sans doute vs ns viendrez

2758 1107 2173 191 voir cette deste come je m'imagene ie

2773 1264 2137 139 fat scavoir que jay tres joluu assortement

2800 1329 2149 187 de toutte sorte de marchandise et q jere mon

2794 1452 2057 175 queray pas a vs bien servir estant de coeur

3980 1555 652 167 26 may 1714

2705 1553 809 172 tourmay et die hie

2786 1633 2165 218 pr lhonneur de la vre du 16 du ut jay reccu

2793 1760 2099 200 lettre de change de mesme dette a your dato a

2775 1873 2190 189 charge mons Anthoini hellin que l'et accepte

2785 1981 2162 200 1a elle soit payce en son temps je de chargeray

2759 2130 2195 149 vre compte de cent livres de gras si nongevs

2779 2206 2179 166 la renvoyeray avec protst je vs prie d'avoir con

2774 2317 2187 152 sideration et tachet a me re mettre ce quil

2802 2433 2154 122 vienne ca vs me causez trop d'intrest il pett

2797 2491 2105 171 au cie nement just q jp perdre en intrest ce

2781 2537 2182 223 que l'on pais gaigner apris les marchandise

2774 2692 2203 145 je vs le recommande et jespere que ns pouront

2770 2819 2173 105 rende veler la connoissance et arres pon

2783 2880 2108 122 dince et quil'y aure pr l'avenir plus die

2790 2993 2135 137 commerce et facilite a negotece puis quil

2769 3073 2092 154 ny plus des droibt a payeer au recois de la

2765 3156 2099 148 perte de change cela ne restere pas tous

2779 3247 2192 171 jours aen s y vs voyez q ie suis as  faulquent

2756 3354 2148 166 jl ne sier passe pas ef ce pr cela si vs avez

2766 3464 2205 128 besoing de la marchandises jay de tres beaux

2765 3540 2138 155 assortiments a vre servi ce commandes moy

2778 3626 2151 119 ou vernez me voit ns lacherrons de ns accom

2776 3744 2165 126 de p en semble je n'ayt en coraue nouvelle
