5158 3978
420 76 2177 167 noodigh heeft tot de 20 pistoolen avaneeren wessels

453 207 2088 155 alst aenden voet deser tot ue speaclatie naer men

415 281 1103 180 saeme groete nesse blijve

1838 357 529 196 10 Julle 1714

316 373 941 195 haet Joseph Daulmetie

425 478 2075 210 &ay quil y a longtemps qui je nayt eu l'honneurde

419 620 2078 127 ds voir ou de acevoir de vos commandements je

400 682 2184 194 suis encor bien aise devoir p la chere vre du 5 du

421 795 2055 129 court q jouises d'une bonne sancke je vs en soie

421 889 2086 208 haitte la continuation pr raucoup d'anneer

417 986 2087 221 vs asseurant quil me sera tousjours agrealle

434 1116 2159 203 a pouvoir entretener la veille connois sen

470 1243 2056 200 jes pere a la fin aussy & ns pounons au

454 1295 2134 240 menter nre comspondenie et q la paix y fera

452 1436 2140 216 du bien et f apres la mois son ns aurons lhop

452 1563 2116 189 nee de vs voir p iez pr faire quilq emplette

472 1663 1984 197 il est pmpossible q le commerce puisres

457 1798 2074 191 ter se imate ca pr dire la iecrite dans une

461 1915 2038 203 annee du temps ns n'avons peurier faire

429 2025 2153 205 jay asvez d'assortiment de touttes sortes de marchan

438 2153 2103 153 deses a vre service aussy de draps conform en cou

443 2261 2136 195 leeure all eschantillion q m'envoyes de toutte cosse

447 2365 1998 217 Aprix mais il m'est impossible vs envoyee

437 2497 2114 202 des monstres a cause q les draps sont en coppacte

359 2614 2184 208 en ballots et come se ne doubte aucnement oie

494 2730 2047 209 me viendres voir je suis asseuie q les trouverez

378 2839 2188 226 de mieux a vre goust venant pr icy vs assurans

405 2956 2163 207 aut que je ne manque ay jemais a vs bie serve

408 3080 2167 183 a con au oocasions au regard de ce sv:4 m'ess

406 3182 2102 183 confor redevalle je vs prie me le remettre cer

420 3273 2117 228 et aux il ny at dseunge occasion pr tiressu

404 3404 2126 202 regere vs os salvant de bon coeur je me

401 3532 629 156 loir  dit

398 3677 429 116 mayen a

409 3735 424 118 Jast de

3957 87 630 146 11 Jullet 1714

2652 84 1003 186 Leeds William Cockson

2772 168 2200 210 je doit faire responce a les 3 cheres vres 2 zet 26 may

2781 288 2214 134 et 20 jun dernier pr les quelles jay receu jay receu

2765 393 2156 136 factures et eschantillions de drans de 3 balots &

2769 496 2200 125 N12:3 dont pr on noissement vs en avez charge

2791 622 2181 120 2 javoir N5 et 3 dans le vaisseau de see klenter

2805 662 2161 202 pr ootterdam Dieu le veculle condiiere au bon

2790 765 2179 202 port selon vre advis jayt este en esperance de

2786 859 2207 260 tour en jour den voir nouvelle de somaede

2805 964 2098 240 cependant il ny at au cunne apparence ca

2784 1071 2189 270 quil me mcommode cest une mesere destres

2751 1194 2231 273 si longte mjes sans pouvoir avoir la marchandise

2782 1293 2196 207 on devroit travailler afin davoir plus frequen

2787 1389 2176 221 te commodite dhull pr la hollande je vvre

2794 1506 2144 224 commande l'eapedition du balot N2 car a

2776 1618 2192 242 jaison pr la debite de cessorte de draps j'avance

2770 1728 2203 258 et sils arrivent troptard les voila ser mesbras

2770 1858 2215 234 pr une annee en tien jespere d'avoir au pre

2784 1965 2170 217 mier vos nouvelles au sy q neeter hierter pas

2770 2085 2196 235 tira sans de laye et pourrat arriver pr la grace

2756 2183 2101 236 de Diee vs eschantillions me plassent a ssee

2773 2316 2157 220 bien au regard de ½ couleures si les draps ne soi

2771 2443 2168 248 ent pas top prossiers tout ira bien mais les 2

2743 2574 2187 214 pr  vs m'aves envoyee a past ne vaillent rcere

2787 2666 2148 227 alles sont tres mal apprestie et point larqs as

2774 2781 2151 251 sez la personne pr que je les ay fait venir ne le

2784 2905 2185 200 a point voulu accepter jay escrit pr amterd

2771 3040 2174 143 mr des remises sur londre et je fait tout de voirs

2762 3098 2206 189 pr en avoir a fir de vs remettre le changens ti

2758 3209 2158 157 et l'augmenfation est trop grande pr le nece

2740 3307 2208 193 du temps tant sur le change que sur les mance

2730 3428 2246 172 facture il ns est irpossible de faire un intrest

2731 3496 2253 126 de nre argent je ne manquerae pas a satuffaire

2711 3577 2242 162 a ma promesse et a vs remettre la valeur de ce

2721 3678 2265 170 que je vs dust cito possible entre temps voicy ma
