5495 3943
519 82 2116 200 Leeds Franwright Ady 11 bnarii 1716

567 181 2217 174 je n'ose puis tarder a vous faire responce a les vosines

570 313 2081 135 15:22. 26 sbre 16et 30 gbre et a celle de londres

518 412 2222 175 du 24 gbre de mad. Poouson et a vous dire que les

538 535 2108 172 aene derniers ballotts derget 20 me et bien

550 625 2219 194 parvennces grace a dien ie est a sounaitter que les

590 740 2169 164 affaires de vre maistre eustent fin et quil sir

578 866 2201 121 restabli nous croyons bien que vous ne comi

567 948 2181 185 ces affaires en son absence que p procure mais

564 1045 2210 184 c'ee a scavoir sil puis vous en passer a cette fin

548 1167 2111 132 dans l'estat ou il est et si nous pouvous dans

584 1303 2202 113 cette comineture negoticer avec le curite. il seroit

552 1430 2164 140 inieux me semble t'il que vous seriez les a faires

574 1497 2166 175 en vre noim propre et que nous laissimes le

560 1628 2097 140 compte que noussavons avec m. Crohson dans

540 1699 2149 171 =iestat ou il est a tant que nous voyerous a

607 1802 2155 185 moy cela ira ce n'est pas p. rapport a ce que

545 1926 2227 133 ie luy doibt qu'il n'est que d'omnne bayatelle car ie

579 2043 2055 165 voudrois de tout mon caus pouvoir liquider

562 2124 2222 145 nre compte courant j'espere aussy p la grace

567 2274 2164 142 de Dier que ie le voyeray restaberen bref e

552 2360 2228 170 qu'il me seroit tres agreable d'apprendre de sur

519 2472 640 163 loeven &. nyd

1634 2465 1120 177 Adj 14 Januar 1716

584 2562 2146 182 aen stonts onfange ick voor ue bieken van de wedu

586 2709 2205 194 wallemis ƒ240:- wisselgelde in gevolge mjne quittantie

569 2833 2199 163 die haer daer voor hebbe behandight. sij heeft mij op

565 2926 2226 150 ue billiet van ue handt geschreven gevraeght nae

571 3066 2219 164 een spaensch laeken op het stael dat ick Just hebbe

568 3161 2081 175 ende ue dan met haer toesende sijnder 84

532 3283 2240 179 N. 33 ¾ a 44 ¼ a ƒ 3:6 wisselgelde ƒ 143:15 waer voor n

541 3369 2243 209 gelieft te crediteeren het is seer curiens voordgaen

542 3484 2222 215 prijs en ingescoeven heeft ue het staek

2884 76 94 109 d

2870 92 2308 193 London scawen et stockdale Ady 15 Jauan: 1716

2855 235 2327 178 iay receu les deux vostres 2 'et il xbre avec facire

2860 358 2252 141 et connossement dem ballot de d0p colchesser bayes

2860 399 2263 194 or 4 charge en m. hounlto pour Rotterdam

2860 532 2185 138 dien le preserve det malheus et le conduize en

2866 651 2135 136 bon port mais cela tardera a cause de sorges

2875 714 2258 204 glles lesquelles dureront long tempt seson les

2863 818 2235 194 apparences vous auries mieux fair ne les

2852 928 2311 163 point charger voyant la gelle car ie n'aime point

2836 1022 2349 190 les marchandises si long temps aboard ne voyerar

2840 1137 2376 173 p a grace de dieu ce quis sera de eet sortes lesapris

2828 1262 2250 160 Eles ie trouve tres ehaires nayant amais ou

2846 1359 2340 162 parler de £5 la piesce les plus innes que ien

2834 1445 2340 185 ay jamais en ne me coustent en tout que vesz les

2868 1541 2196 202 50:- il fauldt quelles soiint dimne aultre

2852 1682 2235 174 Pouvelle uperfinne sorce et fabrique voi ie ne

2845 1775 2313 130 les pourray debiter. je suis sups voyaut le

2839 1866 2375 193 compre courant que m'en voyse ie vous ayt escrip

2846 1980 2232 165 en ce temps que ie ne servis d'ailtre snde den

2842 2108 2164 165 mois del vriz on iomay 1714 quil e spont de ƒ18

2820 2212 2302 152 £267: 2:6 qut me vendret a moy et que ie

2843 2341 2195 155 ne presende pas d'estre charge d'avance

2832 2421 2281 146 d'argent et en cas qua oos gaaces m'estove

2831 2539 2298 182 pas contents que vous na hepperiez ja mais des

2856 2661 2360 153 marchandiser avant que e vr n'au z' largent

2859 2802 2300 151 pour cels en caisse vous ou messicurs tros

2872 2896 2229 145 intressables et de cette praurere la nous ne

2842 2996 2302 127 conviendrons jamais p ensemiles sur ce pied

2855 3065 2290 206 du solde de lan 1714 e  £267:2:6 ie vous

2855 3176 2281 203 envoye un extraitt de t mes livres cy incluse

2863 3302 2267 192 pas ou il ne vous vienne de reste que st

2834 3416 2349 201 £31:5:11 vous le pouvez annoser de conformise

2850 3526 2214 171 sil vous plaist car ie ne vous passeray pas is

2873 3643 2229 132 d'avantage iay fait solie voous passes inme pord

2878 3738 2331 116 pour avance d'argent et vous voudrois m'eutres eraid
