5523 3943
524 95 2288 208 Ghendt JB De SaedelaerAdij 24 februari 1716

510 229 2311 137 met soude doodt wesen en van maehanderen niet weete

607 322 2173 155 door dien de negotie tot correspondentie soo weynighe

610 395 2130 188 occcasien avanceert echter vertrouwe ue nevens

594 485 2005 148 sijne familie in goede gesontheydt

578 588 2192 186 wensche te vernemen oft de 3 laekens ue voorleden

574 700 2182 170 jaer in meert gesonden 't vercoght wesen en ofter

550 775 2276 190 met het voorsaer geene andere en sult conen benefreen

584 903 2186 189 ick hebbe present super fijne blouwen en swerten

577 1005 2204 164 en draps dhommes op secht goet goet soo cnriense

561 1159 2088 115 alter deighe holantsche louden conmen weten

560 1223 2248 155 bidde ij eet 400:- wisselgelde oprekene te willen

613 1377 2008 129 remitteeren oft my permitteeren te trecken

546 1428 2195 167 het welck afwaghtende blijve met wensclhinghe

580 1549 1696 180 van den salighet vaten

1902 1636 805 202 Ady 23 d. 1716

488 1650 1402 224 mechelen Jacobus Parduyas

586 1747 2122 227 in antwoort op ue van gisteren en can ue het

552 1887 1888 199 laeken niet voor morgen middagh pest

590 1984 2235 208 waeghens gesenden redene van den seertsagh van

584 2114 2180 187 heden ende dat een pasportie moese haelen

548 2223 2259 177 sonder faute salt ue morgen a vout met oodis

577 2355 2198 153 gratie hebben soo naer alst moogelijck dean

563 2469 2254 198 wesen op ue stael tot 45 st salt het voorgaende

589 2568 1192 160 blijve naer groetenisse

2116 2608 79 113 2

2313 2591 227 195 10:

1715 2688 973 202 Adj 26: ala 176

490 2682 903 214 Mechelen Rrduyns

584 2832 2244 190 soo als ue opgisteren hebbe geadviseerti het laeken

543 2957 2111 136 deten aerenstagh met de waeghens vertrocken

599 3039 2245 193 en hoepe met Godts graire & desen avons by ne sal

616 3154 2054 188 ter handt coemen de facture als mede vant

596 3270 2229 125 voorgaende heeft ue aen den voet deser bedreeghende

596 3360 2116 142 in wisselgeld ƒ 167:8½ waer voor mij gelieft te

612 3488 2217 151 crediteeren & alser iets voorders tot ue dienst voorva

654 3583 2124 124 ich ben van alles abondantelijck voor ien en ick

569 3668 2203 151 sal ue in alle occasies soo goeden coop ais mandt

608 3745 2218 105 bedienen gelieft maer te comnaweer en die blijve

2868 97 2204 189 Brussel Joannes Haeghens Ady 28 februarie 1716

2901 177 2321 213 Ick hebbe ingevolge ue aengenaeme van 24 Januari: verwaght

2881 340 2259 157 dat ue mij soude geschreven hebben en passentie gehadt ick

2894 448 2315 133 verthoepe dat ue nu het geldt gereet heeft en daer optrecke

2883 526 2311 142 ick dan heden aen d'ordre Dh. Jacomo Rousseau te vetaelen

2867 656 2267 114 de ƒ400:- wisselgude die versoekes gelieft te verheeren

2894 774 2249 102 ick verhoepe door Godt genaede dat d etijden eens wat

2895 832 2284 175 sullen beteeren want anders ist ommoogelijck meer te

2892 920 2311 154 connen negoieeren: ue gelieve te considereeren dat ue

2895 1033 2315 177 mij nogh al betaelt op de goederen int jaer 1715 ue gelever

2905 1133 2236 197 ende dat ue mij sedert & maenden niets oprekene

2901 1240 2262 159 betaelt en heeft ick vertrouwe dat ue met den vasten

2894 1352 2244 142 al eens sal overcoemen en mij coemen besoeken

2902 1432 2282 154 ick hebbe het schoonste gerief van alle soorten van

2888 1553 2262 135 laekens versche goederen die men niet soghen sien

2881 1632 2277 196 can en ick sal ue als oots erviel bedienen die blijve

2864 1737 2136 206 Brussel Paulo de Brogeer Ady 28 d. 1716

2877 1844 2224 169 het gedenckt mij qualijck ue thebbeno vergesien oft ue

2889 1981 2267 133 hebben geschreven ick vertrouwe niettemis dat ue en

2893 2053 2321 185 sijn Beminde noch te saemen in goede gesontheydt weest

2894 2158 2154 142 ende dat ul eens met desen vasten sult vver coemen

2884 2284 2161 125 en iets noodigh hebben. ick hebbe voor de houde het

2867 2357 2358 185 sehoonste sortimentien versch goet ontfangen van spaenseh

2875 2459 2228 170 in geperste laekens dat ue soude connen desireeren

2882 2577 2306 133 endde dat ue buyten twijfel wel sal agreeeren ue weet

2878 2661 2224 143 dat ick alles doen wat moogelijck is om ue calandisie

2864 2773 2352 113 ie onderhouden: ick en sal in geene occasien daer aen

2866 2850 2243 196 manheeren mij maer in ue goede genegent heyet

2878 2963 2226 155 recommandeerende. ick pecke ƒ400:-- wisselgelde

2874 3035 2248 196 op rekene aen d'ordre jacomo Rousseau die hertelijck

2862 3150 2334 144 versoeke gelieft te betaelen ue sal mij verobligeeren

2864 3242 677 145 die blijve n

2873 3288 2201 236 Bruxeles Jacomo Rousseau Ady 28 d. 116

2871 3465 2239 140 lagreable vre 4 du corr. m'est parveclue en son temps

2890 3559 2291 114 ie vous prie procurer acceptation de l'incue remmes

2862 3660 2360 149 de ƒ560: de change sur le S. Pisson de vre ville auss

2879 3743 2240 123 de veue et en son temps le payement de mesme que
