<?xml version="1.0" encoding="UTF-8"?>
<alto xmlns:xsi="http://www.w3.org/2001/XMLSchema-instance"
      xmlns="http://www.loc.gov/standards/alto/ns-v4#"
      xmlns:page="http://schema.primaresearch.org/PAGE/gts/pagecontent/2013-07-15"
      xsi:schemaLocation="http://www.loc.gov/standards/alto/ns-v4# https://www.loc.gov/standards/alto/v4/alto.xsd">
   <Description>
      <MeasurementUnit>pixel</MeasurementUnit>
      <OCRProcessing ID="IdOcr">
         <ocrProcessingStep>
            <processingDateTime>2022-02-11T21:33:09.352+01:00</processingDateTime>
            <processingSoftware>
               <softwareCreator>READ COOP</softwareCreator>
               <softwareName>Transkribus</softwareName>
            </processingSoftware>
         </ocrProcessingStep>
      </OCRProcessing>
   </Description>
   <Layout>
      <Page ID="Page1" PHYSICAL_IMG_NR="1" HEIGHT="3943" WIDTH="5479">
         <TopMargin HEIGHT="0" WIDTH="5479" VPOS="0" HPOS="0"/>
         <LeftMargin HEIGHT="3943" WIDTH="0" VPOS="0" HPOS="0"/>
         <RightMargin HEIGHT="3943" WIDTH="0" VPOS="0" HPOS="5479"/>
         <BottomMargin HEIGHT="0" WIDTH="5479" VPOS="3943" HPOS="0"/>
         <PrintSpace HEIGHT="3943" WIDTH="5479" VPOS="0" HPOS="0">
            <TextBlock ID="region_1638872747504_216"
                       HEIGHT="3806"
                       WIDTH="2332"
                       VPOS="61"
                       HPOS="417">
               <Shape>
                  <Polygon POINTS="417,61 2749,61 2749,3867 417,3867"/>
               </Shape>
               <TextLine ID="region_1638872747504_216l1"
                         BASELINE="472,212 585,200 699,192 813,186 926,182 1040,178 1154,177 1267,176 1381,178 1495,179 1609,181 1722,183 1836,186 1950,188 2063,190 2177,192 2291,192 2404,192 2518,192 2632,188 2746,184"
                         HEIGHT="150"
                         WIDTH="2303"
                         VPOS="79"
                         HPOS="457">
                  <String ID="string_region_1638872747504_216l1"
                          HEIGHT="150"
                          WIDTH="2303"
                          VPOS="79"
                          HPOS="457"
                          CONTENT="Hallitan Thomas Martin Ady 14 Augusti 1715"/>
               </TextLine>
               <TextLine ID="region_1638872747504_216l2"
                         BASELINE="612,322 686,317 760,314 834,310 908,308 982,307 1056,306 1130,306 1204,304 1278,304 1353,304 1427,302 1501,302 1575,299 1649,296 1723,293 1797,289 1871,284 1945,276 2019,267 2094,258"
                         HEIGHT="199"
                         WIDTH="1512"
                         VPOS="183"
                         HPOS="595">
                  <String ID="string_region_1638872747504_216l2"
                          HEIGHT="199"
                          WIDTH="1512"
                          VPOS="183"
                          HPOS="595"
                          CONTENT="Ick hebbe ue aengenaeme  eu"/>
               </TextLine>
               <TextLine ID="region_1638872747504_216l3"
                         BASELINE="1822,326 1867,330 1913,332 1958,334 2004,334 2049,334 2095,334 2140,332 2186,331 2231,330 2277,328 2322,327 2368,326 2413,324 2459,324 2504,324 2550,326 2595,328 2641,331 2686,336 2732,340"
                         HEIGHT="165"
                         WIDTH="939"
                         VPOS="220"
                         HPOS="1808">
                  <String ID="string_region_1638872747504_216l3"
                          HEIGHT="165"
                          WIDTH="939"
                          VPOS="220"
                          HPOS="1808"
                          CONTENT="24 courwel ontfange"/>
               </TextLine>
               <TextLine ID="region_1638872747504_216l4"
                         BASELINE="584,436 688,430 793,425 898,420 1003,418 1108,417 1212,416 1317,418 1422,418 1527,420 1632,422 1736,424 1841,426 1946,428 2051,430 2156,432 2260,432 2365,431 2470,430 2575,426 2680,424"
                         HEIGHT="177"
                         WIDTH="2126"
                         VPOS="314"
                         HPOS="569">
                  <String ID="string_region_1638872747504_216l4"
                          HEIGHT="177"
                          WIDTH="2126"
                          VPOS="314"
                          HPOS="569"
                          CONTENT="dat ick ue geremitteert hebbe 5 sber 1715 st"/>
               </TextLine>
               <TextLine ID="region_1638872747504_216l5"
                         BASELINE="552,554 659,547 767,539 874,534 982,530 1089,528 1197,528 1304,528 1412,528 1519,530 1627,532 1734,534 1842,534 1949,536 2057,536 2164,536 2272,536 2379,534 2487,531 2594,527 2702,520"
                         HEIGHT="154"
                         WIDTH="2178"
                         VPOS="441"
                         HPOS="538">
                  <String ID="string_region_1638872747504_216l5"
                          HEIGHT="154"
                          WIDTH="2178"
                          VPOS="441"
                          HPOS="538"
                          CONTENT="£25:10 opscawen en stockdale dat is im mers"/>
               </TextLine>
               <TextLine ID="region_1638872747504_216l6"
                         BASELINE="516,678 627,669 738,662 849,656 961,652 1072,648 1183,646 1295,644 1406,644 1517,644 1629,644 1740,644 1851,646 1962,646 2074,647 2185,648 2296,648 2408,650 2519,650 2630,648 2742,648"
                         HEIGHT="158"
                         WIDTH="2254"
                         VPOS="570"
                         HPOS="502">
                  <String ID="string_region_1638872747504_216l6"
                          HEIGHT="158"
                          WIDTH="2254"
                          VPOS="570"
                          HPOS="502"
                          CONTENT="het netto salde geweest conforen ue gesonden"/>
               </TextLine>
               <TextLine ID="region_1638872747504_216l7"
                         BASELINE="504,778 614,774 724,768 835,764 945,762 1056,758 1166,756 1276,755 1387,754 1497,754 1608,754 1718,754 1828,754 1939,754 2049,756 2160,756 2270,758 2380,758 2491,758 2601,758 2712,760"
                         HEIGHT="197"
                         WIDTH="2236"
                         VPOS="658"
                         HPOS="490">
                  <String ID="string_region_1638872747504_216l7"
                          HEIGHT="197"
                          WIDTH="2236"
                          VPOS="658"
                          HPOS="490"
                          CONTENT="facture &amp; daer uten volght niet dat ick ue"/>
               </TextLine>
               <TextLine ID="region_1638872747504_216l8"
                         BASELINE="568,898 676,891 785,883 894,876 1002,872 1111,868 1220,866 1328,866 1437,864 1546,866 1655,866 1763,868 1872,868 1981,870 2089,871 2198,872 2307,872 2415,872 2524,872 2633,870 2742,868"
                         HEIGHT="167"
                         WIDTH="2204"
                         VPOS="754"
                         HPOS="552">
                  <String ID="string_region_1638872747504_216l8"
                          HEIGHT="167"
                          WIDTH="2204"
                          VPOS="754"
                          HPOS="552"
                          CONTENT="dasseurantie niet en wille betaelen daerom"/>
               </TextLine>
               <TextLine ID="region_1638872747504_216l9"
                         BASELINE="576,1016 681,1004 786,996 891,988 997,984 1102,980 1207,978 1313,976 1418,976 1523,978 1629,979 1734,981 1839,983 1944,986 2050,987 2155,988 2260,990 2366,990 2471,988 2576,986 2682,982"
                         HEIGHT="189"
                         WIDTH="2135"
                         VPOS="866"
                         HPOS="562">
                  <String ID="string_region_1638872747504_216l9"
                          HEIGHT="189"
                          WIDTH="2135"
                          VPOS="866"
                          HPOS="562"
                          CONTENT="bidde my in ontwoort te melden wat ue "/>
               </TextLine>
               <TextLine ID="region_1638872747504_216l10"
                         BASELINE="576,1132 678,1118 780,1108 882,1100 984,1094 1087,1089 1189,1086 1291,1084 1393,1084 1495,1086 1598,1087 1700,1089 1802,1092 1904,1094 2006,1096 2109,1098 2211,1100 2313,1100 2415,1100 2517,1098 2620,1094"
                         HEIGHT="149"
                         WIDTH="2074"
                         VPOS="996"
                         HPOS="560">
                  <String ID="string_region_1638872747504_216l10"
                          HEIGHT="149"
                          WIDTH="2074"
                          VPOS="996"
                          HPOS="560"
                          CONTENT="verders van oncosten en asseurantie "/>
               </TextLine>
               <TextLine ID="region_1638872747504_216l11"
                         BASELINE="572,1242 674,1228 777,1217 879,1208 982,1200 1085,1196 1187,1194 1290,1192 1392,1192 1495,1194 1598,1196 1700,1198 1803,1201 1905,1204 2008,1206 2111,1208 2213,1210 2316,1210 2418,1208 2521,1206 2624,1202"
                         HEIGHT="204"
                         WIDTH="2083"
                         VPOS="1095"
                         HPOS="557">
                  <String ID="string_region_1638872747504_216l11"
                          HEIGHT="204"
                          WIDTH="2083"
                          VPOS="1095"
                          HPOS="557"
                          CONTENT="geintresseert leydt oft betaelt hebt ick"/>
               </TextLine>
               <TextLine ID="region_1638872747504_216l12"
                         BASELINE="536,1360 642,1344 748,1333 855,1324 961,1316 1068,1312 1174,1308 1280,1306 1387,1306 1493,1306 1600,1308 1706,1310 1812,1312 1919,1314 2025,1316 2132,1318 2238,1318 2344,1318 2451,1316 2557,1314 2664,1308"
                         HEIGHT="204"
                         WIDTH="2156"
                         VPOS="1180"
                         HPOS="521">
                  <String ID="string_region_1638872747504_216l12"
                          HEIGHT="204"
                          WIDTH="2156"
                          VPOS="1180"
                          HPOS="521"
                          CONTENT="sal het ue remitteeren want ick en wille"/>
               </TextLine>
               <TextLine ID="region_1638872747504_216l13"
                         BASELINE="550,1462 659,1450 769,1441 878,1434 988,1428 1098,1424 1207,1422 1317,1420 1426,1420 1536,1420 1646,1420 1755,1422 1865,1424 1974,1424 2084,1426 2194,1428 2303,1428 2413,1428 2522,1426 2632,1424 2742,1420"
                         HEIGHT="148"
                         WIDTH="2222"
                         VPOS="1328"
                         HPOS="535">
                  <String ID="string_region_1638872747504_216l13"
                          HEIGHT="148"
                          WIDTH="2222"
                          VPOS="1328"
                          HPOS="535"
                          CONTENT="niet alleen dat ue ergens over soude connen"/>
               </TextLine>
               <TextLine ID="region_1638872747504_216l14"
                         BASELINE="568,1560 674,1551 781,1543 887,1537 994,1533 1101,1530 1207,1527 1314,1526 1420,1524 1527,1524 1634,1524 1740,1526 1847,1526 1953,1526 2060,1528 2167,1528 2273,1528 2380,1526 2486,1526 2593,1523 2700,1520"
                         HEIGHT="188"
                         WIDTH="2162"
                         VPOS="1421"
                         HPOS="553">
                  <String ID="string_region_1638872747504_216l14"
                          HEIGHT="188"
                          WIDTH="2162"
                          VPOS="1421"
                          HPOS="553"
                          CONTENT="claeghen: en hebbe gpresent geene bayen"/>
               </TextLine>
               <TextLine ID="region_1638872747504_216l15"
                         BASELINE="552,1674 652,1667 752,1661 852,1655 952,1650 1053,1646 1153,1642 1253,1639 1353,1637 1453,1636 1554,1634 1654,1634 1754,1634 1854,1634 1954,1634 2055,1634 2155,1634 2255,1636 2355,1636 2455,1636 2556,1636"
                         HEIGHT="174"
                         WIDTH="2034"
                         VPOS="1525"
                         HPOS="537">
                  <String ID="string_region_1638872747504_216l15"
                          HEIGHT="174"
                          WIDTH="2034"
                          VPOS="1525"
                          HPOS="537"
                          CONTENT="oft carseyen noodigh het debiet is ceijn"/>
               </TextLine>
               <TextLine ID="region_1638872747504_216l16"
                         BASELINE="552,1782 658,1773 765,1766 872,1759 978,1754 1085,1752 1192,1748 1298,1747 1405,1746 1512,1746 1619,1746 1725,1746 1832,1747 1939,1748 2045,1748 2152,1748 2259,1746 2365,1746 2472,1743 2579,1740 2686,1734"
                         HEIGHT="183"
                         WIDTH="2164"
                         VPOS="1638"
                         HPOS="537">
                  <String ID="string_region_1638872747504_216l16"
                          HEIGHT="183"
                          WIDTH="2164"
                          VPOS="1638"
                          HPOS="537"
                          CONTENT="sende nogh cleynder dewinste. men can"/>
               </TextLine>
               <TextLine ID="region_1638872747504_216l17"
                         BASELINE="552,1888 659,1879 767,1870 874,1865 982,1858 1090,1856 1197,1852 1305,1852 1412,1850 1520,1850 1628,1850 1735,1852 1843,1852 1950,1852 2058,1852 2166,1851 2273,1850 2381,1848 2488,1844 2596,1840 2704,1834"
                         HEIGHT="223"
                         WIDTH="2185"
                         VPOS="1742"
                         HPOS="535">
                  <String ID="string_region_1638872747504_216l17"
                          HEIGHT="223"
                          WIDTH="2185"
                          VPOS="1742"
                          HPOS="535"
                          CONTENT="geen intrest meer macken favorabeldere "/>
               </TextLine>
               <TextLine ID="region_1638872747504_216l18"
                         BASELINE="460,2002 573,1991 686,1982 799,1974 912,1968 1025,1965 1138,1962 1251,1960 1364,1960 1477,1958 1590,1958 1703,1958 1816,1960 1929,1958 2042,1958 2155,1957 2268,1954 2381,1951 2494,1946 2607,1940 2720,1932"
                         HEIGHT="179"
                         WIDTH="2291"
                         VPOS="1881"
                         HPOS="445">
                  <String ID="string_region_1638872747504_216l18"
                          HEIGHT="179"
                          WIDTH="2291"
                          VPOS="1881"
                          HPOS="445"
                          CONTENT="occasie voor coemende wille geerne met "/>
               </TextLine>
               <TextLine ID="region_1638872747504_216l19"
                         BASELINE="540,2106 620,2098 701,2089 782,2082 863,2077 944,2073 1024,2070 1105,2068 1186,2066 1267,2064 1348,2064 1428,2064 1509,2064 1590,2062 1671,2062 1752,2061 1832,2059 1913,2057 1994,2054 2075,2050 2156,2044"
                         HEIGHT="220"
                         WIDTH="1649"
                         VPOS="1951"
                         HPOS="523">
                  <String ID="string_region_1638872747504_216l19"
                          HEIGHT="220"
                          WIDTH="1649"
                          VPOS="1951"
                          HPOS="523"
                          CONTENT="ue continueeren die blijve"/>
               </TextLine>
               <TextLine ID="region_1638872747504_216l20"
                         BASELINE="428,2222 539,2211 650,2204 761,2198 873,2194 984,2190 1095,2188 1207,2188 1318,2188 1429,2188 1541,2190 1652,2190 1763,2190 1874,2190 1986,2190 2097,2188 2208,2185 2320,2180 2431,2174 2542,2165 2654,2154"
                         HEIGHT="202"
                         WIDTH="2256"
                         VPOS="2056"
                         HPOS="413">
                  <String ID="string_region_1638872747504_216l20"
                          HEIGHT="202"
                          WIDTH="2256"
                          VPOS="2056"
                          HPOS="413"
                          CONTENT="Londres scawen en stockdale Ady 14 d. 1715"/>
               </TextLine>
               <TextLine ID="region_1638872747504_216l21"
                         BASELINE="524,2316 632,2310 741,2306 850,2304 958,2302 1067,2300 1176,2300 1284,2300 1393,2300 1502,2300 1611,2300 1719,2302 1828,2302 1937,2302 2045,2302 2154,2301 2263,2299 2371,2296 2480,2293 2589,2288 2698,2282"
                         HEIGHT="186"
                         WIDTH="2203"
                         VPOS="2156"
                         HPOS="509">
                  <String ID="string_region_1638872747504_216l21"
                          HEIGHT="186"
                          WIDTH="2203"
                          VPOS="2156"
                          HPOS="509"
                          CONTENT="ensuitte a lhonneur de la chere vre 20 juin"/>
               </TextLine>
               <TextLine ID="region_1638872747504_216l22"
                         BASELINE="536,2416 644,2412 752,2410 860,2408 968,2406 1077,2406 1185,2406 1293,2408 1401,2408 1509,2408 1618,2410 1726,2410 1834,2412 1942,2412 2050,2410 2159,2410 2267,2408 2375,2406 2483,2401 2591,2396 2700,2390"
                         HEIGHT="193"
                         WIDTH="2193"
                         VPOS="2293"
                         HPOS="522">
                  <String ID="string_region_1638872747504_216l22"
                          HEIGHT="193"
                          WIDTH="2193"
                          VPOS="2293"
                          HPOS="522"
                          CONTENT="Jaj bien recen le ballot de 30 p. bayes de venter"/>
               </TextLine>
               <TextLine ID="region_1638872747504_216l23"
                         BASELINE="530,2546 633,2536 736,2529 839,2522 942,2518 1046,2516 1149,2516 1252,2516 1355,2516 1458,2518 1562,2520 1665,2522 1768,2522 1871,2524 1974,2524 2078,2522 2181,2519 2284,2515 2387,2509 2490,2501 2594,2490"
                         HEIGHT="180"
                         WIDTH="2095"
                         VPOS="2413"
                         HPOS="514">
                  <String ID="string_region_1638872747504_216l23"
                          HEIGHT="180"
                          WIDTH="2095"
                          VPOS="2413"
                          HPOS="514"
                          CONTENT="o 3 grace au leigneur. ie ne les ay point"/>
               </TextLine>
               <TextLine ID="region_1638872747504_216l24"
                         BASELINE="552,2642 661,2634 770,2630 879,2626 988,2624 1097,2622 1206,2620 1315,2622 1424,2622 1533,2622 1643,2624 1752,2626 1861,2627 1970,2628 2079,2628 2188,2628 2297,2628 2406,2626 2515,2624 2624,2618 2734,2612"
                         HEIGHT="174"
                         WIDTH="2210"
                         VPOS="2513"
                         HPOS="538">
                  <String ID="string_region_1638872747504_216l24"
                          HEIGHT="174"
                          WIDTH="2210"
                          VPOS="2513"
                          HPOS="538"
                          CONTENT="encor veue mais iaurois bien souhaiitte que ne"/>
               </TextLine>
               <TextLine ID="region_1638872747504_216l25"
                         BASELINE="540,2750 647,2742 755,2736 862,2732 970,2729 1077,2727 1185,2726 1292,2726 1400,2726 1507,2728 1615,2728 1722,2730 1830,2732 1937,2732 2045,2734 2152,2734 2260,2733 2367,2732 2475,2729 2582,2725 2690,2720"
                         HEIGHT="168"
                         WIDTH="2181"
                         VPOS="2626"
                         HPOS="524">
                  <String ID="string_region_1638872747504_216l25"
                          HEIGHT="168"
                          WIDTH="2181"
                          VPOS="2626"
                          HPOS="524"
                          CONTENT="m'auriez envoyée que les marques que ie vous"/>
               </TextLine>
               <TextLine ID="region_1638872747504_216l26"
                         BASELINE="540,2860 644,2852 749,2845 854,2840 959,2836 1064,2834 1169,2832 1274,2832 1379,2832 1484,2832 1589,2832 1693,2832 1798,2834 1903,2834 2008,2834 2113,2832 2218,2830 2323,2828 2428,2824 2533,2818 2638,2810"
                         HEIGHT="148"
                         WIDTH="2126"
                         VPOS="2735"
                         HPOS="525">
                  <String ID="string_region_1638872747504_216l26"
                          HEIGHT="148"
                          WIDTH="2126"
                          VPOS="2735"
                          HPOS="525"
                          CONTENT="ay demandee cast la plus ghands partie"/>
               </TextLine>
               <TextLine ID="region_1638872747504_216l27"
                         BASELINE="496,2940 604,2938 712,2936 820,2935 928,2934 1037,2934 1145,2934 1253,2934 1361,2934 1469,2936 1578,2936 1686,2936 1794,2936 1902,2936 2010,2936 2119,2934 2227,2934 2335,2932 2443,2929 2551,2926 2660,2922"
                         HEIGHT="145"
                         WIDTH="2193"
                         VPOS="2849"
                         HPOS="482">
                  <String ID="string_region_1638872747504_216l27"
                          HEIGHT="145"
                          WIDTH="2193"
                          VPOS="2849"
                          HPOS="482"
                          CONTENT="est contraire a mon ordre ie sonmois assez"/>
               </TextLine>
               <TextLine ID="region_1638872747504_216l28"
                         BASELINE="504,3054 614,3048 725,3043 836,3040 947,3036 1058,3036 1168,3034 1279,3034 1390,3034 1501,3034 1612,3036 1722,3036 1833,3038 1944,3038 2055,3038 2166,3040 2276,3040 2387,3038 2498,3037 2609,3035 2720,3032"
                         HEIGHT="167"
                         WIDTH="2245"
                         VPOS="2931"
                         HPOS="489">
                  <String ID="string_region_1638872747504_216l28"
                          HEIGHT="167"
                          WIDTH="2245"
                          VPOS="2931"
                          HPOS="489"
                          CONTENT="sits jausne y et Sy or on semblables. ie ne may"/>
               </TextLine>
               <TextLine ID="region_1638872747504_216l29"
                         BASELINE="536,3160 645,3154 754,3149 863,3144 972,3142 1082,3138 1191,3136 1300,3136 1409,3134 1518,3134 1628,3134 1737,3134 1846,3134 1955,3134 2064,3134 2174,3134 2283,3134 2392,3134 2501,3134 2610,3132 2720,3132"
                         HEIGHT="200"
                         WIDTH="2213"
                         VPOS="3031"
                         HPOS="521">
                  <String ID="string_region_1638872747504_216l29"
                          HEIGHT="200"
                          WIDTH="2213"
                          VPOS="3031"
                          HPOS="521"
                          CONTENT="jamais bien trouve presentement il me fault"/>
               </TextLine>
               <TextLine ID="region_1638872747504_216l30"
                         BASELINE="428,3262 541,3258 655,3254 768,3249 882,3246 995,3243 1109,3240 1222,3238 1336,3237 1449,3236 1563,3234 1676,3234 1790,3233 1903,3232 2017,3232 2130,3232 2244,3232 2357,3232 2471,3232 2584,3232 2698,3230"
                         HEIGHT="153"
                         WIDTH="2296"
                         VPOS="3130"
                         HPOS="414">
                  <String ID="string_region_1638872747504_216l30"
                          HEIGHT="153"
                          WIDTH="2296"
                          VPOS="3130"
                          HPOS="414"
                          CONTENT="avoir patience et ie voyeray ce quiil en sera"/>
               </TextLine>
               <TextLine ID="region_1638872747504_216l31"
                         BASELINE="522,3370 631,3362 740,3358 849,3354 958,3351 1068,3348 1177,3348 1286,3346 1395,3346 1504,3346 1614,3346 1723,3346 1832,3346 1941,3346 2050,3346 2160,3344 2269,3343 2378,3341 2487,3338 2596,3334 2706,3328"
                         HEIGHT="157"
                         WIDTH="2213"
                         VPOS="3235"
                         HPOS="508">
                  <String ID="string_region_1638872747504_216l31"
                          HEIGHT="157"
                          WIDTH="2213"
                          VPOS="3235"
                          HPOS="508"
                          CONTENT="Dieu vieulle prieux que ie ne memaine vous"/>
               </TextLine>
               <TextLine ID="region_1638872747504_216l32"
                         BASELINE="548,3464 657,3456 767,3452 877,3448 986,3446 1096,3444 1206,3444 1315,3444 1425,3444 1535,3446 1645,3448 1754,3450 1864,3452 1974,3454 2083,3454 2193,3456 2303,3456 2412,3454 2522,3452 2632,3448 2742,3444"
                         HEIGHT="173"
                         WIDTH="2221"
                         VPOS="3352"
                         HPOS="535">
                  <String ID="string_region_1638872747504_216l32"
                          HEIGHT="173"
                          WIDTH="2221"
                          VPOS="3352"
                          HPOS="535"
                          CONTENT="ne seaursez croire comme nous sommes miscret"/>
               </TextLine>
               <TextLine ID="region_1638872747504_216l33"
                         BASELINE="570,3566 678,3561 786,3556 894,3553 1002,3550 1110,3550 1218,3548 1326,3550 1434,3550 1542,3551 1650,3552 1758,3554 1866,3556 1974,3558 2082,3560 2190,3560 2298,3562 2406,3562 2514,3562 2622,3560 2730,3558"
                         HEIGHT="145"
                         WIDTH="2190"
                         VPOS="3446"
                         HPOS="554">
                  <String ID="string_region_1638872747504_216l33"
                          HEIGHT="145"
                          WIDTH="2190"
                          VPOS="3446"
                          HPOS="554"
                          CONTENT="il ny a plus le moindre negoce p. icy. tout "/>
               </TextLine>
               <TextLine ID="region_1638872747504_216l34"
                         BASELINE="542,3672 651,3665 761,3658 870,3654 980,3650 1089,3648 1199,3648 1308,3648 1418,3648 1527,3650 1637,3652 1746,3655 1856,3658 1965,3661 2075,3664 2184,3666 2294,3668 2403,3669 2513,3670 2622,3670 2732,3668"
                         HEIGHT="156"
                         WIDTH="2219"
                         VPOS="3555"
                         HPOS="528">
                  <String ID="string_region_1638872747504_216l34"
                          HEIGHT="156"
                          WIDTH="2219"
                          VPOS="3555"
                          HPOS="528"
                          CONTENT="a riet nn commerce ne change. nous p'avons "/>
               </TextLine>
               <TextLine ID="region_1638872747504_216l35"
                         BASELINE="546,3758 654,3753 763,3748 871,3744 980,3742 1088,3740 1197,3738 1305,3738 1414,3738 1522,3740 1631,3740 1739,3742 1848,3744 1956,3745 2065,3746 2173,3748 2282,3750 2390,3750 2499,3752 2607,3752 2716,3750"
                         HEIGHT="168"
                         WIDTH="2199"
                         VPOS="3653"
                         HPOS="532">
                  <String ID="string_region_1638872747504_216l35"
                          HEIGHT="168"
                          WIDTH="2199"
                          VPOS="3653"
                          HPOS="532"
                          CONTENT="plus de bourse pour ainsy dire dhi plus moyen="/>
               </TextLine>
               <TextLine ID="region_1638872747504_216l36"
                         BASELINE="550,3836 655,3836 760,3834 865,3834 971,3832 1076,3832 1181,3832 1287,3832 1392,3832 1497,3832 1603,3832 1708,3834 1813,3834 1918,3834 2024,3834 2129,3836 2234,3836 2340,3836 2445,3836 2550,3836 2656,3836"
                         HEIGHT="98"
                         WIDTH="2135"
                         VPOS="3734"
                         HPOS="536">
                  <String ID="string_region_1638872747504_216l36"
                          HEIGHT="98"
                          WIDTH="2135"
                          VPOS="3734"
                          HPOS="536"
                          CONTENT="a faire valoir son argent tos verviers es les "/>
               </TextLine>
            </TextBlock>
            <TextBlock ID="region_1638872751911_219"
                       HEIGHT="3774"
                       WIDTH="2350"
                       VPOS="88"
                       HPOS="2799">
               <Shape>
                  <Polygon POINTS="2799,88 5149,88 5149,3862 2799,3862"/>
               </Shape>
               <TextLine ID="region_1638872751911_219l1"
                         BASELINE="2830,202 2945,196 3061,192 3177,189 3293,186 3409,184 3524,182 3640,182 3756,182 3872,182 3988,184 4103,184 4219,186 4335,188 4451,190 4567,192 4682,196 4798,198 4914,202 5030,204 5146,208"
                         HEIGHT="108"
                         WIDTH="2346"
                         VPOS="122"
                         HPOS="2814">
                  <String ID="string_region_1638872751911_219l1"
                          HEIGHT="108"
                          WIDTH="2346"
                          VPOS="122"
                          HPOS="2814"
                          CONTENT="hallandois fournissent les draps et tout le pays quiin"/>
               </TextLine>
               <TextLine ID="region_1638872751911_219l2"
                         BASELINE="2834,312 2949,306 3065,300 3180,296 3296,292 3412,290 3527,288 3643,286 3758,286 3874,286 3990,287 4105,288 4221,290 4336,292 4452,296 4568,299 4683,302 4799,307 4914,312 5030,317 5146,322"
                         HEIGHT="124"
                         WIDTH="2340"
                         VPOS="204"
                         HPOS="2819">
                  <String ID="string_region_1638872751911_219l2"
                          HEIGHT="124"
                          WIDTH="2340"
                          VPOS="204"
                          HPOS="2819"
                          CONTENT="ui a plus moyen den ureer de vos cartiers et pour"/>
               </TextLine>
               <TextLine ID="region_1638872751911_219l3"
                         BASELINE="2836,422 2950,416 3064,412 3178,408 3292,404 3406,401 3520,400 3634,398 3748,398 3862,398 3976,400 4090,400 4204,402 4318,404 4432,406 4546,410 4660,412 4774,415 4888,418 5002,420 5116,422"
                         HEIGHT="186"
                         WIDTH="2309"
                         VPOS="313"
                         HPOS="2822">
                  <String ID="string_region_1638872751911_219l3"
                          HEIGHT="186"
                          WIDTH="2309"
                          VPOS="313"
                          HPOS="2822"
                          CONTENT="les moindres sortes draps estoffes die eseAnglois "/>
               </TextLine>
               <TextLine ID="region_1638872751911_219l4"
                         BASELINE="2840,532 2946,530 3053,528 3160,526 3267,524 3374,523 3480,522 3587,522 3694,520 3801,520 3908,520 4014,522 4121,522 4228,522 4335,524 4442,524 4548,526 4655,528 4762,528 4869,530 4976,532"
                         HEIGHT="119"
                         WIDTH="2164"
                         VPOS="440"
                         HPOS="2826">
                  <String ID="string_region_1638872751911_219l4"
                          HEIGHT="119"
                          WIDTH="2164"
                          VPOS="440"
                          HPOS="2826"
                          CONTENT="mesme de truissent le tout generaclement "/>
               </TextLine>
               <TextLine ID="region_1638872751911_219l5"
                         BASELINE="2852,652 2963,648 3075,644 3187,640 3298,638 3410,638 3522,638 3633,636 3745,638 3857,638 3969,638 4080,640 4192,640 4304,642 4415,642 4527,644 4639,644 4750,644 4862,643 4974,642 5086,640"
                         HEIGHT="156"
                         WIDTH="2262"
                         VPOS="519"
                         HPOS="2838">
                  <String ID="string_region_1638872751911_219l5"
                          HEIGHT="156"
                          WIDTH="2262"
                          VPOS="519"
                          HPOS="2838"
                          CONTENT="ie vous debite done de  £50:-: pour mon"/>
               </TextLine>
               <TextLine ID="region_1638872751911_219l6"
                         BASELINE="2858,760 2968,758 3078,758 3188,758 3298,758 3409,756 3519,756 3629,756 3739,756 3849,756 3960,756 4070,756 4180,758 4290,758 4400,758 4511,760 4621,760 4731,762 4841,762 4951,764 5062,766"
                         HEIGHT="134"
                         WIDTH="2233"
                         VPOS="658"
                         HPOS="2842">
                  <String ID="string_region_1638872751911_219l6"
                          HEIGHT="134"
                          WIDTH="2233"
                          VPOS="658"
                          HPOS="2842"
                          CONTENT="divident escher ast jean et ietire la mesme"/>
               </TextLine>
               <TextLine ID="region_1638872751911_219l7"
                         BASELINE="2854,868 2962,868 3071,868 3180,870 3289,870 3398,870 3506,870 3615,872 3724,872 3833,872 3942,872 4050,874 4159,874 4268,874 4377,874 4486,876 4594,876 4703,876 4812,876 4921,876 5030,878"
                         HEIGHT="180"
                         WIDTH="2204"
                         VPOS="771"
                         HPOS="2840">
                  <String ID="string_region_1638872751911_219l7"
                          HEIGHT="180"
                          WIDTH="2204"
                          VPOS="771"
                          HPOS="2840"
                          CONTENT="somme en faveur m william Cootson"/>
               </TextLine>
               <TextLine ID="region_1638872751911_219l8"
                         BASELINE="2874,988 2985,984 3097,982 3209,980 3320,978 3432,978 3544,978 3655,980 3767,981 3879,982 3991,984 4102,986 4214,988 4326,990 4437,992 4549,994 4661,996 4772,998 4884,998 4996,998 5108,996"
                         HEIGHT="193"
                         WIDTH="2263"
                         VPOS="885"
                         HPOS="2861">
                  <String ID="string_region_1638872751911_219l8"
                          HEIGHT="193"
                          WIDTH="2263"
                          VPOS="885"
                          HPOS="2861"
                          CONTENT="dontie vous prie faire honneur les nouvelles"/>
               </TextLine>
               <TextLine ID="region_1638872751911_219l9"
                         BASELINE="2858,1092 2970,1092 3083,1090 3195,1090 3308,1090 3421,1090 3533,1092 3646,1092 3758,1093 3871,1094 3984,1096 4096,1098 4209,1100 4321,1102 4434,1104 4547,1108 4659,1110 4772,1114 4884,1117 4997,1120 5110,1124"
                         HEIGHT="167"
                         WIDTH="2282"
                         VPOS="1015"
                         HPOS="2843">
                  <String ID="string_region_1638872751911_219l9"
                          HEIGHT="167"
                          WIDTH="2282"
                          VPOS="1015"
                          HPOS="2843"
                          CONTENT="de vos quatiers sont variables et adrmoyables "/>
               </TextLine>
               <TextLine ID="region_1638872751911_219l10"
                         BASELINE="2858,1220 2968,1216 3078,1212 3188,1210 3298,1208 3408,1206 3518,1206 3628,1206 3738,1206 3848,1206 3958,1208 4068,1208 4178,1210 4288,1212 4398,1215 4508,1218 4618,1220 4728,1223 4838,1226 4948,1228 5058,1232"
                         HEIGHT="153"
                         WIDTH="2231"
                         VPOS="1140"
                         HPOS="2843">
                  <String ID="string_region_1638872751911_219l10"
                          HEIGHT="153"
                          WIDTH="2231"
                          VPOS="1140"
                          HPOS="2843"
                          CONTENT="pourt moy ie ne m'embaraste en aucunne"/>
               </TextLine>
               <TextLine ID="region_1638872751911_219l11"
                         BASELINE="2854,1330 2967,1326 3081,1321 3194,1318 3308,1316 3422,1316 3535,1316 3649,1316 3762,1318 3876,1319 3990,1322 4103,1323 4217,1326 4330,1328 4444,1330 4558,1332 4671,1332 4785,1334 4898,1334 5012,1334 5126,1332"
                         HEIGHT="151"
                         WIDTH="2300"
                         VPOS="1224"
                         HPOS="2840">
                  <String ID="string_region_1638872751911_219l11"
                          HEIGHT="151"
                          WIDTH="2300"
                          VPOS="1224"
                          HPOS="2840"
                          CONTENT="maniere et ilme semble que ie prirs estre en"/>
               </TextLine>
               <TextLine ID="region_1638872751911_219l12"
                         BASELINE="2860,1434 2970,1430 3080,1428 3190,1426 3300,1426 3410,1426 3520,1428 3630,1428 3740,1430 3850,1432 3960,1434 4070,1437 4180,1440 4290,1442 4400,1444 4510,1446 4620,1446 4730,1446 4840,1446 4950,1446 5060,1444"
                         HEIGHT="166"
                         WIDTH="2231"
                         VPOS="1330"
                         HPOS="2845">
                  <String ID="string_region_1638872751911_219l12"
                          HEIGHT="166"
                          WIDTH="2231"
                          VPOS="1330"
                          HPOS="2845"
                          CONTENT="respos pour met intrests ce que dieu vieullee"/>
               </TextLine>
               <TextLine ID="region_1638872751911_219l13"
                         BASELINE="2876,1548 2989,1544 3103,1542 3216,1540 3330,1540 3444,1540 3557,1542 3671,1542 3784,1544 3898,1548 4012,1550 4125,1552 4239,1554 4352,1557 4466,1558 4580,1560 4693,1560 4807,1560 4920,1560 5034,1558 5148,1554"
                         HEIGHT="178"
                         WIDTH="2300"
                         VPOS="1458"
                         HPOS="2862">
                  <String ID="string_region_1638872751911_219l13"
                          HEIGHT="178"
                          WIDTH="2300"
                          VPOS="1458"
                          HPOS="2862"
                          CONTENT="il est a souhaitter que lorrage de Banque routtes"/>
               </TextLine>
               <TextLine ID="region_1638872751911_219l14"
                         BASELINE="2860,1658 2970,1654 3080,1651 3191,1650 3301,1650 3412,1650 3522,1652 3632,1654 3743,1656 3853,1659 3964,1662 4074,1666 4184,1668 4295,1672 4405,1674 4516,1676 4626,1676 4736,1676 4847,1676 4957,1674 5068,1670"
                         HEIGHT="198"
                         WIDTH="2239"
                         VPOS="1549"
                         HPOS="2845">
                  <String ID="string_region_1638872751911_219l14"
                          HEIGHT="198"
                          WIDTH="2239"
                          VPOS="1549"
                          HPOS="2845"
                          CONTENT="puis cetter. il trouble tout commer ce p "/>
               </TextLine>
               <TextLine ID="region_1638872751911_219l15"
                         BASELINE="2830,1770 2945,1765 3060,1760 3175,1758 3290,1758 3406,1758 3521,1760 3636,1762 3751,1766 3866,1768 3982,1772 4097,1776 4212,1779 4327,1783 4442,1786 4558,1788 4673,1789 4788,1790 4903,1788 5018,1786 5134,1782"
                         HEIGHT="195"
                         WIDTH="2332"
                         VPOS="1664"
                         HPOS="2816">
                  <String ID="string_region_1638872751911_219l15"
                          HEIGHT="195"
                          WIDTH="2332"
                          VPOS="1664"
                          HPOS="2816"
                          CONTENT="gr ace de dieu s'en suis encor excmpt pragaux"/>
               </TextLine>
               <TextLine ID="region_1638872751911_219l16"
                         BASELINE="2858,1884 2955,1877 3052,1872 3149,1870 3246,1868 3343,1868 3440,1868 3537,1868 3634,1870 3731,1872 3828,1874 3925,1878 4022,1881 4119,1884 4216,1888 4313,1890 4410,1892 4507,1894 4604,1896 4701,1896 4798,1896"
                         HEIGHT="154"
                         WIDTH="1971"
                         VPOS="1771"
                         HPOS="2844">
                  <String ID="string_region_1638872751911_219l16"
                          HEIGHT="154"
                          WIDTH="1971"
                          VPOS="1771"
                          HPOS="2844"
                          CONTENT="encor rien sousert ous son naitte d"/>
               </TextLine>
               <TextLine ID="region_1638872751911_219l17"
                         BASELINE="2864,1970 2911,1973 2958,1974 3005,1974 3052,1974 3099,1974 3146,1972 3193,1971 3240,1970 3287,1968 3334,1966 3381,1964 3428,1964 3475,1962 3522,1962 3569,1962 3616,1963 3663,1964 3710,1968 3757,1971 3804,1976"
                         HEIGHT="154"
                         WIDTH="971"
                         VPOS="1889"
                         HPOS="2849">
                  <String ID="string_region_1638872751911_219l17"
                          HEIGHT="154"
                          WIDTH="971"
                          VPOS="1889"
                          HPOS="2849"
                          CONTENT="mes me cestant "/>
               </TextLine>
               <TextLine ID="region_1638872751911_219l18"
                         BASELINE="2828,2072 2932,2070 3036,2068 3140,2068 3244,2066 3348,2066 3452,2065 3556,2064 3660,2066 3764,2066 3869,2066 3973,2068 4077,2070 4181,2071 4285,2072 4389,2074 4493,2078 4597,2080 4701,2084 4805,2086 4910,2090"
                         HEIGHT="143"
                         WIDTH="2112"
                         VPOS="1969"
                         HPOS="2814">
                  <String ID="string_region_1638872751911_219l18"
                          HEIGHT="143"
                          WIDTH="2112"
                          VPOS="1969"
                          HPOS="2814"
                          CONTENT="les retours pour a comp des indes sont "/>
               </TextLine>
               <TextLine ID="region_1638872751911_219l19"
                         BASELINE="2858,2174 2971,2174 3085,2174 3199,2176 3313,2176 3427,2177 3541,2178 3655,2180 3769,2182 3883,2184 3997,2186 4110,2188 4224,2190 4338,2192 4452,2194 4566,2196 4680,2198 4794,2200 4908,2202 5022,2204 5136,2206"
                         HEIGHT="163"
                         WIDTH="2309"
                         VPOS="2094"
                         HPOS="2843">
                  <String ID="string_region_1638872751911_219l19"
                          HEIGHT="163"
                          WIDTH="2309"
                          VPOS="2094"
                          HPOS="2843"
                          CONTENT="considerables en hollande 'esper ede mesme"/>
               </TextLine>
               <TextLine ID="region_1638872751911_219l20"
                         BASELINE="2838,2302 2880,2300 2923,2298 2966,2297 3009,2296 3052,2294 3095,2292 3138,2291 3181,2290 3224,2288 3267,2287 3309,2286 3352,2286 3395,2284 3438,2284 3481,2284 3524,2284 3567,2284 3610,2284 3653,2284 3696,2286"
                         HEIGHT="192"
                         WIDTH="889"
                         VPOS="2190"
                         HPOS="2822">
                  <String ID="string_region_1638872751911_219l20"
                          HEIGHT="192"
                          WIDTH="889"
                          VPOS="2190"
                          HPOS="2822"
                          CONTENT="pour ches vous"/>
               </TextLine>
               <TextLine ID="region_1638872751911_219l21"
                         BASELINE="2798,2424 2913,2420 3028,2416 3143,2414 3258,2414 3373,2412 3488,2414 3603,2414 3718,2416 3833,2418 3948,2420 4063,2422 4178,2425 4293,2428 4408,2430 4523,2432 4638,2434 4753,2435 4868,2436 4983,2436 5098,2434"
                         HEIGHT="233"
                         WIDTH="2330"
                         VPOS="2273"
                         HPOS="2782">
                  <String ID="string_region_1638872751911_219l21"
                          HEIGHT="233"
                          WIDTH="2330"
                          VPOS="2273"
                          HPOS="2782"
                          CONTENT="weds William Cookson Ady 17 Augusti 1715"/>
               </TextLine>
               <TextLine ID="region_1638872751911_219l22"
                         BASELINE="2850,2516 2964,2514 3079,2514 3194,2514 3309,2516 3424,2518 3538,2520 3653,2522 3768,2526 3883,2528 3998,2532 4112,2536 4227,2538 4342,2542 4457,2544 4572,2546 4686,2548 4801,2550 4916,2550 5031,2550 5146,2550"
                         HEIGHT="190"
                         WIDTH="2329"
                         VPOS="2426"
                         HPOS="2833">
                  <String ID="string_region_1638872751911_219l22"
                          HEIGHT="190"
                          WIDTH="2329"
                          VPOS="2426"
                          HPOS="2833"
                          CONTENT="j'espere que mes deux precedentes de et 5 du court "/>
               </TextLine>
               <TextLine ID="region_1638872751911_219l23"
                         BASELINE="2866,2616 2975,2616 3085,2616 3194,2618 3304,2618 3413,2620 3523,2622 3632,2624 3742,2627 3851,2630 3961,2633 4070,2636 4180,2640 4289,2642 4399,2646 4508,2650 4618,2652 4727,2656 4837,2658 4946,2660 5056,2664"
                         HEIGHT="201"
                         WIDTH="2222"
                         VPOS="2516"
                         HPOS="2849">
                  <String ID="string_region_1638872751911_219l23"
                          HEIGHT="201"
                          WIDTH="2222"
                          VPOS="2516"
                          HPOS="2849"
                          CONTENT="vous seront parvannees depuis jageir la vre "/>
               </TextLine>
               <TextLine ID="region_1638872751911_219l24"
                         BASELINE="2868,2722 2974,2722 3081,2722 3188,2722 3294,2724 3401,2725 3508,2728 3614,2730 3721,2732 3828,2734 3935,2737 4041,2740 4148,2743 4255,2746 4361,2748 4468,2750 4575,2752 4681,2754 4788,2754 4895,2756 5002,2756"
                         HEIGHT="167"
                         WIDTH="2161"
                         VPOS="2627"
                         HPOS="2855">
                  <String ID="string_region_1638872751911_219l24"
                          HEIGHT="167"
                          WIDTH="2161"
                          VPOS="2627"
                          HPOS="2855"
                          CONTENT="sans datte davec facture ƒ24 eschantillions "/>
               </TextLine>
               <TextLine ID="region_1638872751911_219l25"
                         BASELINE="2862,2826 2976,2828 3090,2830 3204,2830 3318,2832 3432,2834 3546,2836 3660,2838 3774,2842 3888,2844 4003,2846 4117,2850 4231,2852 4345,2856 4459,2858 4573,2862 4687,2864 4801,2868 4915,2870 5029,2874 5144,2876"
                         HEIGHT="191"
                         WIDTH="2311"
                         VPOS="2745"
                         HPOS="2846">
                  <String ID="string_region_1638872751911_219l25"
                          HEIGHT="191"
                          WIDTH="2311"
                          VPOS="2745"
                          HPOS="2846"
                          CONTENT="du ballot p  les bleach gray sont vons pour"/>
               </TextLine>
               <TextLine ID="region_1638872751911_219l26"
                         BASELINE="2852,2926 2966,2930 3081,2932 3196,2935 3311,2938 3426,2939 3540,2940 3655,2942 3770,2944 3885,2946 4000,2946 4114,2949 4229,2952 4344,2954 4459,2958 4574,2961 4688,2966 4803,2972 4918,2979 5033,2986 5148,2994"
                         HEIGHT="187"
                         WIDTH="2324"
                         VPOS="2842"
                         HPOS="2837">
                  <String ID="string_region_1638872751911_219l26"
                          HEIGHT="187"
                          WIDTH="2324"
                          VPOS="2842"
                          HPOS="2837"
                          CONTENT="la couledire les steelgrayest pount ils sopr trop "/>
               </TextLine>
               <TextLine ID="region_1638872751911_219l27"
                         BASELINE="2856,3040 2966,3042 3076,3042 3186,3044 3296,3044 3406,3046 3516,3046 3626,3048 3736,3048 3846,3049 3956,3050 4066,3052 4176,3054 4286,3056 4396,3058 4506,3060 4616,3064 4726,3068 4836,3072 4946,3077 5056,3082"
                         HEIGHT="174"
                         WIDTH="2232"
                         VPOS="2961"
                         HPOS="2840">
                  <String ID="string_region_1638872751911_219l27"
                          HEIGHT="174"
                          WIDTH="2232"
                          VPOS="2961"
                          HPOS="2840"
                          CONTENT="brun je vous ay demande les bleack grapey"/>
               </TextLine>
               <TextLine ID="region_1638872751911_219l28"
                         BASELINE="2868,3148 2975,3150 3083,3150 3191,3150 3299,3150 3407,3152 3515,3152 3623,3152 3731,3153 3839,3154 3947,3156 4054,3156 4162,3158 4270,3162 4378,3164 4486,3168 4594,3172 4702,3175 4810,3181 4918,3188 5026,3194"
                         HEIGHT="194"
                         WIDTH="2188"
                         VPOS="3063"
                         HPOS="2854">
                  <String ID="string_region_1638872751911_219l28"
                          HEIGHT="194"
                          WIDTH="2188"
                          VPOS="3063"
                          HPOS="2854"
                          CONTENT="si noirs vue vous les pouvez pouver mais"/>
               </TextLine>
               <TextLine ID="region_1638872751911_219l29"
                         BASELINE="2864,3260 2977,3260 3090,3258 3204,3258 3317,3258 3431,3260 3544,3260 3657,3262 3771,3263 3884,3266 3998,3267 4111,3270 4224,3272 4338,3276 4451,3278 4565,3282 4678,3285 4791,3288 4905,3292 5018,3296 5132,3300"
                         HEIGHT="197"
                         WIDTH="2300"
                         VPOS="3164"
                         HPOS="2849">
                  <String ID="string_region_1638872751911_219l29"
                          HEIGHT="197"
                          WIDTH="2300"
                          VPOS="3164"
                          HPOS="2849"
                          CONTENT="point  steel grayess. 12 ne scay ce que j'ensiia"/>
               </TextLine>
               <TextLine ID="region_1638872751911_219l30"
                         BASELINE="2868,3366 2979,3366 3091,3366 3202,3368 3314,3368 3426,3369 3537,3370 3649,3372 3760,3374 3872,3376 3984,3380 4095,3382 4207,3385 4318,3388 4430,3392 4542,3394 4653,3398 4765,3402 4876,3406 4988,3409 5100,3412"
                         HEIGHT="196"
                         WIDTH="2261"
                         VPOS="3268"
                         HPOS="2854">
                  <String ID="string_region_1638872751911_219l30"
                          HEIGHT="196"
                          WIDTH="2261"
                          VPOS="3268"
                          HPOS="2854"
                          CONTENT="aultre fois vous m'en avec envoyee de plus jolies "/>
               </TextLine>
               <TextLine ID="region_1638872751911_219l31"
                         BASELINE="2850,3474 2959,3474 3068,3474 3177,3474 3286,3476 3395,3478 3504,3480 3613,3482 3722,3484 3831,3488 3940,3491 4049,3494 4158,3496 4267,3500 4376,3502 4485,3504 4594,3504 4703,3506 4812,3506 4921,3506 5030,3504"
                         HEIGHT="153"
                         WIDTH="2207"
                         VPOS="3376"
                         HPOS="2836">
                  <String ID="string_region_1638872751911_219l31"
                          HEIGHT="153"
                          WIDTH="2207"
                          VPOS="3376"
                          HPOS="2836"
                          CONTENT="couleu ils sur cette couleure le p quill&amp; a "/>
               </TextLine>
               <TextLine ID="region_1638872751911_219l32"
                         BASELINE="2876,3586 2984,3582 3093,3580 3202,3580 3310,3580 3419,3580 3528,3582 3636,3584 3745,3586 3854,3590 3963,3593 4071,3596 4180,3598 4289,3602 4397,3604 4506,3606 4615,3608 4723,3608 4832,3608 4941,3606 5050,3604"
                         HEIGHT="180"
                         WIDTH="2205"
                         VPOS="3509"
                         HPOS="2861">
                  <String ID="string_region_1638872751911_219l32"
                          HEIGHT="180"
                          WIDTH="2205"
                          VPOS="3509"
                          HPOS="2861"
                          CONTENT="c'est la qualite plus de voy balloys que jovre"/>
               </TextLine>
               <TextLine ID="region_1638872751911_219l33"
                         BASELINE="2860,3682 2961,3680 3063,3678 3164,3678 3266,3678 3368,3678 3469,3680 3571,3681 3672,3684 3774,3686 3876,3688 3977,3690 4079,3692 4180,3695 4282,3696 4384,3698 4485,3700 4587,3700 4688,3700 4790,3700 4892,3698"
                         HEIGHT="166"
                         WIDTH="2063"
                         VPOS="3597"
                         HPOS="2845">
                  <String ID="string_region_1638872751911_219l33"
                          HEIGHT="166"
                          WIDTH="2063"
                          VPOS="3597"
                          HPOS="2845"
                          CONTENT="lus da chag z ay ie car c'est e solie p"/>
               </TextLine>
               <TextLine ID="region_1638872751911_219l34"
                         BASELINE="2886,3772 2997,3774 3108,3774 3219,3776 3331,3776 3442,3776 3553,3776 3665,3778 3776,3778 3887,3778 3999,3778 4110,3778 4221,3778 4332,3780 4444,3780 4555,3780 4666,3782 4778,3784 4889,3786 5000,3788 5112,3790"
                         HEIGHT="198"
                         WIDTH="2257"
                         VPOS="3621"
                         HPOS="2871">
                  <String ID="string_region_1638872751911_219l34"
                          HEIGHT="198"
                          WIDTH="2257"
                          VPOS="3621"
                          HPOS="2871"
                          CONTENT="demployeer for argent dans les ures"/>
               </TextLine>
               <TextLine ID="region_1638872751911_219l35"
                         BASELINE="2888,3846 2996,3844 3104,3844 3213,3846 3321,3846 3430,3846 3538,3846 3646,3846 3755,3848 3863,3848 3972,3848 4080,3850 4188,3850 4297,3850 4405,3850 4514,3850 4622,3850 4730,3850 4839,3850 4947,3850 5056,3850"
                         HEIGHT="78"
                         WIDTH="2198"
                         VPOS="3780"
                         HPOS="2873">
                  <String ID="string_region_1638872751911_219l35"
                          HEIGHT="78"
                          WIDTH="2198"
                          VPOS="3780"
                          HPOS="2873"
                          CONTENT="J'ay var eu et euu du temps de mon Pere que les "/>
               </TextLine>
            </TextBlock>
         </PrintSpace>
      </Page>
   </Layout>
</alto>
