5479 3943
473 87 2245 145 daer van ue het bevinden met occasie sal adviseeren

513 154 2231 192 ingesloeten op lours versn acosty t £55:-:- van 9

495 274 1396 186 August iusos blijve

469 366 2242 244 Bruxelles Jacomo Rousseau Ady 14 bre1715

569 563 2198 143 Jay reccu en son temps lhonneur de la vre 26 du passé

433 683 2344 154 avec ma traitte de ƒ300: a charge le s. Beeckmans

545 751 2207 144 du retour quiil vous n'a paye in vre reccu pour

549 830 2212 186 mon compte que ƒ184:1 £30:16:2 dont ie vous ay

536 966 2210 205 debise. ayant occasion javorable Jay prix la

572 1094 2149 130 Liberte ceiourdhuy de sirer sui vos graces

574 1193 2137 183 ƒ2304: de change a veus a lordre du dieur

581 1289 2158 191 du gene henrij friex valeurder S. glaure fuiray

579 1403 2174 162 2 vous prie e faire honneur et me croire

442 1507 2236 218 Brussel Joonnes Kaeghens Ady 14 ditto 1715

542 1653 2222 131 niet dat ue op sondagh alhier nogh hadde gesien

530 1741 2199 195 soo twefelde niet oft ue soude de facture hebben

564 1862 2190 192 coemen haelen voor ue vertreck vant maxhe goet

544 1959 2036 152 TH. heden  opr Beuttschips ue afgesonden

574 2061 2146 157 in wisselgeld ƒ1183:13½ ue heeft die nu aen den

578 2179 2164 159 roes ddeser en gelieve de goederen eens welte

570 2255 2146 178 examineeren ue salondervinden dat ick ue

550 2390 2219 172 eerlijck en goeden oop bedient hebbe waer aen

552 2498 2231 162 in geene occasien en sal mankeeren biddende

591 2597 2073 134 de continuatie van ue calandisie en van ue

590 2709 2184 136 vrinden te moogen hebben: men heeft mij eene

569 2811 2128 193 partye valekens pack gaeren thuysgebrocht

533 2939 2227 139 sonder te segghen voor wie. ick geloove de selve

569 3027 2186 169 voor ue sulen wesen —. ick salte op ue advie

546 3147 1291 184 ue doesenden en blijve

1710 3265 917 180 Ady 14 sber 1715

426 3274 872 178 Brussel C Segers

552 3355 2201 167 hoe ick nenegen ben oft iet m ue Jeanimeeren soo

540 3464 2230 197 gelieft het ue soo te stellen dat het mij onmogelijck is

529 3577 2192 136 hate dienen niemands in ofst werpen en heeft

529 3661 2248 152 sulcke fijne carseyen nochte en besteeden die prijsen

578 3781 2192 79 niet  oock aen geene bayenende de carseyen

2834 121 2222 135 tlaen noch daeghelyckx op ick moete patientie

2862 209 2309 134 hebben den sieere heeft mij mede coemen besoeken

2861 346 2358 125 ende mijn huy svrouwe heet wederom geadmiustiee

2875 438 2221 158 geweest dogh gaet een weijnigh beeser alhoewel

2854 534 2248 130 niet buyten gevaer het afsiegnaetseken van ƒ60:

2871 641 2291 136 wisselgelde sal in passant by uen swaeger mon

2847 797 2215 142 fiere sire jacobs eens gaen ontfangen blijve

2835 854 2148 220 Brussel JBapt Beydaels Ady 14 sber 1715

2858 1006 2145 164 ick sien bij ue missive van 9 deser ue het niet

2866 1139 2306 103 te passe en coemt dat ick de gevraeghde comme

2863 1238 2108 164 op rekene soude trecken ue en moet geen

2861 1297 2322 212 raeudie vraeghen oft sich niet in comnodeeren

2855 1446 2342 151 ick sal tot in het beginses vande naeste oemende

2848 1505 2153 165 maende Doer waghten ende dan trecken

2854 1602 2175 195 ick bidde ue daerom niet uj t te stellen van

2868 1708 2114 154 over te coemen ende te leoopen heeft ue het

2846 1818 2301 175 noodigh want ick verseekere ue dat ge nu schoon

2855 1910 2101 188 gerief en sortement van alles sult vinden

2868 2020 2132 200 ende dat ick ue viel sal bedienen die blijve

2852 2131 2240 147 naer cordiaele groetenisse als aen ue beminde

2826 2232 2298 237 Brussel Bernard vande Loostel Ady 14 xber 1715

2853 2416 2305 174 het is my seer leet geweest dat ue laest hier sijnde

2857 2490 2212 164 is vertrocken sonder voorders naer te coemen

2849 2618 2230 167 offiats te besteden naerdemael ick soo schoon

2849 2682 2240 196 gerief van alle goederen hebbe dogh miss ue

2849 2793 2249 159 mij geseydt heeft noch meerder te sullen over

2872 2969 2258 144 coemen soo vertrouwe dat ick bijde eerste

2824 3016 2102 182 gelegentheydt meerdes avens sal hebben

2834 3118 2106 169 ue verseekerende dat ick miy soo nourdsal

2857 3275 2179 142 passeeren als immers wesen can om ue

2834 3333 2336 179 calandisie eens voor goet te moog en becoemen

2842 3450 2265 138 waer op mooght staet maeken met den polder

2820 3542 2330 211 gaet het im hodt danck naer wensch ende avanceert

2836 3636 2082 156 soo voorspoedigh dat men hoopt minder dan

2827 3731 2257 144 in salvose wesen dat hoot wille verlienen blijve
