5523 3943
557 90 829 178 mons P.f. Caniost

1616 91 1006 176 Ady 10 mars 1716

623 153 2214 187 Le messager Jonaert ma raporte le drap dhomme

616 326 2188 161 ie lay fait inesurer p mon tondeur. il trouve @ 35-

617 414 2250 151 dont jay de charge vre compie a ƒ4:7 ƒ152:5 de change

586 503 2217 151 pr lhonmeur de la vre 25 febvrier jay remise sur

599 625 2265 177 Person a Bruxelles a jours d dveue de ƒ500:- de chrong

635 751 2216 141 il l'at acceptee en son temps jen procureray le

598 886 2266 121 requis. ie suis mary que le commerce est si ingrat

622 978 2207 116 il ne l'est pas mont picy cependant ispere quil

650 1044 2124 201 ira mieux vers les pasques en cas quils offre

642 1163 2193 196 quelque chose pour vre service croyez que jay les

604 1279 2216 140 splus beaux assortiments de toutte sorte des draps

486 1401 2297 143 nouveaux et nouvelle couleure a la mode quils

585 1493 2173 202 le puissent voir et aultres marchandises a

618 1598 2132 170 l' advenant puis que ne souhaitte que ie vous

654 1684 2100 145 envoyé un drap dhomme ie ne le feray pas

583 1831 2145 143 ne antmoins en voicy eschantillions de mois

614 1909 2077 199 piesces si curieuses que 'on puis voir j'en ay

578 2031 2232 131 superfins noirs et bleux de 20 aussy pour vre

620 2131 1333 169 service ie vous salue et suis

1840 2237 823 161 Ady 10 mars 1716

526 2249 1077 177 Mons Jacques Bascour

636 2308 2126 187 sachant que vous vendez de drap dhommes et en

608 2481 2207 169 ayant trois belles piesces de press re prenne la liberie

613 2579 2210 165 vous en envoyeer incluse les eschantillions a cause

616 2677 2121 198 que ie n'ay peu vous en accommoder a vre desiner

638 2778 2055 130 voyage sils vous duisent ie vous prie me les

619 2888 2113 155 ordonner. ces sont trois beaux draps et a tres bon

613 3018 2100 134 marche pour leure qualite. vous en serez pres

597 3086 2225 147 content et ie puis vous les livrer sur ma parolle

626 3198 2214 194 j'espere quil y aura un peu de debite vers les pasqud

635 3309 2184 198 blays aussy un nouvel assertiment de touttes sortes

558 3434 2242 188 des draps d'Angleterre nouvelles coulures a las

605 3552 2184 175 mode pour vre service ie vous salue ma

625 3653 2135 151 espouze et toutte vre chere famille et me dit en

653 3785 884 83 touttes occasions

2892 94 773 168 mons Cet. Laigle

3864 107 992 161 Ady 10 mars 1716

2963 170 2278 202 il est estonnant que ne me faissiez tenir l'import de deux

2941 338 2269 119 piesces flannelles vous livre le 2 xbre 1714 estant de £16:-

2910 434 2327 130 de change. ie vous prie d'avoir un peu de consideration

2919 563 2220 139 passez du temps ie vous ayt encor escript a

2930 614 2297 187 il vous fault considerer que jayt besoing de mon argon

2902 725 2278 201 et que de cette maniere son perdroit plus quu luy

2920 832 2285 185 at ie gagner sur les marchandises en intrest. c'est la

2942 943 2267 197 grace que ie vous deprande estant tres bien journi

2936 1069 2284 153 de touttes sortes des marchandises  vre service

2931 1176 1041 172 temedit

3974 1216 110 105 2

2892 1293 1982 195 Brussel michiel van schoor Ady 10 Ditto

2890 1396 2130 185 om de kennisse te onderhouden soo coeme ue eens

2898 1518 2279 180 adviseeren dat seer schoone partijen nieuwe moede

2914 1630 2142 170 couleure Engelsche laekens hebbe ontfangen soo

2902 1737 2181 177 spaensche als gepersto van alle soorten en prijsen

2916 1846 2345 171 isser nu met den vasten iets van ue dienst gelijck

2890 1931 2216 139 ick niet en tijfele gelieft mij maer te coemen

2913 2052 2328 159 besoeken oft ue ordres te laeten toecoemen ue magh

2898 2162 2278 129 verseekert wesen dat ick ue soo wel en soo goede

2902 2230 2223 197 coop als imandt ont gheel landt ue sal bedienen

2889 2299 1438 202 die blijve naer groetenisse

2893 2422 945 172 Ghendt Jacobus Baute

4130 2448 945 167 Ady 12 mars 1716

2899 2514 2352 250 verhoepe mijn brief dato 7 deser ue wel sal sijn ter hande

2898 2629 2272 252 gecoemen met mijn trato in ue faveur op 8 d sicht

2888 2737 2168 242 op JB de saedelaer van ƒ400:- en twee mijne

2893 2856 2217 221 quittanties op Dover soo p als ƒ oen ƒ80:- om de

2900 2975 2310 220 uittanties ben ick ongerust reden ue vrindelijck versoeke

2882 3057 2125 231 een letter advies te moogen hebben ue sal my

2883 3151 1066 197 verobligeeren die blijve
