5479 3943
505 77 2208 161 men ondervonden dat ue wondengse is in het ue

497 191 2209 182 teeren der wessels ende dat ick confasie daer bij heb

495 269 2217 197 geleden ende noyt geen staet en hebbe connen in

496 390 2199 151 maecken daer eens voor al bidde op te reflc

487 489 2202 181 ren aengaende de remises dat is eene gedaene

484 592 2211 199 secke voorden 2 was wel d'heer  ber

490 727 2210 142 en bosch de £600 soude betaelen dat uyt ue

459 846 2243 239 laeste gesien hebbe te sijn gevolght voorsoo

438 978 2234 246 veel ue mij p den selve geremitteert van

459 1096 2214 253 9 meij 2 iesos dato op Louis jolij tot brugge

470 1249 2242 222 in antwerpen te betaelen in 2 brieven als

442 1374 2222 184 £500 en £300 saemen £700 a 5 pr £760

462 1505 2242 179 vlaeris wete die vervolgens om acceptatie

434 1616 2231 182 worden gesonden niet tegen staendene 3  n0

457 1749 2244 232 teert soo en heeft men sich naeraivenant ne

449 1901 2230 199 heden heer niet gereguleert het eenighste

462 1986 2247 206 dat cort op 3 4 hebbe connen aentreffen sijn

452 2126 2227 226 £274:15:6 die ue ingesloete remitteeren op

437 2262 2262 198 Dh saldewem schulten op 2 daege dato waer

466 2380 2196 213 voor het noodigh gelieve te besorgeende mij

461 2508 2204 196 te crediteeren sal tegens donderdagh voordens

475 2641 2155 172 ue remitteeren niet te men bidde ingelijck

416 2752 2257 180 doccasien waer te nemen als ue brieven op

497 2872 2205 226 eijyt can aentreffen om geen occasie van mo

488 3053 2202 147 tyt te laeten voor bij gaen ende daer tege

466 3109 2233 228 te ytrcken altijt segh p cosse want men

475 3247 2219 230 gh mael piniepael de wissel weller wel

476 3354 2220 196 als ue noteet sal ue beter connen trecken

459 3490 2241 171 als ue remitteeren londen alhier N37 en acss

440 3595 2241 188 by N35: 4 en can noch geene reck geven hebbe

428 3687 2278 144 derre waerts eenige £100 noodigh maer de meeste

2785 87 2280 151 das tenie is noch sal daelen verneme geerne

2798 166 2324 229 ue spieculatie en goeden raet dien aengaen de

2786 348 347 164 blijve

4144 419 634 189 13 meij 1715

2760 394 1067 205 Rotterdam De verbeurgle

2808 574 2250 131 conform ue aengenaeme 10 deser sien de 2 packen

2810 650 2251 189 N9 N11 p arnout de roey te gemoet sijnde

2792 737 2336 208 N10 p peeter willemsens sldedit mijnen laeste

2800 848 2313 186 mij godt danck welgeworde aengaende de vraght

2797 974 2265 174 gelde p peeter willems ƒ7:12 en pr aurnout

2762 1021 2364 263 de rooy ƒ8 en 2 en vinde geen moderatie maen

2797 1155 2230 196 ter contratrie auq menteatie ue week dat voor

2782 1270 2201 236 gaen p accord, voor een pack doryntien

2802 1406 2260 142 met meer in vragh en hebbe betaelt als een

2798 1504 2330 217 rjck daelder wilt men nu alles soo uyt persten

2817 1608 2316 161 ende ten hooghsten soo doen betaelen soo mot

2781 1724 2249 178 het wel cadicieeren ende ten laeste sullen de

2784 1824 2290 173 beert luyden noch blijde wesen met passabiers al

2774 1948 2301 208 aen te vaeren de goedenen en connen langh

2796 2042 2245 187 cosde de oncoste niet draege men magh doen

2786 2182 2233 171 niet men wilt ick en can het ue maer vrinde

2795 2250 2236 240 lijck versoecken en aenseggen m ende niet langer

2808 2372 2227 222 mijn rect vindende en can ick maer mij no

2815 2469 2304 207 een ander volgen en op dostende coemen en

2789 2593 2275 156 de ue gedaene remisses en vinde geenant ocort

2801 2689 2219 221 op mijne gealliegeerde soo dat die niet en can

2775 2805 2282 167 boecken sien ue nott tewegens de wesse (oplon

2776 2901 2274 215 den 2 usos op 37 en ae gedachten en can ue p

2768 2988 2302 252 tijt niet aen tiette gelieft mijn goet vendemo

2789 3110 2237 182 vioneelijck op londe den or beste prijs mooge

2788 3238 2266 178 lijck te bedinye en af te geven ja al was  £400 in

2779 3326 2311 206 gevalse ue onderde  conde te recht comen ende de

2772 3418 2336 199 nestant ue maer in mij maer siy p casse trecken

2787 3511 2338 213 deniscen ue wel 1 pmet mijne ae an a sult bedinge

2778 3642 2322 139 nant daer en boven en hebbe niet connen aentreffe

2780 3737 2178 121 ue te remitteren laet toch mijn malheere u
