5450 3934
613 109 2234 147 bedroetelijn marchant antwerp in Brabant de

645 171 2081 184 authorise and appoint mr ge schopnene et an

649 276 2166 188 Edwards merchants of london or either of themfor

650 389 2183 167 me and en my name tot accept valeu fite hende

641 487 2150 201 pounds verlings inall such stock as shall bee

634 584 2204 227 trantferred to my account in the south sea compan

590 719 2228 211 jany personot persons whars vever Anwerps h

638 849 1146 185 day of october neuw sple

2097 967 592 165 8 sbe 1716

595 972 1217 179 Rottardam Diongs verbargh

683 1037 2162 181 op rims deser hebbe ue een ingeleyde voor londen

698 1149 2154 177 gesonden icks presseerende dwinge mij tot het selfde

654 1261 2192 189 soo dat ue desen insgelijck seer recommandee blijve

2051 1359 467 158 9 sber 1716

569 1367 706 158 Mons D chourt

568 1429 2241 206 Jesuis essonne de voir lhonneur de la vre 5 du cout is

606 1542 2227 124 scavez au moins ce q je vs ay escoit avant vs envoyeer

573 1641 2265 168 le 9 drap aurore estant aiverti on doispardre garde

574 1743 2229 125 en coupant je ne pausfaire davantage q ie nairtait

565 1851 2270 151 scavoir vs servir prompt et vs donner le beste me le rez

576 1927 2270 148 voyeer en cas quil ne tombe pas bien ne ne vs nuis

572 2058 2259 119 estre ditclite croyez vs mons que ns sommes tous

598 2127 2253 155 jours serve ny at de reproche ns senons bien heurrey

596 2200 2215 154 n le devons debiter et vs le pouves faire quanton

562 2301 2279 122 en ost adverti sans perte cat este le sa de me

567 2436 2267 115 lettre dato 19 sber dernier vs avez tort a me faire de

585 2490 2247 122 repoche car dieu me garde de vouloir trom per pera

582 2573 2268 147 ne les rasareisseres qui ly at au drap sont presque

574 2687 2235 148 touts ensemble au bout de la pr outre je vs ay donne

577 2803 2258 96 asseurence que je vs donne encor que je ne presende

575 2872 2233 160 pas que joyez jamais intrize a mes les marchandise

586 2956 2250 173 qui je vs levre que jen suis et sera tous jours gacara

572 3050 2264 178 que voules vs das antage me faire plaiser ou rendre

582 3167 2224 115 service quant vs le pourrez faire dans vre intrest

578 3244 2264 158 je ne cray pas q ne le retuseres les 4 pr de bayes ie

568 3383 2264 108 vs ayt envoyeer hier p Jonaert dans une rolle marqu

574 3429 2273 150 e portante en argent de change ƒ175 dont il me

569 3508 2233 146 plaira creditor u ne ay a quil veudire que ne

561 3606 2285 130 faittes pas emploitte come d'au tre marchand de vre

570 3690 2256 136 ville il me semble que vsvs servez de moy presen

2490 3797 286 67 serient

2973 91 2306 160 que p de bagatelle ay ez mons que personne

2966 196 2285 126 ne vs prs servir meecux ne meillieur marche

2968 276 2250 147 en cas quil vs plaisse p'honnotes de vos ure

2942 369 2262 170 piendements ayant touts assortiment de drops

2953 455 2264 204 de touttes couleure et prix pr vre servic je

2935 570 721 155 vs salue et ques

4359 601 727 203 9 sber 1710

2928 671 926 206 Mons J:B. le bleux

2963 776 2295 186 bayreceie en son temps les 2 cheres vres du 12

2940 879 2337 138 d'aoust derniir et  du court jayt eu patcence

2941 1015 2334 127 quay quil est tres sensible me dine pr ex

2942 1066 2258 148 & avez acheptee partie des draps de vervier

2968 1159 2287 165 quil vs a falue payeer au parxi ant ou que je

2959 1242 2317 147 vs livre quelques fois des marchandises quellos

2934 1373 2264 141 ne me rendant pas l'intress de mon argent

2930 1446 2314 155 jespere quil ira mcex pr l'avenir come

2925 1542 2302 155 me prometssez jay donne quitence au message

2921 1665 2326 140 Jonaert de £200 de change quil m'a campre pr

2933 1725 2347 132 vre compte et luy emes es mains les marchan

2943 1834 2254 109 dises que mave ordonnée dans un pa cue

2934 1916 2326 196 marque IVLB. hornes une baye extraordinaire

2930 2028 2356 184 finne de ƒ43 dont je nen ay plus mais en atsend

2950 2107 2345 159 de jours en jours dont p ne manq jay pas sen

2921 2203 2349 202 envoycer unne au premice qui  vs ont inform

2928 2338 2285 164 que les marchandise sont diminice ent toit sils

2927 2417 2221 147 ont este pr icy ils sont mieux infor mee outre

2943 2512 2315 167 correment voulez vs de carisces bleuses tout a quil

2936 2586 2350 190 y et de plus beauu a ƒ 33 oc les finnes blanches couste

2918 2716 2321 177 30 en fr n vs serve enfince rete bon marche et

2929 2802 2323 198 je ne vs faiut parcer non plus q aux autres dont

2923 2875 2347 207 je ne man quira jamais vos ay la factiere de ce

2931 2993 2294 185 que je vs ayt envoyee portant ƒ397: de change

2928 3106 2334 185 dont il vs plaira me crediter et me commandeer

2928 3210 2306 171 en tout ce quil joffre pr vre servi ce ayeint touttes

2924 3288 2332 139 sortes d'assortiment nouveue des draps couleure

2924 3367 2308 157 de tout prix draps noirs bliux et drapde dammes

2922 3462 2323 140 bayes flanelles fre settes bayes deu enter et flanelles

2929 3526 2355 188 de 3 x large mais point de draps de 35 x 36 pas

2937 3684 2290 116 laesne les moindres 42 a 45 je vs saluet me dit
