5259 3965
374 77 1994 163 ent retenir le commerce et il ne vienne

363 190 2251 240 poutt a propos me charger des couleures que ie

379 294 2060 183 ne vous demande pas. vous devez croire

360 429 2057 256 que ie suis fort chagrine que ne suives

386 539 2140 240 point mes ordres de plussou ie n'employe

382 669 2028 250 point d'aultres que vous et que ie vous

414 738 2124 258 recommands dant d'avoir soing pour

389 921 2132 179 les bonnes couleures et mon lt post ces

399 1019 2165 199 sont les couleures qui pour pout vendre

398 1148 2190 164 oulrre les draps seson les eschant illions

426 1281 2181 163 me paroissens font prossiers a la main

433 1392 2199 203 et cela ne vault ien carquant ils sont

406 1491 2153 172 soibles et bien appress ces et sont vendue

417 1614 2088 165 d'abordip. may prochainne plus. ie vous

438 1728 2142 230 remette  £200:- caiourdhuy

410 1892 2033 145 lur mess scawen et stochdale et surs

406 2009 2030 225 voortsgegaen over Rotterdam onder couvert

412 2155 1515 175 van de wedus Broeckmans

270 2252 2287 196 mons Anthoine DetoustAnversce 14 sbre 1714

363 2397 2250 172 il ne vous fauit pas estonner que ie n'ay fait plustost

365 2507 2173 184 responce a l'honneur de la vre du 5 du courant

372 2616 2253 190 la maladie de ma femme qui ett este advinisre

416 2763 2179 151 et iusques a la mort pra seause fant de mouras

422 2853 2161 164 et troubles que ie n'ayt eu le loisir ne le plaisir

406 2967 2173 154 de longer a mes affaires. vre remise du 5 du

429 3103 2182 203 court a jours de dute a charge les of estienne

395 3226 2185 188 van Bhujssen de ƒ300:- de chhange est acceptee

403 3344 2199 219 a son escheance i'en procureray le necessaire

408 3459 2166 170 ie vois que d'q vat faire le voysee de lans

414 3577 2126 172 ie vous le souhaitte heureux et d'un bon succes

412 3706 2210 158 mais ie iis chagrin que ie n'auray pas l'honnue

2774 90 2259 170 de vous voir et que me demandez des eschart

2734 185 2253 201 Lillions pour en faire choix. dittez moy un peuu

2763 316 2244 208 comptent quil m'est impossible d vous envoyeer

2707 445 2298 205 des eschamillions ½ pent estre que ie vous en

2781 599 2132 140 elnvoyeraj quils ne vous dutrout passet q ue

2800 712 2164 187 cestendant ien auray au magasin quils vous

2775 807 2113 218 conviendront oultre i'ay si grand besoing

2747 950 2121 171 presentement d'es carres d'eschannillis

2726 1054 2265 221 de mes ballots estant la principale saison

2725 1192 2106 203 pour la debste que ne le pouvel croire

2748 1294 2288 233 aufin pour vous congenter i'en preparerez

2711 1439 2253 178 diey ja 3ou 4 jours et ie vous en en voyeray

2726 1554 2316 214 sans fautte esperant quils vous parviendront

2770 1668 2197 237 avant vre depart puis que ne me marques

2724 1822 2183 165 le sour et que ie pimagine que cela ne

2733 1955 2291 168 sera pas esto. entre temps je me dit 11osam

2781 2074 2162 198 plus dilayeer a vous donner des nonvelles

2742 2189 1269 188 et surd Tincerement

2717 2299 2187 180 Brussel Henriy de Pauw Ady 18 sber 1714

2767 2411 2253 203 Ick hebbe ue voorseden saterdagh p Beurtschip

2746 2557 2274 192 geaddresseert een pack gemerckt FKC pr. ordre en

2720 2672 2292 156 voor rekeninge van mons Pierre francois aniott

2751 2787 1973 172 van Berghen. ick verhoepe dat het voor

2773 2897 2104 144 ontfanck deser wel sal gearriveert wesen

2751 3006 2273 169 ick bidde de noodighe sorghe daer voor gelieft te

2749 3125 2093 194 draeghen ditto mons: Paniost versoeckt

2766 3237 2212 152 dat ue het aen den voerman van de wedue

2764 3365 2130 189 Jan des haye op Berghen soude gelieven

2763 3472 2015 167 over te geveren. groete ue en blijvee
