5416 3972
516 97 2151 161 is het is onnoodigh die beyde te gelijcke te laeten

523 175 2182 161 af coemen voor soo veel daer even wel 2 pas poer

526 309 2197 175 ten van moeten wesen ende men hier ten comptog

542 394 2160 255 moeyelijck genoch heeft ue gelieve op het bctaele

538 493 2163 219 der vrachten neflectie te maecken ende de oncoste

549 599 2150 226 op nauwste te menageren aengaende het mel

541 702 2174 260 heureusx pack twijffele oft diergeljcke affaire wel

521 826 2196 236 oyt inde werelt is voorgevalle te wete noope

513 948 2184 237 de dat men iemant sijn goet requestreerten

496 1078 2167 281 by 2 jaeren verloop de reden daer van eerst

531 1126 2186 300 communiceert oft wel daghvaert aengaende da

520 1296 2196 309 selfden eijsen worden de argeert diversche poin

505 1411 2197 213 die vremt wesen ende mij vremt voorcamen te

508 1531 2202 207 weten Wat belanght de vrappers tresaerden

522 1615 2142 303 ue heeft daer kernisse van gehadt moeste die

500 1733 2140 325 aengegeven worden dat waeren ue effaeren

501 1873 2176 219 want ick en wete niet betern oft en hebbe nogt

500 2035 2171 270 anders geweest oft die waeren vrij sijn die clae

510 2121 2174 279 tot consevatie der goederen ende tot den dagh

512 2273 2169 274 van heden oeyt een dieiydt daervooren betaelt

518 2406 2198 214 aengaende de maete den 24 p laeckens aen gege

504 2525 2206 283 ven op 18 p a 456 ider maeckenda C 810 dat de

514 2670 2191 267 soude rendeeren ƒ872 en can niet wesen want

499 2780 2198 263 wij die niet gemeten hebbende en connen niet voor

514 2909 2202 233 ders als onse factiure volgen pr welcke opt uyterst

505 2999 2189 263 niet anders en can uyt gereckent worden op de

515 3133 2202 280 langhste geerden als g 649 ¼ a 866¼ dat soude

493 3267 2189 252 differeren a 66 waer tegens ingesloeten gaet de

493 3359 2222 266 attestatie onsen cooplieden hoe dat men tott lan

473 3526 2238 282 don goede maete geeft die men selfs niet can weet

494 3640 2081 211 ende dat men ten uyt coope schuldigh is de

2796 60 2272 167 en mo e emaele lecor tete

2797 171 2283 237 soo dat het op a 56 op 24 p laeckens niets aen

2813 281 2275 200 en comt ende het claer moet blijcken hier inne

2800 371 2246 294 gen de minste juspitie van tracde en cun

2835 458 2240 249 bestaen verders dat het convenieerdeende sonder

2840 616 2162 299 schoede conde geschieden dat men die laeckens

2883 716 2170 235 nat maechte ende wederom sonder raemen

2875 823 2200 253 drooghde ende naer meeten de men soude geen

2875 951 2166 272 810 dan connen uyt vinden daer die niet te

2900 1073 2160 313 genstaende sijn op aengegeven edene de engel

2904 1185 2194 253 sche hienne manufactiere seer sterck raemen

2905 1299 2184 312 daer mij geen schult aen en hebben nochte con

2911 1430 2178 268 nen remedieeren sijnde dat hunne gepermittee

2901 1576 1953 269 de pratijeke die wy moeten aenveerden

2909 1671 2179 263 noopende de geformeerde pretentie van confis

2911 1794 2171 262 catie du ickt mij genoechsaem mijne repligue

2931 1894 2171 316 mij niet aendraeghende nochte bekent weesenen

2935 2017 2161 278 de reden dat ue dat pack  N18 bij de los ie

2817 2158 2262 244 d'alle oft transctoor pas port heeft doen passeeren

2803 2309 2269 209 onders Nimera 64 en 8 dat mede wat seervrent

2790 2420 2292 240 is wat betrest de eerste benaederinge op de weend

2791 2532 2257 262 van ƒ5200 ende dat die penninge met 5 p ver

2792 2656 1466 259 hooginge waeren geconsigneert

2809 2769 2246 206 waerom en heeft men die niets gepresenteert ende

2829 2901 2251 223 mij van het mij nu soo 2 gaeken op sulckx frevole

2828 3016 2186 239 peexten gefristrect sonder acce in pestitie te

2828 3172 908 187 connen alangen

2825 3248 2207 203 de aen naerderinge is gescheet soo ick sien op de

2785 3371 2260 196 weerde dat gaet men nu voorbij en concludeert tot

2801 3469 2285 209 confiscatie op die maniere hebbense maer op alle

2817 3583 2248 210 in coemende goederen de hande te slaen ende

2822 3724 2248 126 tij en sullen niet een partje messchen oft sullen
