5523 3943
643 93 2236 153 sj en vint hij niet geraetsaen goederen overhoalant

678 178 2192 146 te laeten coemen dat niet te men hem in comodie

672 300 2200 102 oock en can hij niet mier al aen arditragie on

642 344 2200 141 dermorp en daerom wort het he in stantelijck

662 434 2177 155 versocht voor soo veel ue de goetteyt geheebt

650 526 2180 151 heeft als middelaer te laeten employeren de 2

500 626 2322 176 in geleyde op engelant recommandere ue en

606 741 2168 269 Ghend J Bapt. De saedelaer Ady 13 mey 1716

680 887 2200 183 met ue aengenaemme 25 April hebbe du retour becoemen

651 1010 2187 179 den wisselbrief nevens het monst op dh Ludovieus

1774 1102 1104 170 £230:- ende ue gecredneert

672 1143 1112 170 de wilte a costy van tck

675 1275 2178 128 voor de  4 oncosten. nu wort die mij wedergesonden

677 1353 2129 158 met advis dat der Guilliam de febvre a costy die

662 1438 2050 216 soude het synen bijde verheeren vallende 7 juni

708 1552 2156 171 naest coemende, soo dat ue gelieve de goetheydt te hebben

670 1654 2146 179 aen ditto heer daer eens over te surcken ende een

655 1743 2175 168 addressie te vraeghen in gevalle hjhem nevens de

684 1854 2140 218 oncosten op de notiie hier ingesloeten geliefde te

686 1973 2097 183 betaelen mist het in Antwerpen moet wesen

679 2041 2193 200 ende ick behoore te weeten waer my en vervaldag

682 2165 2127 204 te addresseeren het rekeninghthen van mijne

703 2259 2019 221 vercoghte laekens verwaghte danp eersten

712 2394 2071 160 en ick hebbe schoone soorten van gemeyne

681 2454 2178 236 sverten van  12 a ƒ13 onder de handt ingevalle

664 2556 2190 184 ue daer toe occasie hadde ende soo blijve van

661 2722 416 158 herte n

548 2764 2180 193 Amsterdam franc. Rousseau Ady 14 mey 1716

683 2875 2184 180 beyde ue aengenaeme 8 en 11 cour. ontfangen p den

587 2978 2275 179 laesten remise 11 deser 2 usos d op ferdinando iller

668 3072 2159 200 van £300:- die geaccepteert  sijnde 4¼ banco

667 3181 2201 179 ƒ387:5 ue trato daertegens 2 sicht voorss da siin

678 3280 2091 163 1 eastro £300:- sal prompt veereeren ende ue

662 3372 2164 227 debiteeren banco £291 sijnde mij tot als nn noch

671 3486 2197 203 niet gepretenteert. hebbe opne advis aen mijn vrin

672 3604 2198 164 tot ghendt geschreven ende eene memorse gesonde

669 3716 2043 153 om Geliam le fedure te spreken oft hyten

2942 96 2177 180 vervaldaeghe de trato van henrij Carter st £230:

2935 183 2316 213 met de oncosten soo sal voldoen ende ingevalle van

2929 297 2232 162 a dat hij addres soude geven miss in Antwerpen

2947 405 2274 188 voed aen moet worden en ick geen acceptatie sonder

2942 524 2326 155 de oncosten en desireere dat vertrouwe mede van ue

2937 679 2379 174 gehoegen sal wesen. sijn antwoort becoemen hebbende

2937 753 2329 167 salt ue adviseeren want ten vervaldaeghe soude

2944 863 2110 180 het profest noodigh hebben in eas van betaelinge

2951 987 2230 140 het wondert eten wel mij ue seght geene ander

2947 1088 2177 169 als de boven gemelde remises sich presenteeren

2924 1205 2112 152 oft te becoemen wesen den vrindt van mijn

2918 1309 2374 149 schoonmoeder heeft sedert drij weeken al considerabel

2953 1418 2326 174 geremitteert ende de minsteder selfde al van soo

2948 1534 2238 186 goet gewicht ende tot goeden iours echter ick en

2944 1662 2151 156 wille ue niet forceeren: het is mij genoegh de 3

2948 1734 2326 147 correspondentie te onderhouden ende dat ue naer

2955 1876 2247 167 genoeghen de voorvallende occasies waerneemt

2947 1973 2333 180 considereert tyt de onderstaende wissels oft ick ue

2944 2064 1912 155 can met advantagie remitteeren blijve

3402 2170 140 128 d

4173 2182 479 140 15 meij 1716

2937 2184 501 163 Leuven B. nijs

2959 2224 2356 182 ie aengenaeme 13 deser en is mij maer heden op den middagh

2943 2363 2353 118 terhant gecoemen den boedern Janssens die morgen van treckt

3328 2435 190 68 ½nu to

2944 2441 2309 112 en heeft mij nelk niet coemen sprecken nochte gelt sellen

2945 2513 2374 157 ue vraeght mij een hepe fijn reet laecken ick sende het ue het

2948 2603 2342 150 alderfijnste datte te becoemen is ende ick in mijnen naem

2946 2709 2354 124 in lange tijt gehadt hebbe sijnde N147- a 46¼ aƒ 4:1& 222

2965 2798 2339 137 wisselgelde ue niet aenstaende cont het mij ftoutelick weder

2948 2929 2360 127 sende het syn swaere conditie niestemen om dat iick ue altijt

2947 3011 2350 112 te ostimert hebbe wille het seer geene doen want ick sal ue

2939 3053 2345 143 thoonen in alle occasien dat nienant peer oon en can als

2959 3161 2347 82 ick om sijne calanten te onderhouden mijnen ververheeft

2971 3244 2350 135 een ongeluck aen sijnen hetels gehadt het gene reden ie dat

2939 3305 2362 110 het gemeyn sweert laecken ue soch niet en senden het drap de

2934 3404 2368 115 damme i mede onder sijn handen ende d sullen nanncort

2955 3502 2327 153 daege gedaen wesen ende dan sal ick ul ue beyde senden op

2969 3605 2321 147 de selfde conditie die extraordinaer goet ooorsiannen

2954 3675 1388 143 prijs sullen wesen blijve van herte
