5189 3978
399 84 2204 155 Jaura le succes des precedentes et le bonheur d'estn sito

461 148 2154 208 complite et quil y aura assez de temps pr mepoe

436 262 1956 163 voir resondre je vs salue et suis en attendant

389 389 1070 190 Rotterdam Diouijs verburgh

1776 373 627 205 2 acuqustij 714

448 510 2165 176 Ingevolge ue aengenaeme van 17 julij hebbe godt danck

437 604 2165 215 p adam borstlap de 2 packen & N1en 3 wel ontfon

442 717 2180 199 gen nu isser p wilkenson van hall op weth 2

443 829 2092 201 ingeljekx met dosijntiens ƒ 595 a793 ¼ sonder

448 936 2177 201 de vrappers enoncosten costende nette  £108:&

454 1055 2140 175 9 ende van londen pr JonasRow landson NN2

440 1154 2151 201 met g611 2 815 ¼ inde wolle geverfde engel

445 1275 2078 188 sche laekens en op de spaensche maniere ge

467 1381 2050 175 maeckt die op C45 ider moet geredueert

460 1485 2030 157 worden st£252:1 nitto als boven deselve

461 1599 2092 202 soude met den favorabelen wint wel connen

467 1694 2122 226 salvo wesen oft met godts huipe anverende

447 1811 2109 182 versoecke mij met icn letter advis te verheeren

472 1910 2107 240 ende prompt te eapedieeren alsoo den Jean

449 2020 2065 212 aen comt tot het debit dier goederen doch

457 2130 2082 232 nder pack p een different beutman alsoo

461 2288 2062 202 in de pas port gelde even wel niet can pre

438 2387 2080 212 fiteeren recommandere ue de oncoste als oor

465 2480 2093 229 eijgen te menaegeren want de route van hol

459 2596 2026 211 cant beswaert sterck tegens die over oostende

456 2736 619 152 ben van herte

399 2804 2201 236 Amsterdam transisco Rousseau l auguerty p

475 2926 2038 206 naer dat ue op 30 past largo hebbe geschreven

450 3064 2110 193 ende versocht ue inculatie wegens de balijnen

456 3186 2140 111 ende verwachten daer van ue informatie ende

476 3283 2056 200 den prijs court becoeme ue geet de van selven

485 3386 2093 168 dato waerby sien ue sijne reyse voor brabant

475 3478 2090 221 gestaeckt hadde ende dat het met het afgeven

463 3609 2039 174 op tyt soo ingraet is datter geen intrresteen

463 3707 2134 142 uyt maecken is ue moet dat dan laeten beres ten

2753 20 2247 228 11 dattor herrebelder occasie sicht presen teet

2756 142 2202 211 want het is beter stel setten als vragh te loose

2750 260 2207 197 wercken doen uy die reden en vinde niet ge

2746 370 2235 200 raeden op costij aftegeven alhoewel ue van

2762 475 2249 196 openie schijnt te wesen dat het met het ope

2788 612 2202 219 nen der bangue met die wissel lemmer

2734 714 2192 277 sal loopen oock op doorgaents hier ergen

2743 833 2245 255 als a costj heden onder de 3 ¼ geene brieve

2761 945 2151 228 ende in court gelt abondantelijck tot 1½

2748 1097 2251 229 prit sonder treckers soo lanck de wisselssoo

2726 1222 2268 287 hoogh op alle quaertier en wesen en ander

2758 1333 2216 268 weynigh negotie tot proftijt ondernoemen

2745 1464 2141 274 worden ende dat doet de brieven op tyt

2757 1638 2231 240 sehaert en in graet voor dere intrest wesene

2784 1740 2239 216 enfin men soude de couragie verluser soo

2733 1835 2203 253 men mij seght comt londen met de laeste

2761 1950 2200 267 brieven wat gevallen doch geen wessels en

2751 2074 2233 217 regileeren hier hier als naerde borse van

2757 2193 2202 219 amsterdam soo ue  cans het nochnoo

2750 2291 2204 224 tot 756:4 met het trecken der werde en ue

2735 2418 2271 236 provisie mij op ontfanck deser te connen sou

2743 2513 2248 237 neeren ue soude mij plaiser doern sien het

2747 2615 2261 241 arrivement der 18 roo findische reorurschepe

2751 2752 2241 202 en het carga van de laedinge ten vercoop die

2744 2844 2216 291 ghe is het goet voor de presenten die eenige

2734 2928 2278 317 peculatie connen formeren maer by uyt

2730 3071 2268 244 landers is hat selden bij de compagnie advan

2733 3191 2261 228 tagie te vinden oock trecken die goederen hem

2764 3300 2222 208 weerde oft worden op gehoeden niet te men als

2758 3440 2205 173 ue cevers inne advantagie soude te moet

2748 3534 2228 206 sien het is mij altijts aengenaeme ue gedachte

2765 3672 1165 170 eens te vernemen blijve
