5479 3943
401 83 789 109 Londen te deedorpern

1781 87 465 114 3 July 1715

431 121 2318 179 Ingevolge mijnen laeste 19 juni die verthouwe ue wel is geworden

466 272 2265 113 soo sien daegelijck te gemoet den stael brief facture en connose

476 353 2274 91 ment van de baeles laeckens die winsche in corte magh bece

475 413 2233 112 men want ben by ditto couleur tot het assorteeren mijnder by

466 505 2215 116 hebbende seer verleens dat godt gelieve salvo te brengen

502 573 2213 138 remitteere ue ingesloeten op dhr Charles hamelson op 24

488 637 1505 169 mey 2 usos  £160 by provesie blijve

1957 713 418 137 3 July 1715

373 750 672 151 geeds Wi Cochsons

487 788 2211 195 de suis sans eucune de cheres vres jespere p la rimienne dee

429 900 2269 142 du court vs parviendra bien avec ma remisey encluse

456 999 2261 179 de  230 du 28 mey 2 usence sier la veufve ven rysen et m

476 1076 2237 173 Beuge ce  je vs confinme en attendant le connoiremet de

465 1170 2289 152 2 ballots 14 15 q diuu condicire au bon post acu premu

452 1269 2284 191 ui vs aurez la bonte me procurer 21t 9 de my pr a pa

450 1359 2255 203 2 ballots et ce 2 en een de  3:10 a 4 g cavoir 12 de miee

446 1475 2275 177 stel graij et 14 de my p gris de mors ou gray noir si noer q

460 1549 2269 187 us le pouvois avoir sans beaucoup de imclange je vs pres

475 1702 2277 161 d'en avoir bon soing et me procurer de bon draps bien apie

481 1786 1124 207 te et large je v salue et suis

1725 1811 445 168 4 July 1715

388 1901 911 147 Brusselle mr vanschoor

473 1915 2282 225 hebbe des geperste laeckens in een aecke MN13. conform ue ordre

474 2019 2267 190 op gisteren opt beurtschip scheep gedaen ende ue geaddresseert hie

474 2101 2208 198 onder de facture in wisselgelde ƒ 511:14 ¼ waer van ingesloten

480 2209 2260 174 een briefken op 6 maende dat gelieve te accepteeren en mij hoete

462 2293 2281 164 senden hebbe gesteren op engelant gris defer en ris more laeckens

472 2359 2258 217 geordonneert soo haest de taeltiens daer van sal becoemen sal

449 2434 2305 205 ue de selve toesenden als oock naesse weeke den staelbontwan

462 2505 2255 185 de couleure de pinne die ue gesien heeft met den naerten prijs

480 2589 2260 187 welcke pack van hollur onder wegen is onde dat met godts gratie

410 2701 1869 202 daegelijckx thuys verwachte ick groete ue en blijve

1814 2816 325 129 4 Julij 1713

392 2850 756 158 Rotterdam D. verburgh

447 2897 2252 213 Ie en can met alle ue schrijven geen pijl trecken noch fondament te

470 3003 2233 113 vinden is den comes generael sor vert meester als ue nu melt pr sijnen van

466 3080 2236 97 deser als dat hij niet wille den met niets can doen als inyudeus de sacke

472 3163 2266 130 termineren waerom heeft ue dan 12 jaer den raet naer geloepen ende

481 3222 2221 129 continue eecceptie genoem datter geen vergaederinge en war nochte tijt

775 3304 428 83 10 at4 cnte

470 3290 2276 141 om dh tot affaerens brengen en waerom mij net van eetst en avant n

466 3371 2279 167 gecome et oft de saecke begonnen ende in recht gepousseert ick

471 3439 2259 163 hebbe mij van een te oogenblick wij te saemen begonaen hebben aen ue ge

465 3519 2275 165 confieest ende geschreven ue soude doen in alles als voor eygen ende

490 3593 2222 180 ue n meogen in gecontrarceerst tot op den dagh van heden sie

476 3730 2254 125 naer mijn brief dato primo juny 1713 waer bij ue segge het is N

2804 130 2318 107 aen te gevan 18 p laeckens gen daecc op a 18 met 2 cottons tot

2806 176 2368 118 vrappers de werde siria  £160 ue can daer in de weede naer

2810 250 2304 169 geaeden menageeren en in alle doen als voor eygen ick teble

2779 317 2338 161 in de lenide niet gepeesseert ue heeft de facture en alle leeckens

2802 406 2330 162 moete oier mae hebbe ende dat sal men altijts vinden gelijck

2819 496 2225 185 u noch hebbe geschreven op de werde en moete sij het niet

2815 591 2309 165 nemen want sijpesente end die te betaelen ende net ge

2828 680 2281 214 pecetseert haet hebben ende nu 2 jaeren intrest geleden

2826 776 2272 179 hebbende sal ick die nu geen ontfangen het ik niet recht

2826 869 2287 169 vadigh nochte menschelijck soo sal ick hier in worde gekan

2859 986 2256 195 delt het niof van de saecke en can ick niet bearaijen wat het

2842 1076 2285 166 is oft niet ick moete eynde heble ick en geloove niet men

2860 1173 2242 220 sche scheeegen iemant soo getrachtee twesen als ick ge

2841 1310 1043 180 trachteest grood en blijve

2816 1387 2297 141 isser meschien to contistatie ofte formalityt tusschen ue ende

2860 1464 2292 166 den commis generael ende dat hij daerom niet en wilt heuyten

2834 1550 2304 171 ende nermens naer luystenen daer hij selfs in danraet bekent

4194 1625 517 72 doen contes car

2825 1638 2354 180 tof heeft datter op soo een bagatillen niet en behoord te vallen

2835 1712 2281 193 soude liever selve over comen als het van net soude wesen

2856 1820 2311 197 ende het cour te maecken ende te sien om het met een baga

2854 1870 1868 228 telle te doen passeeren laet het mij eeten

4309 1953 565 182 4 July 1715

2807 2015 1067 199 Brusselle francois vanden heeck

2834 2102 2301 225 ick verhoepe ue gesonthyt en wel waeren als oock van ue bemende

2845 2166 2331 240 en famille alhoewel ick in lange van ue niet en hebbe

2845 2284 2277 200 vesconen gelove ce wel ue in cort eens sal over coeme

2852 2367 2250 195 om een tortimentie te coopen gelijck ue mij over eenigen tijt

2837 2431 2291 220 heeft geschreven ende belooft heeft niet dese reerende als om my

2854 2538 2232 217 ne clanten te sonderhouden soo neme de libertijt eede

2851 2638 2308 182 memoie te verversche ende ue te laeten weten dat ick schoon

2867 2761 2284 189 gereef hebbe ende noch partij versche goederen ondewegen

2844 2825 2293 195 hebbe die daegelijcksx met godts gpatie verwachte gullerde

2860 2955 2288 160 start wesen om ue in alles te bedienen ue verfuteerende dat

2859 2995 2312 197 ter van mijnen cant niets en sal man keeren om ue conten

2859 3115 2293 161 tement te geven en soo goeden oop vercoopen als ee bijie

2868 3201 2251 172 int lant soude connen te reck gerageken waer op dat staet

2854 3298 1476 165 maecken en dat ben in alle occasien

4248 3375 451 137 4 July 1715

2792 3412 904 151 Brusselle Gans Een desens

2856 3483 2300 152 ick verhoepe ue gesontheyt en wel vaeren alhoewel en lange diere

2853 3551 2325 149 niet gehadt hebte ue te sienoft ue ick te vercoopen soo vertrouwe

2841 3629 2333 141 ue evenwel bij ue eerste overcoems te wel eens uest geliere

2843 3732 2280 114 naer te coemen tot dien eynde coeme ue adviseeren dat

2850 3790 2301 94 ten seer schoen versch gert van alle doorte van engelsche goeden
