5225 3965
316 109 2203 102 adroiteur soo veel 0 verschoet dat het de moey te

369 167 2205 154 niet meer weert was soo hebbe ick my van veele

352 278 2248 209 mijnder calanten omtrecken uyt achterdencken

365 403 2059 162 en uyt die reden mij pariculier naer hem

325 489 2057 192 en veele andere uyt meer geinformeert

349 617 2113 172 sulche luyden en frequenteeren de borze

363 706 2035 177 miet aolr sulckx en canmen met oprecht

338 804 2251 263 fondament daer van niet afracden oft alss

294 938 2277 224 raeden. ider heeft sijnen naedtaen sich

371 1047 2169 186 selven noopenote den sterfhuyse van der

388 1161 2144 214 John vander heyden hebbe doot Arnoums

377 1276 2109 212 du Boy den brief van meu in dato 24

375 1379 2190 170 courant oock becoemen tot ant woorde

373 1507 2188 156 diendt dat mijne brieven te vinden wesen

399 1612 2173 172 waer by ick telkens hebbe gereptceert ende

375 1727 2113 173 ont daer een eijnde vande maeken sal ick

374 1842 2208 220 de rekent courant e naesten senden daer het

378 1942 2179 173 lich selve in conformiteydt van de posten

358 2045 2254 235 sal aenwijlen den orde mij heden mankeeren

404 2185 1717 219 in ade occasien ben  van herten

271 2290 2325 261 Rotterdam harles Boucher Ady 30 de fondt 1714

399 2443 2159 212 JJ'ay biop receu l'honneur de la vre 24 du courant

366 2569 2215 204 aussy le pacguet y mentionnee requel s'ag espedie

379 2670 2220 198 pour mons. au resghard de ƒ10 des froind addressez

366 2772 2131 220 vous sil vous splaist a messis oliver servieres

390 2909 2158 165 Bigael a lenden  cet sont des commissions

379 3019 2202 224 que ie ne fait p respect et les quelles ne me

360 3150 2252 191 sout pas tros ayreables in profitables au resde

414 3264 2132 199 il me fait maisir pouvoir rendre sesvice

369 3371 2162 210 a tout le monde et aux occasions n'esparquez

418 3504 1182 216 pas celluy qui le dit

2648 61 2334 218 Leyden Plierfersnereset Rugael Ady 30 foust 17n4

2659 180 2319 169 en suitte de la chere vre du 21 du courant iray bien

2698 283 2074 210 reccu le pacques gmentionnee le quel isay

2712 361 2245 234 expede pour mons hier. mais Borcsnavant il

2687 515 2167 146 vous pplaira faire la declaration et payeer

2697 600 2303 203 les fraix p. les batteliers comme sont beaucourd

2682 724 2187 145 d'aultres de vre ville et comme ie vous as

2707 816 2209 197 encor prie de vouloir faire letanée parsee

2686 921 2286 186 aulstement de p'en auray plus quun soing

2678 1046 2314 151 n'estant pas suit desire en disbourse dontie

2707 1125 2294 164 ne ure aueun profit vous larant iemedite

2662 1252 2113 218 Brussel henry de Pauw Ad 31 ditto

2715 1342 2276 202 hebbe ue p beurtschip voorleden woorsdagh

2749 1516 2079 153 afgesonden een paxke gemerckt 45 voor

2699 1633 2118 175 reken van mons ½tdtoust van

2698 1737 2143 185 Berghen: ick verhoepe het selfde voor nu

2747 1819 2168 236 bij ue gearriveert te wesen. ick bidde ue van

2704 1926 2290 207 cherben het selfde cito moogelijck op Berghen

2731 2067 1975 205 gelieft te eeepedieeren en blijve

3933 2159 973 190 Ady ppis sber 1714

2653 2201 819 168 MonsetAfoust

2714 2306 2296 136 en suitte de la chere vre du 22 du passe le pactnet

2724 2439 2063 158 de leyden marque 45 m'est bien parfeurd

2737 2532 2221 199 Jy ay joint la briesce de paye bleurx frise  43

2741 2642 2050 137 payable ƒ40 et fait partir mercredi

2727 2761 2250 195 passe p la barque marchande pour Bruxelles

2688 2878 2128 201 a liardresse du l henrj de Pannsie luy en ay

2699 2975 2134 150 donne advis et re commande lexpedition

2728 3105 2146 177 i'espere qu'il vous parviendra bien. incluze

2734 3196 2158 217 vous avez lettre de messis olier cersieres

2749 3344 2226 158 et ugael de mesme que le compte des frais

2712 3474 2306 162 portant en argent courant ƒ37:19 de change

2719 3533 2187 177 £5:8:6 por quelle somme il vous plaira

2723 3678 2247 143 ume crediter et re commander en tout ce quil
