5419 3948
605 73 2271 167 Brussel Pauly De Brogeer Ady 30 Januaris 173

758 176 2051 192 advis van ƒ 400 wisselgelse die trecke ordre

707 314 2056 165 Jacomo Rousseau en offres van diensttegens

728 420 600 135 den vasten

568 459 2126 218 Bruxelles Jacomo Rousseau Ady 30d

697 613 2166 215 Jay bien receu lhonneur de la vre 21 du court

684 703 2064 196 vois deux des mes assignes en vre faveur

670 839 2062 147 lunne sur le S. Paule de Broyeer et laultre

679 935 2130 217 sur le s Jean haeghens chacque de ƒ400: de

671 1046 2171 198 change ensemble ƒ800:- dont ie vous prie

648 1157 2161 182 tret sumblemente en voulois faire procurer

660 1267 2069 221 le payement en suitte de mon advis en

663 1386 2170 179 donner aux ditt sieurs vous m'obligerez avec

669 1521 1080 152 un mot d'aivis et suis

587 1536 2262 309 Brussel Jaan haeghens Ady 3 bre17171

676 1703 2214 249 in antwoort van sijne missire dato p deser geelaecht

670 1848 2197 211 en hem versocht dat bij dan eyndelijck mijn getrocke

656 1975 2154 201 assig natre van 30 mast voors. Rousseau ap½ uso

658 2066 935 182 Londe Jaccost ende

2029 2143 756 198 Ady 3 d. 1717

558 2177 1223 229 Bruselles Jacomo Rousseau

674 2281 2194 187 ie vou  la vre 1r. du court. que Broyer et haeghens

650 2437 2251 148 demandent quelque temps pour satusfaire mes AMnard

645 2540 2254 197 il me fault avoir patience ie leur leserive cetourds

593 2634 2288 167 =huy & ce suicet  me tienne comme necessitee en

648 2751 2240 176 ie prie haegheps d'accepte at tisence et laultre a

635 2851 2223 155 insence sans cela il 11 dit plus ljny ce pour quoy ie

652 2950 2252 175 vous prie de grace a lls vouloir faire presenter encor

665 3063 2209 153 nune soila le suiest et e gi mobligers sort sil ny a

649 3155 2247 205 pluis de commerce a farrecen ce pays jay lus den

622 3250 2260 180 iet e en sois plus acserire touts les os pour menager

571 3338 2138 186 les afaires et tirer de largent ou re troive bon

599 3370 2284 257 g'aultre fois avec tout le commerce. ie vous salue

598 3590 1545 183 suie tres sincerement

4104 94 967 223 Ady 3 febru 1717

2947 90 937 200 Brussel P. de Brorer

2972 220 2054 165 in antwoorde van sijne nilive dato p dete

2970 372 2187 188 geelaeght en versocht dat y dan cindeliek myn

2979 455 2230 231 gettoek cassignatie van 20 passt. voor Rousseau

2988 572 1248 192 op unt soude accepteeren

2943 676 1948 234 Tournaye Paut Josephlesecultre Ady 4

3011 814 2213 204 quoy de somtemps ie n'ayt en occasion n vous escrire

3016 924 2207 201 bu rcevoir l'honneur de voscommende mens j'espere

2997 1062 2135 212 que le bon dieu vous conserve en bonne salete. il

2985 1179 2195 173 me trouve necessitce a prendre la lsberse a maddresser

2990 1286 2243 165 a vre gracce au resepard de Jean francois steveniens

2991 1403 2220 175 de vre ville a pi i'ay donne des credit de temps en

2992 1506 2123 202 temps depuis que layt eu lhonneur de vre adviz

2984 1618 2077 182 la derniere marchandise que ie luy ay livre

2997 1739 2169 201 est de mors Janvier 171 son dernier ragement

2977 1835 2146 169 dn mors de uilliet ie m'est redevable en tout

3005 1966 2272 147 £222:8:4 argent sort depuis le mois sore dernier

2984 2059 2253 158 il ma tousjours dilayee de mois en mois et jusques

2969 2167 2112 172 a present ett vain voicy douc un billiet sur l

2987 2259 2169 191 pajable a vre ordre de ƒ300:- de change a bon

2990 2359 2215 183 compte comme ie mavois promisme remettre

2993 2532 2268 156 ie vous prie e tacher obreu le payement et s1B

2979 2594 2257 204 juge que ces asfaires serient en mauvais est at

3009 2698 2122 147 vouloir tacher a me vouloir lauvez de l'unne

2946 2822 2314 124 maniere ou laultre quoy que vy accepteroit eu ie

2977 2908 2225 122 cas de marchandises en rayement c'est ume

2990 3011 2157 163 gracce dont je spere ie auray resus purs que

2995 3093 2243 189 vous estez lonme pous un homme qui lalste la

3000 3195 2254 204 gloriee rendre service a tout la monde oultre

3004 3302 2225 205 loblinatn on perpeuelle que ie vous en auray

3020 3442 2225 113 ie ne manque ras pas vous de sintresse

3039 3515 2173 152 des pors des lettres et frasx et me dit der

3067 3677 495 115 e
