5401 3972
414 94 2230 144 avoir mal serv dans le peu que ie vous ay fourns ie my

428 175 2265 148 manqueray non plus ent outtes occasions quil vous plaion

431 276 1399 158 vous addresser a moy qui suis

1690 316 955 213 Ady 23 Januar 1715

383 384 801 143 Mons ef defoust

453 438 2121 229 Je suis bien aize de vois p lhonneur de la chere vre

433 578 2200 202 19 cour que la piesce die drap vous est bien rendue de

428 673 2241 216 mesme que jauray p premier l'honneur de vous voir

425 795 2239 196 t6. iey mes draps sont arrivee et chez moij avant la

464 894 2173 213 gellee grace au leigneur plus toit que vous serez

408 1015 2235 213 iey plus trouverez vous de quoy vous assorur

441 1094 2189 194 ie puis vous bien asseurer que n'aurez veu de vre

464 1184 2179 201 vre plus jolie assortiment touts nouvelle couleure

421 1349 2009 128 a la mode comme sils seroient des drapt fins

430 1415 2216 171 enfin vous en aures du contentement a cccipre

457 1530 2152 174 d'aultant plus que tonts ces draps sont appressies

428 1629 2134 153 dans une belle saison et que l'appress thiver

452 1733 2212 165 comme ils en arriveront dies  mois ne vaille

423 1833 2198 204 pas la moinsie. croyez que ie vous consilles bien

397 1954 2122 161 comme il y a plus de deux Ais que ie n'ayt en

414 2038 2164 179 l honneur de vous vour ou occasion d'arrester

426 2183 2249 150 nre compte ie vous en envoye un extraiet de mi

415 2264 2246 189 livres que ie vous prie dexaminer ne doubtant

457 2355 2044 208 ou le trouvera sen tout conform et d'accord

413 2461 2115 190 attendant lhoeir de vous voir ie me ditr

1617 2567 1045 201 Aay 24 Januarii 1715

328 2606 895 179 Brussel Poegers

449 2686 2256 181 ue nevens ue beminde en sijn familie van herten wensche

406 2796 2270 159 de allen voorspoet in dit begonnen nieuwe jaer niet

440 2900 2184 160 veele volgendse in contentement tot saligheydt soo

445 2993 2234 150 coeme aen mijne beloften voldoen ende ue rekeninge

418 3080 2261 156 courant toesenden  soo als ue mij versocht hadde p

427 3209 2273 112 welckers saldo dato lheven ue mij schuldigh blijft £113:11

354 3285 2336 111 £10:- wisselgelde daer in begrepen het laeste parteyken

412 3346 2267 157 van 1 xber laest ue gesonden bedraeghen de £52:-

408 3446 2267 145 als aen den voet daser met het voor aer hets van e

438 3548 2255 124 dienst voorvallende sal ue schoon gerief bij mij vinden

442 3629 2222 122 gelijck ue uyt mijne staelen gesien heeft sal altijdes

422 3722 2269 99 traght en de onde heniose te scultiveen ende te onder horde

405 3798 1047 55 s'en toovers te wesen ore

2769 135 2249 134 Londres Scawenen Stockdale Ady 26 Janvier 1715

2784 235 2112 132 'ay bien receu l'agreable vre du 2 abre dernier

2746 349 2238 133 p laquelle ie vois j'aurez soing de procurer mon

2805 417 2085 201 essprtiment des draps que ie vous ay prie de

2805 559 2143 131 faire depuis estant sans aucunne de cheres

2779 662 2291 128 bostres I fnedoubre pas u vous lerez desia avance

2794 746 2153 168 dans mon ordre surdit ce quil me sera tres

2799 882 2200 133 ayreable d'apprendre estant prest vous le

2787 952 2291 230 feres emballer Pensemble et des deux peits

2792 1077 2241 207 ballots en faire un grand avec p cettous pour

2788 1222 2137 182 fardulure comme vous avez fait du passes

2805 1285 2273 228 vous chargerez ces deux balllots I hoop Roster dan

2785 1421 2265 144 mais non puis un ballot dans un navire

2782 1526 2232 172 vous les marquere  N154½ en farez

2776 1643 2238 189 faire les connossements a vre ordre que vous

2760 1761 2198 175 aurez la bonte m'endorser et envoyces. ie vous

2766 1864 2198 182 remette cy incluse a bon compte du 18 dit

2783 1978 2305 138 coud 2 usensces sur John macchaedries in London

2775 2121 2297 125 £150:- laquelle ie vous prie faire accepter

2760 2189 2293 163 a la receu ou faute d'acceptation me renvoyeer

2774 2316 2274 132 cito avec le protest. le hault change nous tue

2773 2421 2253 147 et cause quil ny a pas moyen a profiter apres

2761 2524 2250 115 vos manufaeu rest dont ie racne dentresenir d

2779 2627 2264 156 long temps quil me sera possible le commerce

2757 2734 2094 179 pour vois sil nira mieux un lour ie vous

2768 2860 2117 157 te commande mon in ou les bellez

2776 2935 2228 165 couleures et qu'il ay est s d'aultres que mes

2765 3093 2224 106 eschantilions vous envoyee de mesche quil

2770 3194 2290 107 vous plaise me procurer bonne qualité des draps

2784 3282 2210 143 pour aeut piia car lefnnée sasse cette sorte

2766 3356 2236 166 lat este si miserable en laisne pril faste peur

2780 3462 2284 168 den voir. ie vous ay d'obligasson pour l'honneur

2774 3567 2043 153 fait a ma traitte en faveur mr. HWilia

2792 3681 2225 135 Cookson de  £25:- ie jj'aurois sieu ce

2783 3771 1909 99 tue me marques ie n'aurois point tire
