5197 3978
392 72 2245 146 deere van ue antwoort van Jnat Roue laudson

418 191 1984 130 en hebbe tot dato deser meet vernoemen

401 306 2176 166 den swaeren storue daer ue in mijnen laesten

404 382 2150 210 van melde heeft vrij al schaede toegebracht

412 501 1993 227 dencke dat Godt hem voor malheur sal

445 643 2100 160 hebben gepreserveert sijnde van opinie hy

425 730 2192 169 alsnoch a costy moet wesen ende geene

443 864 2074 218 genoeeghsaeme laedinge en heeft ans te

450 974 2107 156 vertrecken ick hebbe ue altijdts versocht

438 1068 2006 206 noeydt afte laeden dan in schepen die

449 1185 2123 220 instantelijcksonden te vertrecken ende die

459 1322 2151 195 hunne laedinge hadden want heten is noyt

456 1416 2034 248 goet de goederen soo lanck aen boort

419 1539 1910 207 wesen ben daer by door experientie

449 1692 1958 169 meenighmael qualijck gevaeren wij

426 1784 2136 211 hebben hier vrem de fijsinghen blijve in

441 1933 637 178 haestel

1811 2031 634 197 17 augusty 1714

402 2054 918 160 Brusselle Guilliam tsas

470 2156 2116 195 In gevolge ue aengenaeme van 9 deser soo hebbe de seo

481 2286 2060 145 witte bayen D48 a ƒ38 wis: ƒ 228 op gepackt en op 13

489 2393 2136 171 deser scheep gedaen in een paxke gemeeckt bi verhoepen

480 2453 2121 189 het seyde ue wel sal gewonden iets tot ue dienst voorval

479 2554 2122 245 lende geleeft mij maer te commandeeren oft te coemen

490 2662 2076 207 besoeckeen sal altijts trachten ue wel te bedienen ende de

474 2778 2091 188 kennisse te onderhouden als ue voor mij noch gelt ge

479 2874 2133 194 lieft te tellen recommandeere sulckx te doen ik han

478 2980 2141 225 den vand & Jacomo Rousseau ende van hem quittentie

479 3088 2108 225 to nemen alsoo met hem present mee affairens als

492 3209 1155 195 met dhr van ooch hebbe blijve

1711 3281 686 171 17 augusdj 1714

345 3333 815 199 Brusselle J. haegens

466 3379 2085 268 Ick verhoepe het goet retaeer van J: ue beminde de

472 3494 2070 203 goestelijcke cochte die sijten mijnen huyse gesonden

443 3616 2180 218 heeft heeft t witte cageyen uyt gesocht te betaelen

2753 74 2244 179 a ƒ 27110 du sij y geordonneert heeft jaen haer thep

2755 136 2239 238 te senden nevens ½ groen laecken van Dr de clewes

2767 264 2154 211 en eenen gemijnen coleherter baye van mijn

2783 386 2172 201 broeder die reets ten mijnen huyse waeren ge

2801 503 2139 229 brocht ick hebbe het selfde gedaenen aen

2799 633 2202 245 dito geeftelijcke dochter thuys gesonden om

2811 758 2160 194 voorders ue ordre daer mede te volgen ue ge

2807 881 2168 203 lieve mij daer voerens te crediteeren ick en

2825 988 2114 278 twijfele niet oft s: ue bemende heeft ue

2823 1108 2099 286 rapport gedaen van de bernciere baiyen

2826 1260 2173 235 die sij gesien heeft heeft ue daer van eenig

2828 1381 2170 293 noodigh oft eenige laeckens gelieft mij mae

2825 1507 2147 241 te commandeeren de Doodt vande conin

2810 1634 2194 292 genne van Engelent soude sommj len wel

2815 1798 2180 249 veranderendre connen veroorpoecken blijve

2671 1901 2268 257 Brussel van Roch Ady 20 Augustt 1714

2792 2058 2062 202 conform ue aengenaeme van 23 Juliy laest

2798 2196 2143 168 hebbe ue gedebiteert voor £25 van monsr

2793 2311 2171 196 ½ sas door ue voor mijne reken ontfangen

2745 2424 2222 197 het briefken van ƒ 153 wisselgelde van de wede

2783 2561 2099 154 mosselmans 16 deser vervallen sende ue

2785 2678 2056 162 ingesloeten in blanco hebbende ue daer

2805 2788 2116 142 voerens noch gedebiteert noch gecrediteert

2784 2901 1928 186 om dies wille dat de partye van mjne

2789 3044 2175 148 assignatie gebogcht  as soo dat een ende

2780 3127 2087 148 het selfde is. ick verhoepe die sal voldaen

2798 3236 2135 156 worden het gene voersoeke mj gelieft te

2773 3355 1578 189 adviseeren die ben van herten
