5523 3943
496 98 2267 166 Brussel Joannes Haeghens Ady 22 Januarn 1716

578 193 2220 211 wensehinge van een  ereuwe jaer met versock

590 347 2193 204 van ƒ300: aƒ 400:- te moogen tretken op rekene

581 469 2184 207 en voorders recommandarie en offres van dinst

488 591 2194 174 Amsterdam franc Rousseau Ady 23 d

580 763 2220 165 ue aengenaeme 15 en 20 cour hebbe wel ontfan

523 822 2275 222 =gen. aengaende het afgeven op madrid hadde

564 946 2254 209 ue genoeghsaem mijne intentie te kennen gegeve

567 1068 2242 190 ende ue hadde wel gedaen te trecken de weerde

581 1189 1974 216 tot 2 ¼prete want hebbe dat te vergelst

596 1303 2175 220 geoffereert heden voor brieven tegens het open

529 1416 2217 214 =gaen der bangue vallende die onder de

600 1538 2076 171 niet hebbe connen becoemen: dat ick met

572 1662 2131 163 vrught conde remitteeren ick en soude ue

566 1781 2232 156 noght versoeken te trecken daerom recompie

579 1895 2189 121 deere ue ander mael het een in het ander

614 1983 2191 147 met het openen der banque tot mijn meeste

579 2087 2223 202 en beste advantagie waer te nemen voor de

601 2245 2173 190 gelimiteerde somme te meer omdat ue vast

575 2325 2139 160 van arinie is die wissel favenr sal nemen

614 2417 2193 178 ende derreuraerts de brieven selfs courbenefsceere

593 2551 2211 221 verhoepende met de persre entreprize deser

577 2659 2228 249 jaers wat favens te erlangen om tot voord

597 2808 2200 164 inlegdinge te geven dat godt verlaene en

622 2954 2197 144 blijve  brieven waeren schaert en ier

601 3038 1376 210 dan cleune partekens

1823 3129 810 216 Ady Ad 1716

513 3165 870 222 ghedt  Willoeg

1667 3233 656 129 der rllo

590 3289 2219 198 addresseere ue een paxke meret 55 wat hebten

603 3405 2181 173 vertreckt p waeghen op Costy voorman gen van

598 3521 2114 148 hosten inhoud ende 3 swerte 1 blouw laeken vrij

617 3618 2191 159 engelsche laekens een en bage twee carsyen p

595 3695 2224 160 ordre en voor rekeninge van mons. Jen Francois

2872 90 2210 189 te venars coopmantot doornick het selfde sal

2867 194 2248 199 morgen bij ue door Godts gratse arriveeren. ick

2878 328 2342 151 bidde ue de noodighe sorghe te draeghen op dat het

2866 440 2229 173 niet on het ongereet en geraeke ende het soo

2856 591 2194 164 haest moogelijck op Doorenick aen d. vrindt

2886 642 2162 202 voorts te senden hem gevende advies nevens

2858 769 2335 199 nositie van d'onersten bidde mij oock kennisse

2864 886 2363 198 te geven soo haest ue het paxke heeft ontfangen

2871 1013 1983 196 ue sal mj verobligeeren die blijve

2876 1127 957 207 tousnaye  stevenars

4127 1158 991 198 Ady 25 jan vier 1715

2875 1297 2208 189 depuis vre depart nous n'avons eu que de gelees

2900 1418 2320 172 nnuelless. vre riviere est engelee danne es pace

2882 1486 2108 197 sigrante que son na veu de vre dhomme

2884 1597 2255 176 tellement que long passe a cheval et en chariott

2877 1738 2232 199 si son veu. Letemps incline a consinncer encor

2893 1848 2255 193 J'ay grouve apropos en suitte a vre ordre de faire

2894 1963 2085 189 partis, hier vos marchandises dans un ballot

2872 2088 2308 190 marque LN5. pr charsott pour Gand a laddresse du s

2885 2221 2186 157 if willoege ie luy en ayt donne advis et prie en

2886 2322 2261 218 masine temps vous envoyeer le dit ballot sans perte

2879 2452 2270 154 du tempt pour tous naye. le chenin estant tres

2882 2532 2270 206 bon tellement que jespere que vous le receverez

2888 2654 2264 189 en peu dejour tres bien conditionnée pr la grace

2883 2781 2281 153 de Ddieu envoiey la facture portante en argent

2885 2860 2282 221 de change ƒ1441:15 dont il vous plaie me crediter

2870 3020 2297 159 et a me faire la grace a ne remettre pour le

2859 3109 2281 178 mois d'et vril ensuitte de vos promasses. ie me

2857 3216 2347 193 fieray la dessus. vous serez charme a voir les draps

2875 3311 2203 157 en priscesear c'est un assortiment complet

2867 3442 2364 129 et le plus beau et mellieur marché que vous advou

2839 3513 2369 204 erez vous mesme d'avoir echepre ousveu si long temps

2862 3657 2208 157 gavez teni bontique ie vous prie vouloir agir

2866 3741 2246 116 jaisonoblement avec my et en toustes occusions
