5407 3966
685 68 2079 149 voor ue e voldaen als aenden voet deser

638 183 2214 166 £521:10:8 dis h het noodighe ende dat ben in

686 301 813 159 alle doccasie

2235 311 639 210 16 dber 7 103:1

585 375 1301 215 Busselle Michhe vande hoor

661 478 2206 208 het is nu 16 daege geledeen dat verwacht hebbe aen sijne

675 615 2190 149 belofte en sijne missive van 31 pasto soude hebben

660 669 2207 207 naer gecoemen doch te vergeefs ick en wete niet as

669 781 2185 173 nede ick ue mijn leven gegeven hebben om bij ue

663 834 2203 224 in dispace te connen esen oft dat ue op soo eene

672 959 2200 181 voet smet mij da ageeren ue en welt net ue

639 1071 2225 191 teen noch te op  betaelen ende gaet mij roe

645 1145 2213 240 bij en gont den een ander sijn calandise ick bid

652 1266 2226 186 de ue gineerelijk ggt gelieft ooch de reden plas

624 1392 2180 177 te geven want  ick en hebbe geen intentie as om

626 1472 2194 185 met ue seneerelijck te handelen en ue alle genoegen

619 1581 2185 179 mogelijckk te geven en soo goeden cop te bedienen al

560 1662 2300 234 oopman soude connen doen daenom versoecl ue net

636 1758 2185 245 eens instentelijck ue bovent brieef en belaste in

634 1895 2240 210 dchtigh te wesen ende m de brifkens geaccep

608 2001 2263 220 teert wederom te sende ende ue van mij te welen

622 2113 2239 211 bedienen in doccatie  als ick van ue dienst

649 2241 2220 180 can  voor vallen syor en alle wel voor ien

609 2400 1144 144 blijve in afpacktinge

1822 2408 998 233 Ady 16 gber 1716

544 2493 1159 200 russet

558 2593 2312 155 de vier laekens hebbe saemen opge packt en iatenagh

558 2688 2278 136 versonden p opt Brussel in een paxhe

559 2783 2316 184 gemercht. L. geaddseert aen mons i avolus lind

560 2899 2294 141 ingeloeten van 2 taemre voor hier die hem gelseft

594 2975 2176 156 te behamighen de wel voor ue ekn bij ij

554 3084 1231 130 N124 a 28  27 ½

563 3080 2296 226 N219 -„ 29 ½ a396½ a ƒ3:13 p 286:11½

604 3215 2249 195 ve gelde waer voor mij gelse tte credtteeren

560 3373 2266 124 en in alle occusiente commandieren een ider

568 3437 2219 128 magh legghen wat hy wilt ick assenreere ue

526 3517 2314 138 dat door godtt grane het doen can ende dat ick

543 3626 2325 117 noyten sal mankeeren ue soo goeden coop as snam

583 3725 2281 114 int landt ue te bedienen die blijve naer groetenistee

4560 108 675 163 @18 gber 1716

2934 104 1420 194 Amsterdam francises Rousseau

2944 208 2334 185 Ick ben verwordert dat sedert ue aengenaeme 5 dee

2946 303 2276 177 niet van ue hebbe vernoemen te meer om dat ue p

2954 402 2265 177 mijnen laesten 29 passt instantelijck hadde ver

2949 507 2296 203 socht van te wellen contine eenen van op tjt

2922 592 2359 239 te welle remitteeren en alle favorabele occasie

2967 703 2305 198 te willen waer nemen sedert is de wissel alhier

2950 787 2351 259 op 28 a ¼ gebleven soo dat ue niet geraetsaem

2960 866 2310 292 geoordalt hebbe te fournieren ick bdde ue toch

2974 971 2262 236 dese onse comspondentie wat in brain te

2945 1071 2346 238 houde ue ordervint dat ick soo naen niet en

2974 1197 2314 255 sun ende dat ue godt danck ooch gemoede

2971 1283 2320 263 en heeft van ich te beclaegen daer van ick

2953 1398 2335 271 hope ue godt sal behoeden ende voor mijn

2960 1490 2338 254 deel al ist met weynegh profijt ext

2971 1576 2233 247 echter meer dan telte lette want dat

2964 1686 2290 228 rendert niet me tullen sijnde voor mij op

4586 1883 460 105 geavan

2993 1776 2299 312 geen andere negotie te dencken want de c

2981 1915 1955 274 ploye die ue mij door gaent

2950 1994 2256 300 heeft wijsen een dat het oork al verlooden

2935 2109 2364 283 wercken soude geweest hebben sijnde op geene

2938 2232 2354 293 nepties tot noch als e geen staet te naeste

2948 2358 2342 326 dat gel Godt betere ue gedachte nopende de fonge

2941 2482 2358 258 in engelant sijn wel solide maer echter en can

2929 2616 2359 229 niet resolveren om mij daer van te ontmecken

2932 2701 2365 276 faute van imploye voor mijn gelt alhoe wil

2956 2818 2338 283 ne soude connen vercoope tot merck lijcke avai

2971 2952 2317 222 tage waer dan sijn capitael employeren niet

2947 3060 2351 180 olgje staende de cour rendieren d'aestedishe com

2953 3176 2337 201 paynie soo wel als bancs als weskendische comp

2946 3293 2343 184 parato 6 perint ende dat doet deel die nit

2957 3381 2341 168 en connen daelen reden een ider e ploy soeck

2922 3469 2376 161 en intres dete maecke faute van negotin niet te

2929 3579 2361 162 genstaende sal altijt entinere dien aen gaende ue advis

2932 3664 2366 122 te vernemen als ue mij ick niet fondelent can acien

2933 3731 2291 114 om mij naer advenant by tijde te releren blijve
