5259 3965
333 78 2202 238 Brussel Pauls De Broyeer Ady 18 sber 1714

380 202 2241 214 ft gh hebbe ue aengenaeme van 14 deser op sarda

406 316 2118 170 wel ontfangen dogh te laet on ue goet daer bij

416 440 2109 156 geordonneert te conmen al senden voorders

395 567 2192 163 de bayen en sijn niet anders als tot ƒ10:- minder

407 679 2207 175 dan de ponden te geven ende ue daer toe niet

394 789 2225 175 inclineerende souder dan niet alt den supertijnen

398 912 2137 189 baye wesen mits ue een gris deser naer ue

373 1049 2240 206 goustie beeter gevonden heeft mijs ue friseerden

362 1141 2255 198 en flannellen by edir van de dalle ue swaege

441 1260 2009 178 is hebbende soude beeter den baye daer

380 1363 2208 168 leveren verhoepende by het toekoemende

416 1482 2205 161 beeter faveur te hebben sijnde in ale occasien

432 1612 582 169 van herten

274 1630 2284 295 Mons Buneas Camst Ady 12 xbre 12

399 1813 2196 230 J'ay bien receu l'honneur de la vre du 9 du cortt

385 1933 1942 184 l'ensuitte ie vous ay envoyée p. avance les

403 1981 2221 230 marchandises siembas mentionnées samedy dermir

399 2136 2079 244 pr la barque ordipaire pour Bruxelles dans nn

367 2283 2212 183 ballot marque LKP. tres bien conditionnée i'ay

434 2362 2119 213 escript  S henry de Paurwa Bruxelles afin

423 2487 2183 213 quil en auroit soinglet quil le voudroit mettre

410 2608 2198 207 lautre les mains duchansier de la veulve Jean de

421 2680 2209 216 haye. j'espere quil vous par viendra au presmer

454 2839 2100 196 to et que vous en feray tres content car

427 2921 2193 241 lus belle marchandise vous ne pouvez avoir

410 3032 2183 242 laffannelle suprecfinne 3a ssarge pen pas

417 3149 2195 218 moins a donner que ƒ66:- quoy que nousserion

421 3260 2075 242 ffreres. pour ce quil manque pour accomplir

404 3402 2174 179 vre ordre ie le serag tiendre mais nour avons

430 3506 2184 195 touts les jours des pluies sans cette ce quil ost caux

441 3606 2183 211 quil ma follu prendre une fr cette pour envez

424 3743 2160 132 =lopper ett consesver vre marchandise comme

2710 78 2338 164 vous la solleverez tres bien condiionnée comme

2724 181 2246 146 ie n en doubte pas. pr. prochainne plus entre

2735 311 1152 176 tempt ie me ditt

2670 342 2146 289 mons Cet. Luyle Ady 19 xbre 1714

2783 531 2085 203 il y a longtemps que ie n'ayt eu de vos nouvellles

2763 645 2217 204 eantmoins j'espere que souissez dime parfaitte

2750 767 2264 214 sauete ie prenne la liberte vous prier de grace

2732 906 2195 211 gauriez la bonte a me vouloir remettre ce que

2765 1016 2164 178 v gr m'est redevable onne scay ou ramasser

2722 1142 2213 195 de largent et 5 9 peu bien considerer quil nous

2746 1244 2142 203 fault du fond Antinuell pour entretenir vre

2750 1360 2187 218 negice ie vous en auresy de l'obligation sans

2736 1503 2152 174 doubte il vous faudra piely assortiment de s

2738 1595 2237 189 marchandises dhiver. i'en suis tres bien louns

2729 1726 2223 195 flannelles 3 sarges de divers prix flannelles

2745 1900 2280 154 croisees. bayes superfinnes a faire de laisnerons

2745 2009 2092 162 aun enfaus et aultres aussy bayes deventer

2761 2085 2000 178 ie vous prie en mesme temps me vouloir

2758 2248 2185 142 ordonner ce que pourriez avoir besoing etie

2746 2375 2221 144 sacheray a vous bien servir etrendre coment

2750 2452 932 185 qui suis tousjourz

2684 2514 2047 272 Mossel Jeepon Ady 19 ditto

2774 2718 2257 184 l j a si lony temps que ie n'layt en de vos nouvelle

2743 2796 2299 226 'espere que souiste en cor dune bonne sancte. comme

2731 2952 2143 165 la saison pour la debite avance il me fault

2759 3062 2096 174 croire qu'il vous faudra quelq astortiment

2747 3188 2153 128 des marchandises et que i'auray l'honneur

2714 3299 2283 127 de vous voir a cette fin ie vienne vous faire

2787 3432 2124 139 offre de mes services et ous asseurant que i'ay

2735 3496 2197 206 presentement le plus bel assortiment des draps

2694 3650 2292 116 et aultres m'anestactures ue s'on puis voursie

2762 3712 2024 130 est vray que les m'anufactures sont en peu
