5419 3948
666 56 858 186 Tournayd stevenars

1818 66 876 157 Ady 8 febvrier 1717

715 129 2190 234 Jayt envoyée le 4 du cour. ma lettre de change sers voir

745 265 2128 165 de ƒ 300:- de change a mons Paut Joseps le selultre

732 381 2168 204 prayable a son ordre et comme m 'eslrivez dato 5 deu

745 496 2105 189 mois sant me faire au cunne mesmon de ma traitte

699 613 2188 167 surditte jay peur que ma lettre sur ditte escripte s

689 713 2223 203 le saaultre sur  ne soit esgares suicet je ma present

693 862 2117 159 af inquil vous plaise payéer les dits ƒ300:- a bon

721 962 2180 132 compte au s le seaultre surdit et vous m'obligerez

692 1061 2168 186 il est vray que le tesups est fort facheux pour touts

684 1164 2182 188 marchands et largent rare. considerez comme

709 1284 2194 179 cela nons embaraste et in commode que ssonne

676 1359 2176 197 scay ou le tourner. il tra un jour mieux p la

697 1471 2038 212 grace de dieu aer moins vous n'avez sui est

686 1580 2188 206 comme lespere a vous  laindre de moy car ie ny

715 1684 2172 175 a passonne au monde plusfacile pour sou laps

694 1790 2116 194 ces amis que moy et vous plen a trez jamas

662 1908 2063 184 Si long eny quie vous plaira continncer

675 2013 2200 233 avec moy ay tsur ce quil d'offre pour vre sarviez

691 2114 2214 220 commandez moy et quant l'il vous platra  me

650 2233 2247 210 venir vous vous meserez tousjours debren venne

678 2372 2136 181 et ie sacheray a vous servir a tres su nir

636 2476 356 170 syd

1861 2561 973 225 Ady 9 xbrrar1 1717

626 2605 1004 203 G hendt M Jacob Bano

642 2704 2202 204 ue aengenaeme 27 past. hetsijnen ed consengen met ue

656 2824 2213 183 trato oph lodogne  dato in mijn Laveur ƒ300:- wisselg

612 2956 2297 150 die hebbe in gevoordert ue voerens gecrediteertat £49:16:

667 3032 2218 164 neme de liberteydt ue ingesloetente sondee svel mine

640 3156 2227 165 quittanties at courant £isa en 180: ont compt oir van dit

618 3233 2280 178 Daver loogs die bidde de goeheyt hebben acor dinur de doen

658 3331 2250 186 in voorderen en mij van aen otfanck deser advies te geven

629 3429 1453 183 ue sal mij verolichten ede blijve

622 3513 2233 141 hetis wonder de Reken. des boedels icunier de ck u

645 3617 2250 150 gesloeten sijnde din van den Berghen geen eynde maeht van

638 3700 2263 142 de laeste repartije de excerteuren nurmureeren hier seer

2991 89 2057 198 Tournayd besieuttre Ade g feborter 17e

3019 199 2136 195 lay pris la liberte vous escrire le 4 dy courant mois

3026 292 2210 196 fincljki  vous envoycer mon billiet pour recevoir

3015 366 2228 213 ƒ300: becheinge pour moy du sJaan franc Ltevenars

3006 501 2150 196 de vre vile est comme depuis jay reccu imnne lettrs

2979 611 2215 171 dudit S ssevenars pr la quelle il ne mefart acune

3025 713 2160 147 mention que v. 9 auy a presentce cette ma traitte

3003 805 2140 208 me disant que i'etirerois laditte somme jay pour

2997 930 2193 137 que m'a surditte ne soit es garee et ne vous soiz

2978 1016 2239 178 parvemie siuicer que ie vous prie de grace me vouloir

3008 1124 1996 186 donner un mot d'advis et suis veriablement

4177 1216 982 170 Ad 3 lebvrie£ 1717

2974 1234 1031 179 Loydres Daiell Rays

2995 1318 2225 185 Jay receu lhonneur de la vre  abre dernier J'ay veu

3011 1433 2163 195 vos raisons touchant les fonds pibliee s vous estez

3022 1557 2236 204 prie ne le prendre de manvaise part que ie vous

3023 1682 2237 170 imporinne accsuieet le bonheurs entelles affaires

3022 1757 2175 180 depend de ces correspondents car comme spourez

3019 1863 2253 171 bien comceturer nous en sommes sorsper extarrey

2998 1957 2276 153 en ce pays: ie vous demande de gracce a me vouloir

2995 2080 2139 139 adversirquant vous jugerez aprapos de vendre

3009 2202 2244 131 et ie shivray tousjours vre bon cousiel la destis

3010 2296 2216 168 dans ce pays nous ne pou vous faire tant dintrest

3027 2395 2229 136 de r argent p consequeme il est paniret d'en

2998 2498 2221 184 protster comme ie vous ay donné a connoistre

3012 2598 2208 183 a moins que sonne puis prevoir des desatrres

2996 2700 2253 156 ce que ie vous recommande me vouloir a overter

2991 2801 2137 163 ie vous prie voulor procurer acceptation de

3020 2879 2225 185 trois lettres cy incluses leiss enfanu Gillis l £150

3033 2985 2187 193 sur Pierre mosteur  £50 et  erre Causse

3037 3104 2118 150 £100:- et les gaurder a la dis posin

3042 3207 2099 173 des secondes. le change sprenne u apes de

3028 3341 1895 145 favers deux usence, 335:7. ie vous voue

3061 3401 1949 185 m envoyeer comle courant et vous

3024 3508 1590 193 mobligerez qui suis
