5479 3903
467 68 2222 145 sult mij met ue advies tot mjnder goversio altijtss

513 148 1194 219 verplichten die blijve

451 240 2247 237 Bruxelles Jacomo Rousseau Ady 12 Augusti 1715

491 406 2111 175 Jay bien receu l'honneur de la vre 5 du court

535 515 2174 167 ie vous remette cy incluse ƒ400:1 sur michiel

546 605 2119 197 van Schoor et ma traitte de ƒ300:- a veu sur

516 777 2086 146 Jeau Beeckmans priant d'en procurer le

451 844 2270 147 hecestaire et me donner n mot d'advis qui suis

452 986 2046 180 Tournaye L. wattecams Ady 13 ditto

500 1080 2134 194 J'ay receu l'honneur de la vre 4 du cour. ie suis

504 1200 2083 151 bien aise que jauray l'honneur de vous voir p

442 1294 2191 190 = icy en bref vous re serez le tres bien senie

531 1408 2111 197 croyez gavez a un honneste homme a faire

536 1506 2137 187 et que ie vous vendragsi bon marche quiie

526 1640 2106 174 nre sera possible aussij que ie priist faire

510 1740 2051 186 tout ce ƒ4 un aultre puis faite pour des

522 1859 2216 203 marchandises d'Angleterre vous leres estonne

512 2000 2069 164 de voir l'assoit moert que trouverez chez

523 2082 2207 166 moy de longes Années ie n'ayt este si bien

540 2192 2015 215 fourny de toutte sorte generalement et

530 2302 2192 163 au resghard de draps hoirs et bleux dont vous

484 2409 2185 184 me faittez mantron jay justement tont cet

540 2516 2189 168 assortiment entre les mains du tondeur que il

506 2633 2239 220 presseray et seray achever ed possible a fin

525 2754 2193 213 que vous puissiet trouver le tout press chez

530 2855 2203 237 moy a vre arrivee sur celu ie me dit comme

526 2969 1522 228 a toutte vre chere famille

439 3036 2105 228 Loninaye madmos Malline Ady 12d

500 3193 2221 211 Jay receu la 25 fulliet avec remise de ƒ299:6

440 3316 2298 160 de change du 27 x jours dato sen le savane susses

491 3452 2227 115 au resguard dun eschantillion d'un draps que vous

483 3523 2151 134 noes trouve dans mon ballot ril s'est pas

522 3611 2190 162 marque sur vos factures ie ne scauray rien dire

510 3749 2178 88 in me connoisere a liesch amillion il me

2813 78 2310 176 faudroit envoyeer le plonys et le numero ou le en

2848 170 2316 227 le porter avec vous piirs que vous estez d'intention

2828 326 2176 143 ane venir vois ie spacheray vous bien servir

2858 426 2067 131 en tout ce que vous pourres avoir besoing

2826 546 2301 129 et a uiste prix que ne le trouverez a aucun

2856 636 2228 157 endroit tmellieur en nieux sur cela ie me dit

2823 758 907 143 mons eA Gallopin

3944 757 1162 227 Ady 13 Angent 1715

2838 871 2203 216 je ne say ce quil veu dire que ie n'ayteu de

2851 1003 2245 152 long tempst de vos nouvelles ur lhonneur de

2860 1125 2275 152 vos commendements ie veur esperor que me

2852 1236 2298 173 viendrez voir bientoit si non que m'ordonnery

2836 1355 2198 124 au moins quelque chose Jay les plus belley

2839 1432 2149 216 marchandises nou vellements arrivees de

2847 1562 2061 198 outte sorte et gualise que ie men ayt en

2826 1692 2285 190 pariell assortement depuis long teemps croye

2808 1772 2372 198 que ie vous serviray bien et parsonne mieux

2827 1887 2349 214 ne souhaittant que d'entre semr la con noissence

2819 2004 1212 179 since le ie nme dit ot

4585 2074 131 146 6

2817 2109 925 173 mons 4  maille

3949 2071 640 232 Adj 17d

2824 2206 2330 173 ic y a plus dun mois que lattende la remise que

2837 2329 2252 218 me promisties pr la vres du7 du salliett. ie vous

2820 2450 2296 202 prie a vous soubvenir de moy car ie doibt faire

2828 2542 2287 224 cotinuellement des remises pour mes nouvellles

2813 2665 2228 184 marchandises le squelles vous serez estonnée

2808 2798 2143 158 de vous venant, p. icy comme me promettez

2822 2868 2091 192 car de longe et meesie n eytlesse si bien

2825 2969 2354 211 assorti vous ayant d'obligation pour la preserence

2814 3082 2199 166 que me donnera. ie ne vous de mande pas

2809 3194 2167 199 d'avantage carie seray tout ce qun aultre

2818 3286 2350 207 puis faire pour entreseurr pre corre ponsence

2852 3414 2199 151 dont ie vous prie d'estre asseures et que ie

2817 3512 925 180 suit en attendant

5019 3564 73 108 1
