5523 3943
548 83 991 147 Rotterdam D: verburgh

1958 86 673 111 12 meert 1716

606 134 2217 140 hebbe beyde ue aengenaeme 6 en 9 court wel ontfan

636 228 2200 133 gen Godt danck  howlasson van londen salvo is de

613 296 2223 118 back  N4 aen sijn boort sijn 23 p witte bayen van

614 376 2238 131 extraordinaire breede ider op C55 gereduceert met

626 448 2218 164 2½ witte cotton op C 40 aen te geven ƒ1050:- de vra

620 561 2233 120 en heeft mijn vript van londen niet bedongen ue

588 631 2244 176 gelieve ten besten moogelijck daer mede te ac

594 712 2245 148 cordeeren als de assignatie op den hargie niet

590 785 2250 188 soude betaelt worden soo sal men die laeten

615 872 2154 151 keeren doch al voerens sal ick aen den vrint

582 951 2267 214 schrijven van wie die hebbe london blijf a costy

601 1052 2240 162 amsterdam en vervolgens hier te hoogh in cours

581 1127 2233 176 naer advenant het van daer af comt vallende

589 1210 2227 203 oft veranderinge voore a mende bidde mij te ed

575 1306 2279 161 viseeren want tot desen cours can mij noch niet

583 1390 2205 188 resolveeren ick sien ue mij niement en can

571 1456 2269 209 avanceeren voor coopen van brieven op tijt daer

575 1556 2269 193 sijn wel luyden van goet comportementen condi

583 1682 2240 152 te in negotie die wat moeyte willen nemen en

577 1758 2278 154 wat risqueeren om provisie te verdienen en in cor

557 1839 2280 155 respondentie te geraecken ende die just voor eenen

579 1934 2294 161 quaeden slagh niet en soude moeten  want

597 2056 2265 139 ue can mede wel ordeelen dat alles in een batallu

555 2120 2301 148 oft voorval niet coemen te blijven daer men mede

594 2188 2255 178 dan wat op invigileert en hier brideert soo det

600 2264 2242 180 mijn speculatie dien aengaende soo vremt niet can

587 2365 2268 163 wesen doet mij maer soo veel faveur alser iets van

571 2433 2295 182 seuffisantie ue voorcomt al ist maer nu en dan wat

562 2584 2302 151 het selve te willen aenveerden goeden cours van

576 2626 2269 182 sel aentreffende sal ue eenige penninge tot dien

561 2720 1819 200 eynde fournieren van tijt tot tijt blijve

584 2847 2214 173 gebieft het pack noch eenige daeghen aen boort te

570 2915 2270 169 laeten tot den naesten post als wanneer ue sal

596 3048 2261 154 adviseeren om dat hier questie en eenige mogelyckheyt

638 3133 2148 198 op de comptoiren ter incoemen gemaeckt wort

1940 3216 667 125 12 meert 1716

519 3234 1028 160 Amsterdam ousseau

606 3254 2264 199 met ue aengenaeme 9 deser becoeme ue remise op

581 3387 2272 181 ferd muller 9d° 2 usos £200: af 4¼ £ 191:10 die geaccep

582 3484 2264 110 taert is ue trato ƒ100 wis: voor D hendrick van de weroe

596 3539 2234 166 hebbe betaelt ende ue gedebiteert £16:6:8 referre mij

591 3606 2266 207 aen mijnen voorgaende p naesten breder blijve i haeste

2716 3768 122 88 £5:1

2914 151 2332 156 Aelst de wed Gillis van den heynden Ady 14 meert 1716

2986 234 2169 165 een presentatie van dienst en recommandarie

2972 341 2151 180 mijns selfs datse mij wilt de chalandisie sonnen

2981 439 2235 155 nevens advies dat van alderhande laekens versos

2979 556 1145 173 goet wel voorsien ben

3288 665 149 90 1de

2909 653 2220 213 Rutsers. ronjs Berburgh Ady 16 meert 1716

2907 773 2305 218 erefereere mij aen mijnen laesten 12 cour. ue gelieve

2945 893 2282 202 mi op ontfanck deser het pack maer af te scheepen

2936 997 2276 193 en mij te laeten trans toecoemen blijve van

2952 1107 404 163 herten

2910 1179 2210 165 Amsterdam franc. Rousseau Ady 16 meert 1716

2956 1308 2229 181 verwondere mij deere van ue antwoort niet hebbe

2962 1438 2204 151 becoemen op mijnen van 9 deser noopende de £500

2967 1502 2309 204 a £600 sterkings die geerne op london hadde 2 couran

2945 1608 2253 182 man keerde my de tijdt ue dien aengaende te schrijven

2946 1734 2314 142 als ue oordeelt ditto wissel laeger te sullen loope

2920 1826 2326 168 dan hebbe liever noch een  te dilayeeren andersins

2935 1942 2115 146 bidde mijn beste advantagie waer te nemen die

2934 2021 2315 163 af te geven ende de weerde daer tegens sicht p casse

2931 2165 2320 131 te trecken want het is onmoogelijck te remitteeren

2954 2231 2083 117 door de weynighe brieven die sich alhier telkens

2942 2330 2308 138 presenteeren ende den hooghen cours die men wilt

2920 2459 2186 131 hebben diverschebrieven van costy noteeren 3

2902 2539 2282 148 preto ende daer ops hebbe heden 3 geoffereert dogh te

2918 2628 2305 134 vergeefs daer is oock seer weynigh gedaen blijvee

2920 2710 2125 214 die ue soude coopen en souden boven de ƒ36:5 niet

2911 2854 633 119 moogen costen

2917 2921 979 183 Leed James Ibbettson

4107 2922 919 191 Ady 18 mars 1716

2902 3031 2238 211 Ick hebbe ue laeste brief van in october laest sonder dato

2913 3146 2332 205 ontfangen noch te beantwoorden gelijck ick ue de u laesten

2926 3270 2155 174 keer geschreven hebbe van bij de eerste gelegenheydt

2913 3377 2368 160 noch eens met ue van onder kennisse wegens een premie

2921 3453 2227 175 te nemen en uyt reden van ue groote beloften dat

2915 3558 2209 131 ue mij soo wel als mijn vrindt mij sult bedienen

2913 3654 2261 125 soo wille het dan probeeren op de conditie dat ue

2920 3756 2197 114 dal pemitteeren soo dra het pack aen dese syde
