<?xml version="1.0" encoding="UTF-8"?>
<alto xmlns:xsi="http://www.w3.org/2001/XMLSchema-instance"
      xmlns="http://www.loc.gov/standards/alto/ns-v4#"
      xmlns:page="http://schema.primaresearch.org/PAGE/gts/pagecontent/2013-07-15"
      xsi:schemaLocation="http://www.loc.gov/standards/alto/ns-v4# https://www.loc.gov/standards/alto/v4/alto.xsd">
   <Description>
      <MeasurementUnit>pixel</MeasurementUnit>
      <OCRProcessing ID="IdOcr">
         <ocrProcessingStep>
            <processingDateTime>2022-02-11T21:33:09.932+01:00</processingDateTime>
            <processingSoftware>
               <softwareCreator>READ COOP</softwareCreator>
               <softwareName>Transkribus</softwareName>
            </processingSoftware>
         </ocrProcessingStep>
      </OCRProcessing>
   </Description>
   <Layout>
      <Page ID="Page1" PHYSICAL_IMG_NR="1" HEIGHT="3943" WIDTH="5479">
         <TopMargin HEIGHT="0" WIDTH="5479" VPOS="0" HPOS="0"/>
         <LeftMargin HEIGHT="3943" WIDTH="0" VPOS="0" HPOS="0"/>
         <RightMargin HEIGHT="3943" WIDTH="0" VPOS="0" HPOS="5479"/>
         <BottomMargin HEIGHT="0" WIDTH="5479" VPOS="3943" HPOS="0"/>
         <PrintSpace HEIGHT="3943" WIDTH="5479" VPOS="0" HPOS="0">
            <TextBlock ID="region_1638872989737_315"
                       HEIGHT="3801"
                       WIDTH="2337"
                       VPOS="61"
                       HPOS="439">
               <Shape>
                  <Polygon POINTS="439,61 2776,61 2776,3862 439,3862"/>
               </Shape>
               <TextLine ID="region_1638872989737_315l1"
                         BASELINE="468,210 574,202 681,194 787,189 894,186 1001,184 1107,184 1214,184 1320,186 1427,188 1534,190 1640,192 1747,195 1853,196 1960,198 2067,198 2173,198 2280,197 2386,194 2493,189 2600,182"
                         HEIGHT="181"
                         WIDTH="2162"
                         VPOS="79"
                         HPOS="452">
                  <String ID="string_region_1638872989737_315l1"
                          HEIGHT="181"
                          WIDTH="2162"
                          VPOS="79"
                          HPOS="452"
                          CONTENT="Brussel henry Rijssels Ady 14 sber 1715"/>
               </TextLine>
               <TextLine ID="region_1638872989737_315l2"
                         BASELINE="558,312 667,308 776,304 886,302 995,300 1105,298 1214,298 1323,298 1433,300 1542,301 1652,302 1761,304 1870,306 1980,308 2089,309 2199,310 2308,312 2417,312 2527,312 2636,312 2746,310"
                         HEIGHT="221"
                         WIDTH="2217"
                         VPOS="160"
                         HPOS="544">
                  <String ID="string_region_1638872989737_315l2"
                          HEIGHT="221"
                          WIDTH="2217"
                          VPOS="160"
                          HPOS="544"
                          CONTENT="Ick en can niet bedencken uyt wat oorsaeke dat "/>
               </TextLine>
               <TextLine ID="region_1638872989737_315l3"
                         BASELINE="554,416 661,408 769,404 877,400 985,396 1093,396 1200,394 1308,396 1416,396 1524,398 1632,400 1739,402 1847,404 1955,406 2063,408 2171,410 2278,410 2386,410 2494,410 2602,408 2710,406"
                         HEIGHT="144"
                         WIDTH="2185"
                         VPOS="303"
                         HPOS="541">
                  <String ID="string_region_1638872989737_315l3"
                          HEIGHT="144"
                          WIDTH="2185"
                          VPOS="303"
                          HPOS="541"
                          CONTENT="ick noeydt meer het geluck en hebbe van ue te"/>
               </TextLine>
               <TextLine ID="region_1638872989737_315l4"
                         BASELINE="542,506 650,504 758,502 866,500 975,498 1083,498 1191,498 1300,500 1408,501 1516,502 1625,504 1733,506 1841,508 1949,511 2058,514 2166,514 2274,516 2383,518 2491,518 2599,518 2708,518"
                         HEIGHT="130"
                         WIDTH="2194"
                         VPOS="441"
                         HPOS="529">
                  <String ID="string_region_1638872989737_315l4"
                          HEIGHT="130"
                          WIDTH="2194"
                          VPOS="441"
                          HPOS="529"
                          CONTENT="sienoft te bedienen ick wille ue evenwel de "/>
               </TextLine>
               <TextLine ID="region_1638872989737_315l5"
                         BASELINE="560,612 667,610 774,608 882,606 989,604 1097,604 1204,604 1311,604 1419,604 1526,605 1634,606 1741,608 1848,608 1956,610 2063,612 2171,614 2278,616 2385,620 2493,622 2600,624 2708,626"
                         HEIGHT="176"
                         WIDTH="2177"
                         VPOS="503"
                         HPOS="546">
                  <String ID="string_region_1638872989737_315l5"
                          HEIGHT="176"
                          WIDTH="2177"
                          VPOS="503"
                          HPOS="546"
                          CONTENT="memorte eens ververscken opdat ue opsyne "/>
               </TextLine>
               <TextLine ID="region_1638872989737_315l6"
                         BASELINE="550,730 649,721 748,716 848,710 947,708 1047,706 1146,704 1245,706 1345,706 1444,708 1544,711 1643,714 1742,716 1842,718 1941,720 2041,722 2140,722 2239,722 2339,722 2438,720 2538,716"
                         HEIGHT="160"
                         WIDTH="2017"
                         VPOS="610"
                         HPOS="536">
                  <String ID="string_region_1638872989737_315l6"
                          HEIGHT="160"
                          WIDTH="2017"
                          VPOS="610"
                          HPOS="536"
                          CONTENT="oude vrinden nogh eens soude pejsen ue"/>
               </TextLine>
               <TextLine ID="region_1638872989737_315l7"
                         BASELINE="550,826 658,819 767,814 876,812 985,810 1094,808 1203,808 1312,810 1421,812 1530,813 1639,816 1747,818 1856,820 1965,822 2074,824 2183,826 2292,828 2401,828 2510,826 2619,824 2728,822"
                         HEIGHT="150"
                         WIDTH="2205"
                         VPOS="721"
                         HPOS="536">
                  <String ID="string_region_1638872989737_315l7"
                          HEIGHT="150"
                          WIDTH="2205"
                          VPOS="721"
                          HPOS="536"
                          CONTENT="verleeker ende dat ick alles doen can wat een "/>
               </TextLine>
               <TextLine ID="region_1638872989737_315l8"
                         BASELINE="562,922 671,918 781,914 891,912 1001,910 1111,910 1221,910 1331,912 1441,912 1551,914 1661,916 1770,920 1880,922 1990,924 2100,926 2210,928 2320,930 2430,930 2540,931 2650,930 2760,928"
                         HEIGHT="186"
                         WIDTH="2226"
                         VPOS="809"
                         HPOS="548">
                  <String ID="string_region_1638872989737_315l8"
                          HEIGHT="186"
                          WIDTH="2226"
                          VPOS="809"
                          HPOS="548"
                          CONTENT="ander doet ende datter in het gheel landt geen"/>
               </TextLine>
               <TextLine ID="region_1638872989737_315l9"
                         BASELINE="530,1032 641,1026 752,1022 863,1018 975,1016 1086,1014 1197,1014 1309,1014 1420,1014 1531,1016 1643,1018 1754,1020 1865,1022 1976,1025 2088,1028 2199,1030 2310,1034 2422,1036 2533,1038 2644,1039 2756,1040"
                         HEIGHT="146"
                         WIDTH="2255"
                         VPOS="919"
                         HPOS="515">
                  <String ID="string_region_1638872989737_315l9"
                          HEIGHT="146"
                          WIDTH="2255"
                          VPOS="919"
                          HPOS="515"
                          CONTENT="sehoondere nogh sijndere soorten van goederen"/>
               </TextLine>
               <TextLine ID="region_1638872989737_315l10"
                         BASELINE="558,1136 664,1131 770,1126 876,1124 982,1122 1088,1120 1194,1120 1300,1120 1406,1120 1512,1122 1619,1123 1725,1124 1831,1126 1937,1130 2043,1132 2149,1134 2255,1136 2361,1139 2467,1142 2573,1144 2680,1144"
                         HEIGHT="139"
                         WIDTH="2151"
                         VPOS="1060"
                         HPOS="544">
                  <String ID="string_region_1638872989737_315l10"
                          HEIGHT="139"
                          WIDTH="2151"
                          VPOS="1060"
                          HPOS="544"
                          CONTENT="en sijn te becoemen als ick hebbe t aen ende "/>
               </TextLine>
               <TextLine ID="region_1638872989737_315l11"
                         BASELINE="570,1242 665,1237 761,1233 857,1230 953,1228 1049,1226 1145,1224 1241,1224 1337,1224 1433,1224 1529,1224 1624,1225 1720,1226 1816,1228 1912,1230 2008,1231 2104,1233 2200,1235 2296,1236 2392,1238 2488,1240"
                         HEIGHT="145"
                         WIDTH="1947"
                         VPOS="1136"
                         HPOS="557">
                  <String ID="string_region_1638872989737_315l11"
                          HEIGHT="145"
                          WIDTH="1947"
                          VPOS="1136"
                          HPOS="557"
                          CONTENT="andere vrinden dienste die blijve naer "/>
               </TextLine>
               <TextLine ID="region_1638872989737_315l12"
                         BASELINE="540,1346 649,1340 758,1334 868,1330 977,1327 1087,1325 1196,1324 1305,1324 1415,1324 1524,1326 1634,1328 1743,1329 1852,1332 1962,1334 2071,1334 2181,1336 2290,1338 2399,1340 2509,1340 2618,1338 2728,1338"
                         HEIGHT="157"
                         WIDTH="2217"
                         VPOS="1240"
                         HPOS="526">
                  <String ID="string_region_1638872989737_315l12"
                          HEIGHT="157"
                          WIDTH="2217"
                          VPOS="1240"
                          HPOS="526"
                          CONTENT="groetenisse als aen meroun ue Benunde"/>
               </TextLine>
               <TextLine ID="region_1638872989737_315l13"
                         BASELINE="476,1482 585,1473 695,1465 805,1460 915,1456 1025,1454 1134,1454 1244,1454 1354,1456 1464,1458 1574,1460 1683,1464 1793,1466 1903,1470 2013,1472 2123,1474 2232,1476 2342,1478 2452,1476 2562,1476 2672,1472"
                         HEIGHT="175"
                         WIDTH="2226"
                         VPOS="1355"
                         HPOS="462">
                  <String ID="string_region_1638872989737_315l13"
                          HEIGHT="175"
                          WIDTH="2226"
                          VPOS="1355"
                          HPOS="462"
                          CONTENT="Mechelen hi.CB. Sayd herbed Ady 17 sber 1716"/>
               </TextLine>
               <TextLine ID="region_1638872989737_315l14"
                         BASELINE="566,1592 674,1590 782,1589 890,1588 998,1587 1106,1586 1214,1586 1322,1586 1430,1586 1538,1586 1647,1586 1755,1586 1863,1586 1971,1586 2079,1586 2187,1588 2295,1588 2403,1588 2511,1588 2619,1590 2728,1590"
                         HEIGHT="191"
                         WIDTH="2191"
                         VPOS="1474"
                         HPOS="551">
                  <String ID="string_region_1638872989737_315l14"
                          HEIGHT="191"
                          WIDTH="2191"
                          VPOS="1474"
                          HPOS="551"
                          CONTENT="conform ue aengenaeme van gisteren sende ue "/>
               </TextLine>
               <TextLine ID="region_1638872989737_315l15"
                         BASELINE="566,1706 672,1704 778,1702 884,1700 990,1698 1096,1698 1202,1696 1308,1696 1414,1696 1520,1694 1626,1694 1732,1694 1838,1694 1944,1692 2050,1692 2156,1692 2262,1692 2368,1690 2474,1690 2580,1688 2686,1686"
                         HEIGHT="155"
                         WIDTH="2151"
                         VPOS="1585"
                         HPOS="551">
                  <String ID="string_region_1638872989737_315l15"
                          HEIGHT="155"
                          WIDTH="2151"
                          VPOS="1585"
                          HPOS="551"
                          CONTENT="desen naer middagh p waeghens het laeken"/>
               </TextLine>
               <TextLine ID="region_1638872989737_315l16"
                         BASELINE="570,1812 672,1809 774,1808 876,1806 978,1806 1080,1806 1182,1806 1284,1806 1386,1808 1488,1808 1591,1808 1693,1808 1795,1808 1897,1808 1999,1806 2101,1804 2203,1801 2305,1798 2407,1792 2509,1786 2612,1780"
                         HEIGHT="181"
                         WIDTH="2072"
                         VPOS="1700"
                         HPOS="555">
                  <String ID="string_region_1638872989737_315l16"
                          HEIGHT="181"
                          WIDTH="2072"
                          VPOS="1700"
                          HPOS="555"
                          CONTENT="N119 N. 24½ a 32 ½ a ƒ 23 ƒ 36:7½ wisselgelde"/>
               </TextLine>
               <TextLine ID="region_1638872989737_315l17"
                         BASELINE="550,1942 656,1936 762,1930 868,1928 975,1924 1081,1922 1187,1922 1294,1922 1400,1922 1506,1922 1613,1922 1719,1922 1825,1922 1931,1920 2038,1920 2144,1918 2250,1916 2357,1912 2463,1908 2569,1901 2676,1892"
                         HEIGHT="199"
                         WIDTH="2156"
                         VPOS="1811"
                         HPOS="535">
                  <String ID="string_region_1638872989737_315l17"
                          HEIGHT="199"
                          WIDTH="2156"
                          VPOS="1811"
                          HPOS="535"
                          CONTENT="gemircktHC.L dat ue hoepe ue wel sal"/>
               </TextLine>
               <TextLine ID="region_1638872989737_315l18"
                         BASELINE="502,2062 610,2052 718,2044 826,2038 934,2033 1043,2030 1151,2028 1259,2026 1367,2026 1475,2026 1584,2026 1692,2026 1800,2026 1908,2026 2016,2024 2125,2022 2233,2020 2341,2016 2449,2012 2557,2005 2666,1996"
                         HEIGHT="170"
                         WIDTH="2195"
                         VPOS="1928"
                         HPOS="485">
                  <String ID="string_region_1638872989737_315l18"
                          HEIGHT="170"
                          WIDTH="2195"
                          VPOS="1928"
                          HPOS="485"
                          CONTENT="geworden. het is soo naer op het stael"/>
               </TextLine>
               <TextLine ID="region_1638872989737_315l19"
                         BASELINE="554,2162 660,2154 767,2148 873,2144 980,2140 1087,2138 1193,2136 1300,2134 1406,2134 1513,2132 1620,2132 1726,2132 1833,2132 1939,2132 2046,2130 2153,2128 2259,2126 2366,2122 2472,2119 2579,2113 2686,2108"
                         HEIGHT="126"
                         WIDTH="2161"
                         VPOS="2035"
                         HPOS="540">
                  <String ID="string_region_1638872989737_315l19"
                          HEIGHT="126"
                          WIDTH="2161"
                          VPOS="2035"
                          HPOS="540"
                          CONTENT="als men het soude connen wenschen ces"/>
               </TextLine>
               <TextLine ID="region_1638872989737_315l20"
                         BASELINE="500,2264 612,2258 725,2253 838,2250 950,2246 1063,2243 1176,2242 1288,2240 1401,2238 1514,2238 1627,2236 1739,2236 1852,2236 1965,2236 2077,2236 2190,2234 2303,2234 2415,2234 2528,2232 2641,2230 2754,2228"
                         HEIGHT="193"
                         WIDTH="2284"
                         VPOS="2131"
                         HPOS="484">
                  <String ID="string_region_1638872989737_315l20"
                          HEIGHT="193"
                          WIDTH="2284"
                          VPOS="2131"
                          HPOS="484"
                          CONTENT="anders tot ue dienst voor vallende gelieft maer"/>
               </TextLine>
               <TextLine ID="region_1638872989737_315l21"
                         BASELINE="556,2388 666,2380 777,2372 887,2366 998,2360 1108,2356 1219,2352 1329,2348 1440,2346 1550,2344 1661,2344 1771,2344 1882,2344 1992,2344 2103,2344 2213,2346 2324,2348 2434,2350 2545,2350 2655,2352 2766,2354"
                         HEIGHT="156"
                         WIDTH="2241"
                         VPOS="2243"
                         HPOS="541">
                  <String ID="string_region_1638872989737_315l21"
                          HEIGHT="156"
                          WIDTH="2241"
                          VPOS="2243"
                          HPOS="541"
                          CONTENT="te commandeeren: ick ben van alles voorsien"/>
               </TextLine>
               <TextLine ID="region_1638872989737_315l22"
                         BASELINE="498,2498 607,2492 716,2488 825,2482 934,2476 1044,2472 1153,2468 1262,2464 1371,2460 1480,2458 1590,2456 1699,2452 1808,2452 1917,2450 2026,2450 2136,2450 2245,2450 2354,2452 2463,2454 2572,2456 2682,2460"
                         HEIGHT="216"
                         WIDTH="2215"
                         VPOS="2343"
                         HPOS="482">
                  <String ID="string_region_1638872989737_315l22"
                          HEIGHT="216"
                          WIDTH="2215"
                          VPOS="2343"
                          HPOS="482"
                          CONTENT=", en sal ue in alle occasien wel traghten te "/>
               </TextLine>
               <TextLine ID="region_1638872989737_315l23"
                         BASELINE="520,2618 610,2610 701,2604 792,2600 883,2593 974,2589 1064,2584 1155,2578 1246,2574 1337,2569 1428,2566 1518,2562 1609,2558 1700,2553 1791,2550 1882,2547 1972,2544 2063,2540 2154,2538 2245,2534 2336,2532"
                         HEIGHT="169"
                         WIDTH="1847"
                         VPOS="2474"
                         HPOS="502">
                  <String ID="string_region_1638872989737_315l23"
                          HEIGHT="169"
                          WIDTH="1847"
                          VPOS="2474"
                          HPOS="502"
                          CONTENT="bedienen die blijve"/>
               </TextLine>
               <TextLine ID="region_1638872989737_315l24"
                         BASELINE="476,2720 584,2712 692,2706 800,2701 908,2696 1017,2692 1125,2688 1233,2686 1341,2682 1449,2680 1558,2678 1666,2678 1774,2676 1882,2674 1990,2672 2099,2672 2207,2670 2315,2670 2423,2668 2531,2666 2640,2664"
                         HEIGHT="178"
                         WIDTH="2195"
                         VPOS="2572"
                         HPOS="461">
                  <String ID="string_region_1638872989737_315l24"
                          HEIGHT="178"
                          WIDTH="2195"
                          VPOS="2572"
                          HPOS="461"
                          CONTENT="Mons J Joseph Maille Ady 17 sbre 1715"/>
               </TextLine>
               <TextLine ID="region_1638872989737_315l25"
                         BASELINE="594,2830 699,2823 805,2818 911,2814 1016,2812 1122,2810 1228,2810 1333,2810 1439,2810 1545,2810 1651,2812 1756,2812 1862,2814 1968,2814 2073,2816 2179,2816 2285,2816 2390,2816 2496,2814 2602,2812 2708,2810"
                         HEIGHT="194"
                         WIDTH="2144"
                         VPOS="2686"
                         HPOS="579">
                  <String ID="string_region_1638872989737_315l25"
                          HEIGHT="194"
                          WIDTH="2144"
                          VPOS="2686"
                          HPOS="579"
                          CONTENT="Paye estte surpris de vois l'honneur de la vre 2"/>
               </TextLine>
               <TextLine ID="region_1638872989737_315l26"
                         BASELINE="500,2930 613,2928 726,2926 839,2924 952,2924 1065,2924 1178,2924 1291,2924 1404,2924 1517,2924 1631,2926 1744,2926 1857,2926 1970,2926 2083,2926 2196,2924 2309,2922 2422,2920 2535,2917 2648,2913 2762,2908"
                         HEIGHT="138"
                         WIDTH="2292"
                         VPOS="2854"
                         HPOS="486">
                  <String ID="string_region_1638872989737_315l26"
                          HEIGHT="138"
                          WIDTH="2292"
                          VPOS="2854"
                          HPOS="486"
                          CONTENT="du cour. vous pr avies promis me remettre avat"/>
               </TextLine>
               <TextLine ID="region_1638872989737_315l27"
                         BASELINE="584,3046 691,3040 799,3037 907,3034 1015,3032 1123,3030 1231,3030 1339,3032 1447,3032 1555,3034 1663,3036 1770,3036 1878,3038 1986,3040 2094,3040 2202,3040 2310,3038 2418,3036 2526,3032 2634,3028 2742,3022"
                         HEIGHT="169"
                         WIDTH="2188"
                         VPOS="2932"
                         HPOS="569">
                  <String ID="string_region_1638872989737_315l27"
                          HEIGHT="169"
                          WIDTH="2188"
                          VPOS="2932"
                          HPOS="569"
                          CONTENT="la fin de salliet et desteur vous m'ordonne a "/>
               </TextLine>
               <TextLine ID="region_1638872989737_315l28"
                         BASELINE="576,3156 676,3149 776,3146 876,3142 977,3140 1077,3138 1177,3138 1278,3138 1378,3138 1478,3139 1579,3140 1679,3142 1779,3142 1879,3144 1980,3144 2080,3144 2180,3144 2281,3142 2381,3140 2481,3136 2582,3132"
                         HEIGHT="184"
                         WIDTH="2034"
                         VPOS="3040"
                         HPOS="562">
                  <String ID="string_region_1638872989737_315l28"
                          HEIGHT="184"
                          WIDTH="2034"
                          VPOS="3040"
                          HPOS="562"
                          CONTENT="tirer.  y a point d'occasion icy pour tirer"/>
               </TextLine>
               <TextLine ID="region_1638872989737_315l29"
                         BASELINE="596,3260 703,3258 811,3256 919,3254 1026,3254 1134,3252 1242,3252 1349,3252 1457,3252 1565,3252 1673,3252 1780,3252 1888,3250 1996,3250 2103,3248 2211,3247 2319,3244 2426,3242 2534,3238 2642,3234 2750,3230"
                         HEIGHT="155"
                         WIDTH="2186"
                         VPOS="3176"
                         HPOS="579">
                  <String ID="string_region_1638872989737_315l29"
                          HEIGHT="155"
                          WIDTH="2186"
                          VPOS="3176"
                          HPOS="579"
                          CONTENT="le Liay demande a Jonaert quifliia compte de"/>
               </TextLine>
               <TextLine ID="region_1638872989737_315l30"
                         BASELINE="592,3370 698,3367 805,3364 911,3362 1018,3362 1124,3361 1231,3360 1337,3360 1444,3360 1550,3360 1657,3360 1763,3358 1870,3358 1976,3358 2083,3358 2189,3356 2296,3354 2402,3352 2509,3350 2615,3348 2722,3344"
                         HEIGHT="138"
                         WIDTH="2159"
                         VPOS="3261"
                         HPOS="578">
                  <String ID="string_region_1638872989737_315l30"
                          HEIGHT="138"
                          WIDTH="2159"
                          VPOS="3261"
                          HPOS="578"
                          CONTENT="largent pour des saultres il na voulu le faire"/>
               </TextLine>
               <TextLine ID="region_1638872989737_315l31"
                         BASELINE="594,3478 701,3477 809,3476 917,3474 1024,3474 1132,3472 1240,3470 1347,3470 1455,3469 1563,3468 1671,3468 1778,3466 1886,3466 1994,3464 2101,3464 2209,3463 2317,3462 2424,3462 2532,3460 2640,3458 2748,3458"
                         HEIGHT="190"
                         WIDTH="2183"
                         VPOS="3351"
                         HPOS="579">
                  <String ID="string_region_1638872989737_315l31"
                          HEIGHT="190"
                          WIDTH="2183"
                          VPOS="3351"
                          HPOS="579"
                          CONTENT="ljaulttres trouvent aussij bien de lettres de "/>
               </TextLine>
               <TextLine ID="region_1638872989737_315l32"
                         BASELINE="588,3598 694,3593 800,3589 906,3586 1013,3584 1119,3582 1225,3580 1332,3580 1438,3578 1544,3578 1651,3578 1757,3578 1863,3578 1969,3578 2076,3576 2182,3576 2288,3574 2395,3571 2501,3568 2607,3564 2714,3560"
                         HEIGHT="173"
                         WIDTH="2157"
                         VPOS="3459"
                         HPOS="572">
                  <String ID="string_region_1638872989737_315l32"
                          HEIGHT="173"
                          WIDTH="2157"
                          VPOS="3459"
                          HPOS="572"
                          CONTENT="change sur Anvers: monsieur apres vous avoir"/>
               </TextLine>
               <TextLine ID="region_1638872989737_315l33"
                         BASELINE="580,3700 686,3697 793,3694 899,3692 1006,3690 1113,3690 1219,3688 1326,3688 1432,3688 1539,3686 1646,3686 1752,3684 1859,3684 1965,3682 2072,3680 2179,3678 2285,3673 2392,3670 2498,3664 2605,3657 2712,3648"
                         HEIGHT="154"
                         WIDTH="2163"
                         VPOS="3597"
                         HPOS="564">
                  <String ID="string_region_1638872989737_315l33"
                          HEIGHT="154"
                          WIDTH="2163"
                          VPOS="3597"
                          HPOS="564"
                          CONTENT="donne du credit deax Ams ie ne merite point "/>
               </TextLine>
               <TextLine ID="region_1638872989737_315l34"
                         BASELINE="644,3800 744,3795 844,3790 945,3788 1045,3786 1146,3784 1246,3784 1346,3782 1447,3782 1547,3782 1648,3782 1748,3782 1848,3782 1949,3782 2049,3780 2150,3778 2250,3775 2350,3771 2451,3766 2551,3759 2652,3752"
                         HEIGHT="155"
                         WIDTH="2037"
                         VPOS="3669"
                         HPOS="629">
                  <String ID="string_region_1638872989737_315l34"
                          HEIGHT="155"
                          WIDTH="2037"
                          VPOS="3669"
                          HPOS="629"
                          CONTENT="telle recompense d'si vous ne souheittez plus"/>
               </TextLine>
               <TextLine ID="region_1638872989737_315l35"
                         BASELINE="622,3854 725,3852 829,3850 932,3850 1036,3848 1139,3848 1243,3848 1346,3848 1450,3848 1553,3850 1657,3850 1760,3850 1864,3850 1967,3848 2071,3848 2174,3846 2278,3844 2381,3841 2485,3837 2588,3832 2692,3826"
                         HEIGHT="128"
                         WIDTH="2097"
                         VPOS="3720"
                         HPOS="609">
                  <String ID="string_region_1638872989737_315l35"
                          HEIGHT="128"
                          WIDTH="2097"
                          VPOS="3720"
                          HPOS="609"
                          CONTENT="in hounoret de vre chalandise 'esi doibt avoir "/>
               </TextLine>
            </TextBlock>
            <TextBlock ID="region_1638872994111_318"
                       HEIGHT="3788"
                       WIDTH="2342"
                       VPOS="101"
                       HPOS="2835">
               <Shape>
                  <Polygon POINTS="2835,101 5177,101 5177,3889 2835,3889"/>
               </Shape>
               <TextLine ID="region_1638872994111_318l1"
                         BASELINE="2860,216 2967,212 3075,208 3182,206 3290,204 3397,204 3505,204 3612,204 3720,206 3827,208 3935,209 4042,212 4150,214 4257,216 4365,220 4472,222 4580,224 4687,228 4795,230 4902,232 5010,234"
                         HEIGHT="176"
                         WIDTH="2180"
                         VPOS="112"
                         HPOS="2846">
                  <String ID="string_region_1638872994111_318l1"
                          HEIGHT="176"
                          WIDTH="2180"
                          VPOS="112"
                          HPOS="2846"
                          CONTENT="passence mais au moins payez moy et ne ne"/>
               </TextLine>
               <TextLine ID="region_1638872994111_318l2"
                         BASELINE="2856,318 2967,318 3078,318 3190,319 3301,320 3413,322 3524,322 3635,324 3747,326 3858,328 3970,330 4081,332 4192,336 4304,338 4415,340 4527,343 4638,346 4749,348 4861,350 4972,352 5084,354"
                         HEIGHT="183"
                         WIDTH="2258"
                         VPOS="207"
                         HPOS="2841">
                  <String ID="string_region_1638872994111_318l2"
                          HEIGHT="183"
                          WIDTH="2258"
                          VPOS="207"
                          HPOS="2841"
                          CONTENT="causes plas plus d'intrest que con puisj s agier"/>
               </TextLine>
               <TextLine ID="region_1638872994111_318l3"
                         BASELINE="2876,428 2980,430 3084,430 3188,432 3292,432 3396,434 3500,436 3604,436 3708,438 3812,439 3917,440 4021,442 4125,444 4229,446 4333,448 4437,448 4541,450 4645,452 4749,454 4853,456 4958,458"
                         HEIGHT="184"
                         WIDTH="2113"
                         VPOS="319"
                         HPOS="2860">
                  <String ID="string_region_1638872994111_318l3"
                          HEIGHT="184"
                          WIDTH="2113"
                          VPOS="319"
                          HPOS="2860"
                          CONTENT="sur let marchandises ie vous prie dxc"/>
               </TextLine>
               <TextLine ID="region_1638872994111_318l4"
                         BASELINE="2876,536 2985,536 3095,538 3205,538 3315,540 3425,542 3535,546 3645,548 3755,550 3865,554 3975,556 4084,560 4194,562 4304,566 4414,568 4524,570 4634,572 4744,574 4854,576 4964,578 5074,578"
                         HEIGHT="168"
                         WIDTH="2230"
                         VPOS="431"
                         HPOS="2860">
                  <String ID="string_region_1638872994111_318l4"
                          HEIGHT="168"
                          WIDTH="2230"
                          VPOS="431"
                          HPOS="2860"
                          CONTENT="encor une fois tres luimblement a ne voulder"/>
               </TextLine>
               <TextLine ID="region_1638872994111_318l5"
                         BASELINE="2876,642 2976,642 3076,644 3177,644 3277,647 3378,650 3478,652 3578,656 3679,659 3779,662 3880,665 3980,668 4080,672 4181,674 4281,676 4382,678 4482,678 4582,678 4683,676 4783,674 4884,670"
                         HEIGHT="181"
                         WIDTH="2040"
                         VPOS="541"
                         HPOS="2860">
                  <String ID="string_region_1638872994111_318l5"
                          HEIGHT="181"
                          WIDTH="2040"
                          VPOS="541"
                          HPOS="2860"
                          CONTENT="plus dilaycen dont ie metre et suis en "/>
               </TextLine>
               <TextLine ID="region_1638872994111_318l6"
                         BASELINE="2870,754 2903,756 2936,756 2969,758 3002,758 3035,758 3068,756 3101,756 3134,754 3167,754 3201,753 3234,752 3267,750 3300,750 3333,749 3366,748 3399,750 3432,750 3465,752 3498,754 3532,756"
                         HEIGHT="151"
                         WIDTH="690"
                         VPOS="641"
                         HPOS="2855">
                  <String ID="string_region_1638872994111_318l6"
                          HEIGHT="151"
                          WIDTH="690"
                          VPOS="641"
                          HPOS="2855"
                          CONTENT="attendant "/>
               </TextLine>
               <TextLine ID="region_1638872994111_318l7"
                         BASELINE="2838,862 2943,858 3048,856 3153,854 3258,854 3363,854 3468,854 3573,856 3678,858 3783,862 3888,864 3993,868 4098,871 4203,874 4308,878 4413,882 4518,884 4623,888 4728,890 4833,892 4938,894"
                         HEIGHT="195"
                         WIDTH="2129"
                         VPOS="746"
                         HPOS="2823">
                  <String ID="string_region_1638872994111_318l7"
                          HEIGHT="195"
                          WIDTH="2129"
                          VPOS="746"
                          HPOS="2823"
                          CONTENT="mons J Rapt Le Blen Ady 20 bre 1715"/>
               </TextLine>
               <TextLine ID="region_1638872994111_318l8"
                         BASELINE="2866,974 2976,974 3086,973 3197,974 3307,976 3418,978 3528,982 3638,984 3749,989 3859,993 3970,998 4080,1000 4190,1005 4301,1008 4411,1010 4522,1012 4632,1014 4742,1014 4853,1012 4963,1010 5074,1006"
                         HEIGHT="208"
                         WIDTH="2238"
                         VPOS="881"
                         HPOS="2849">
                  <String ID="string_region_1638872994111_318l8"
                          HEIGHT="208"
                          WIDTH="2238"
                          VPOS="881"
                          HPOS="2849"
                          CONTENT="pour rethonce a l'honneur de la vre 19 du courant "/>
               </TextLine>
               <TextLine ID="region_1638872994111_318l9"
                         BASELINE="2866,1078 2981,1080 3096,1082 3211,1084 3327,1088 3442,1090 3557,1094 3673,1096 3788,1099 3903,1102 4019,1105 4134,1108 4249,1110 4364,1112 4480,1115 4595,1117 4710,1118 4826,1120 4941,1122 5056,1122 5172,1122"
                         HEIGHT="197"
                         WIDTH="2337"
                         VPOS="968"
                         HPOS="2853">
                  <String ID="string_region_1638872994111_318l9"
                          HEIGHT="197"
                          WIDTH="2337"
                          VPOS="968"
                          HPOS="2853"
                          CONTENT="la mala die de ma femme cause beaucoup dinterrap "/>
               </TextLine>
               <TextLine ID="region_1638872994111_318l10"
                         BASELINE="2860,1200 2969,1195 3079,1192 3189,1192 3299,1192 3409,1194 3518,1196 3628,1200 3738,1204 3848,1207 3958,1212 4067,1216 4177,1220 4287,1224 4397,1226 4507,1228 4616,1230 4726,1228 4836,1226 4946,1223 5056,1218"
                         HEIGHT="163"
                         WIDTH="2227"
                         VPOS="1138"
                         HPOS="2845">
                  <String ID="string_region_1638872994111_318l10"
                          HEIGHT="163"
                          WIDTH="2227"
                          VPOS="1138"
                          HPOS="2845"
                          CONTENT="non en mes affaires. vocy la facture portante"/>
               </TextLine>
               <TextLine ID="region_1638872994111_318l11"
                         BASELINE="2884,1308 2995,1304 3106,1302 3217,1302 3328,1304 3439,1306 3550,1310 3661,1314 3772,1318 3883,1323 3994,1328 4105,1334 4216,1338 4327,1344 4438,1347 4549,1350 4660,1350 4771,1350 4882,1348 4993,1346 5104,1340"
                         HEIGHT="205"
                         WIDTH="2251"
                         VPOS="1194"
                         HPOS="2869">
                  <String ID="string_region_1638872994111_318l11"
                          HEIGHT="205"
                          WIDTH="2251"
                          VPOS="1194"
                          HPOS="2869"
                          CONTENT="en argent d change ƒ1185:19 dont il vous plaise"/>
               </TextLine>
               <TextLine ID="region_1638872994111_318l12"
                         BASELINE="2880,1416 2992,1414 3105,1414 3218,1416 3331,1418 3444,1422 3556,1425 3669,1430 3782,1435 3895,1441 4008,1446 4120,1450 4233,1456 4346,1460 4459,1464 4572,1466 4684,1468 4797,1468 4910,1468 5023,1466 5136,1460"
                         HEIGHT="185"
                         WIDTH="2289"
                         VPOS="1350"
                         HPOS="2864">
                  <String ID="string_region_1638872994111_318l12"
                          HEIGHT="185"
                          WIDTH="2289"
                          VPOS="1350"
                          HPOS="2864"
                          CONTENT="me crediter j'espere que vous serez tres srisfait"/>
               </TextLine>
               <TextLine ID="region_1638872994111_318l13"
                         BASELINE="2884,1518 2994,1520 3105,1524 3215,1526 3326,1530 3437,1534 3547,1538 3658,1542 3768,1546 3879,1551 3990,1554 4100,1558 4211,1562 4321,1566 4432,1568 4543,1570 4653,1572 4764,1574 4874,1574 4985,1574 5096,1574"
                         HEIGHT="165"
                         WIDTH="2244"
                         VPOS="1450"
                         HPOS="2869">
                  <String ID="string_region_1638872994111_318l13"
                          HEIGHT="165"
                          WIDTH="2244"
                          VPOS="1450"
                          HPOS="2869"
                          CONTENT="de le marchandises et que vous en aurez bonne "/>
               </TextLine>
               <TextLine ID="region_1638872994111_318l14"
                         BASELINE="2872,1640 2978,1636 3084,1634 3190,1634 3296,1636 3402,1638 3508,1642 3614,1646 3720,1652 3826,1658 3932,1664 4038,1670 4144,1674 4250,1680 4356,1682 4462,1685 4568,1686 4674,1686 4780,1682 4886,1678 4992,1670"
                         HEIGHT="215"
                         WIDTH="2151"
                         VPOS="1540"
                         HPOS="2856">
                  <String ID="string_region_1638872994111_318l14"
                          HEIGHT="215"
                          WIDTH="2151"
                          VPOS="1540"
                          HPOS="2856"
                          CONTENT="de bite et bon profit ce que ie vous souhaitte "/>
               </TextLine>
               <TextLine ID="region_1638872994111_318l15"
                         BASELINE="2898,1740 3006,1740 3115,1740 3224,1742 3332,1746 3441,1749 3550,1754 3658,1758 3767,1764 3876,1770 3985,1774 4093,1779 4202,1784 4311,1790 4419,1792 4528,1796 4637,1798 4745,1800 4854,1800 4963,1798 5072,1794"
                         HEIGHT="214"
                         WIDTH="2206"
                         VPOS="1651"
                         HPOS="2883">
                  <String ID="string_region_1638872994111_318l15"
                          HEIGHT="214"
                          WIDTH="2206"
                          VPOS="1651"
                          HPOS="2883"
                          CONTENT="at 9 en puijssier demander des nouvean bientost "/>
               </TextLine>
               <TextLine ID="region_1638872994111_318l16"
                         BASELINE="2900,1854 2997,1854 3095,1856 3193,1858 3291,1861 3389,1863 3486,1866 3584,1870 3682,1874 3780,1878 3878,1880 3975,1884 4073,1888 4171,1890 4269,1892 4367,1894 4464,1896 4562,1897 4660,1898 4758,1896 4856,1896"
                         HEIGHT="212"
                         WIDTH="1989"
                         VPOS="1747"
                         HPOS="2884">
                  <String ID="string_region_1638872994111_318l16"
                          HEIGHT="212"
                          WIDTH="1989"
                          VPOS="1747"
                          HPOS="2884"
                          CONTENT="ie vous ramette les carisees bleuzes a ƒ33:"/>
               </TextLine>
               <TextLine ID="region_1638872994111_318l17"
                         BASELINE="2878,1980 2984,1976 3091,1974 3198,1972 3305,1972 3412,1974 3519,1976 3626,1978 3733,1982 3840,1986 3947,1990 4053,1994 4160,1998 4267,2003 4374,2008 4481,2010 4588,2013 4695,2016 4802,2016 4909,2016 5016,2014"
                         HEIGHT="194"
                         WIDTH="2171"
                         VPOS="1873"
                         HPOS="2861">
                  <String ID="string_region_1638872994111_318l17"
                          HEIGHT="194"
                          WIDTH="2171"
                          VPOS="1873"
                          HPOS="2861"
                          CONTENT="parce qu' il 9 ent at une un peu gourte la "/>
               </TextLine>
               <TextLine ID="region_1638872994111_318l18"
                         BASELINE="2886,2100 2996,2096 3107,2092 3218,2092 3329,2092 3440,2092 3551,2094 3662,2098 3773,2100 3884,2104 3995,2108 4105,2113 4216,2116 4327,2120 4438,2124 4549,2125 4660,2126 4771,2126 4882,2124 4993,2122 5104,2118"
                         HEIGHT="222"
                         WIDTH="2251"
                         VPOS="1986"
                         HPOS="2869">
                  <String ID="string_region_1638872994111_318l18"
                          HEIGHT="222"
                          WIDTH="2251"
                          VPOS="1986"
                          HPOS="2869"
                          CONTENT="qualité est tres bonne et vau ƒ38:- en dont"/>
               </TextLine>
               <TextLine ID="region_1638872994111_318l19"
                         BASELINE="2894,2212 3002,2204 3111,2199 3219,2197 3328,2196 3436,2198 3545,2200 3653,2204 3762,2209 3870,2214 3979,2220 4087,2226 4196,2231 4304,2236 4413,2240 4521,2244 4630,2244 4738,2244 4847,2244 4955,2240 5064,2232"
                         HEIGHT="229"
                         WIDTH="2198"
                         VPOS="2082"
                         HPOS="2881">
                  <String ID="string_region_1638872994111_318l19"
                          HEIGHT="229"
                          WIDTH="2198"
                          VPOS="2082"
                          HPOS="2881"
                          CONTENT="ce quiil soffre pour vre service commandes"/>
               </TextLine>
               <TextLine ID="region_1638872994111_318l20"
                         BASELINE="2868,2322 2912,2320 2957,2318 3002,2316 3047,2316 3092,2314 3136,2314 3181,2314 3226,2314 3271,2314 3316,2314 3360,2314 3405,2314 3450,2314 3495,2314 3540,2313 3584,2312 3629,2310 3674,2310 3719,2306 3764,2304"
                         HEIGHT="139"
                         WIDTH="927"
                         VPOS="2228"
                         HPOS="2852">
                  <String ID="string_region_1638872994111_318l20"
                          HEIGHT="139"
                          WIDTH="927"
                          VPOS="2228"
                          HPOS="2852"
                          CONTENT="moy qui shis "/>
               </TextLine>
               <TextLine ID="region_1638872994111_318l21"
                         BASELINE="2842,2440 2947,2436 3053,2434 3158,2432 3264,2430 3370,2430 3475,2428 3581,2428 3686,2430 3792,2430 3898,2432 4003,2434 4109,2436 4214,2438 4320,2441 4426,2445 4531,2448 4637,2452 4742,2457 4848,2461 4954,2466"
                         HEIGHT="222"
                         WIDTH="2143"
                         VPOS="2280"
                         HPOS="2828">
                  <String ID="string_region_1638872994111_318l21"
                          HEIGHT="222"
                          WIDTH="2143"
                          VPOS="2280"
                          HPOS="2828"
                          CONTENT="Mons Jacquis Bassecourt S Ady 24 sbre 7715"/>
               </TextLine>
               <TextLine ID="region_1638872994111_318l22"
                         BASELINE="2852,2552 2962,2548 3073,2546 3184,2544 3295,2544 3406,2544 3517,2544 3628,2546 3739,2547 3850,2549 3961,2552 4071,2554 4182,2558 4293,2560 4404,2564 4515,2568 4626,2572 4737,2576 4848,2580 4959,2582 5070,2586"
                         HEIGHT="148"
                         WIDTH="2247"
                         VPOS="2467"
                         HPOS="2839">
                  <String ID="string_region_1638872994111_318l22"
                          HEIGHT="148"
                          WIDTH="2247"
                          VPOS="2467"
                          HPOS="2839"
                          CONTENT="Jay rre ceu lhonneur de la vre 21 dt court ie vous"/>
               </TextLine>
               <TextLine ID="region_1638872994111_318l23"
                         BASELINE="2850,2632 2964,2634 3078,2636 3192,2638 3306,2640 3420,2642 3534,2645 3648,2648 3762,2650 3876,2652 3991,2654 4105,2658 4219,2660 4333,2662 4447,2664 4561,2668 4675,2670 4789,2674 4903,2676 5017,2679 5132,2682"
                         HEIGHT="167"
                         WIDTH="2314"
                         VPOS="2546"
                         HPOS="2835">
                  <String ID="string_region_1638872994111_318l23"
                          HEIGHT="167"
                          WIDTH="2314"
                          VPOS="2546"
                          HPOS="2835"
                          CONTENT="demande exeue davoir tarde a vous envoyeer vre"/>
               </TextLine>
               <TextLine ID="region_1638872994111_318l24"
                         BASELINE="2842,2726 2955,2729 3069,2734 3183,2736 3297,2740 3411,2743 3525,2746 3639,2748 3753,2750 3867,2752 3981,2754 4094,2756 4208,2758 4322,2760 4436,2762 4550,2766 4664,2768 4778,2771 4892,2775 5006,2779 5120,2784"
                         HEIGHT="135"
                         WIDTH="2312"
                         VPOS="2675"
                         HPOS="2825">
                  <String ID="string_region_1638872994111_318l24"
                          HEIGHT="135"
                          WIDTH="2312"
                          VPOS="2675"
                          HPOS="2825"
                          CONTENT="facture la maladre de ma lemme esavee lete "/>
               </TextLine>
               <TextLine ID="region_1638872994111_318l25"
                         BASELINE="2836,2820 2949,2824 3062,2829 3175,2832 3288,2835 3402,2838 3515,2840 3628,2842 3741,2846 3854,2847 3968,2850 4081,2851 4194,2854 4307,2856 4420,2858 4534,2862 4647,2864 4760,2868 4873,2872 4986,2877 5100,2882"
                         HEIGHT="133"
                         WIDTH="2296"
                         VPOS="2775"
                         HPOS="2820">
                  <String ID="string_region_1638872994111_318l25"
                          HEIGHT="133"
                          WIDTH="2296"
                          VPOS="2775"
                          HPOS="2820"
                          CONTENT="l'embaras des mes affaires en est la capse la "/>
               </TextLine>
               <TextLine ID="region_1638872994111_318l26"
                         BASELINE="2858,2922 2967,2925 3077,2928 3187,2931 3296,2934 3406,2936 3516,2938 3625,2940 3735,2942 3845,2944 3955,2944 4064,2946 4174,2948 4284,2950 4393,2952 4503,2954 4613,2957 4722,2960 4832,2964 4942,2968 5052,2972"
                         HEIGHT="160"
                         WIDTH="2221"
                         VPOS="2865"
                         HPOS="2844">
                  <String ID="string_region_1638872994111_318l26"
                          HEIGHT="160"
                          WIDTH="2221"
                          VPOS="2865"
                          HPOS="2844"
                          CONTENT="voicy portante en argent de change ƒ1325:1¼"/>
               </TextLine>
               <TextLine ID="region_1638872994111_318l27"
                         BASELINE="2872,3026 2987,3028 3102,3030 3217,3032 3332,3034 3448,3036 3563,3038 3678,3040 3793,3042 3908,3044 4024,3047 4139,3048 4254,3051 4369,3054 4484,3056 4600,3058 4715,3062 4830,3064 4945,3066 5060,3070 5176,3074"
                         HEIGHT="145"
                         WIDTH="2334"
                         VPOS="2939"
                         HPOS="2858">
                  <String ID="string_region_1638872994111_318l27"
                          HEIGHT="145"
                          WIDTH="2334"
                          VPOS="2939"
                          HPOS="2858"
                          CONTENT="donti vous plaira me crediter et the commander"/>
               </TextLine>
               <TextLine ID="region_1638872994111_318l28"
                         BASELINE="2840,3126 2955,3128 3071,3130 3186,3132 3302,3134 3418,3136 3533,3138 3649,3140 3764,3142 3880,3144 3996,3146 4111,3148 4227,3150 4342,3152 4458,3154 4574,3156 4689,3158 4805,3160 4920,3163 5036,3166 5152,3168"
                         HEIGHT="188"
                         WIDTH="2343"
                         VPOS="3039"
                         HPOS="2825">
                  <String ID="string_region_1638872994111_318l28"
                          HEIGHT="188"
                          WIDTH="2343"
                          VPOS="3039"
                          HPOS="2825"
                          CONTENT="aua occasions qui il y aura quelque chose pour vre "/>
               </TextLine>
               <TextLine ID="region_1638872994111_318l29"
                         BASELINE="2856,3226 2967,3229 3078,3230 3189,3233 3300,3236 3412,3237 3523,3240 3634,3241 3745,3242 3856,3244 3968,3246 4079,3248 4190,3250 4301,3252 4412,3254 4524,3254 4635,3256 4746,3258 4857,3260 4968,3260 5080,3262"
                         HEIGHT="129"
                         WIDTH="2254"
                         VPOS="3159"
                         HPOS="2841">
                  <String ID="string_region_1638872994111_318l29"
                          HEIGHT="129"
                          WIDTH="2254"
                          VPOS="3159"
                          HPOS="2841"
                          CONTENT="service ie vous serviray si bien et a si t prix"/>
               </TextLine>
               <TextLine ID="region_1638872994111_318l30"
                         BASELINE="2854,3332 2966,3330 3079,3328 3192,3328 3305,3328 3418,3330 3530,3331 3643,3333 3756,3334 3869,3338 3982,3340 4094,3342 4207,3346 4320,3348 4433,3352 4546,3354 4658,3356 4771,3358 4884,3358 4997,3360 5110,3360"
                         HEIGHT="126"
                         WIDTH="2287"
                         VPOS="3279"
                         HPOS="2838">
                  <String ID="string_region_1638872994111_318l30"
                          HEIGHT="126"
                          WIDTH="2287"
                          VPOS="3279"
                          HPOS="2838"
                          CONTENT="comme sil servet icy present vous ne pr avez pas"/>
               </TextLine>
               <TextLine ID="region_1638872994111_318l31"
                         BASELINE="2844,3428 2952,3430 3060,3430 3168,3430 3276,3430 3384,3432 3492,3434 3600,3434 3708,3436 3816,3438 3925,3440 4033,3442 4141,3444 4249,3446 4357,3449 4465,3452 4573,3454 4681,3458 4789,3460 4897,3464 5006,3468"
                         HEIGHT="155"
                         WIDTH="2196"
                         VPOS="3379"
                         HPOS="2827">
                  <String ID="string_region_1638872994111_318l31"
                          HEIGHT="155"
                          WIDTH="2196"
                          VPOS="3379"
                          HPOS="2827"
                          CONTENT="parle des draps dhommes de  et j'ay  "/>
               </TextLine>
               <TextLine ID="region_1638872994111_318l32"
                         BASELINE="2876,3528 2991,3528 3106,3528 3221,3530 3336,3532 3451,3534 3566,3536 3681,3540 3796,3542 3911,3544 4026,3548 4141,3550 4256,3552 4371,3555 4486,3558 4601,3560 4716,3560 4831,3562 4946,3562 5061,3562 5176,3562"
                         HEIGHT="191"
                         WIDTH="2332"
                         VPOS="3421"
                         HPOS="2862">
                  <String ID="string_region_1638872994111_318l32"
                          HEIGHT="191"
                          WIDTH="2332"
                          VPOS="3421"
                          HPOS="2862"
                          CONTENT="vous demander si n'en avez besoings en ay que ie fait"/>
               </TextLine>
               <TextLine ID="region_1638872994111_318l33"
                         BASELINE="2848,3618 2962,3620 3076,3623 3190,3625 3304,3628 3418,3630 3532,3632 3646,3634 3760,3636 3874,3639 3989,3642 4103,3644 4217,3646 4331,3648 4445,3650 4559,3654 4673,3656 4787,3658 4901,3660 5015,3662 5130,3664"
                         HEIGHT="147"
                         WIDTH="2314"
                         VPOS="3553"
                         HPOS="2833">
                  <String ID="string_region_1638872994111_318l33"
                          HEIGHT="147"
                          WIDTH="2314"
                          VPOS="3553"
                          HPOS="2833"
                          CONTENT="appresser quil vous agreerout miecux que les passer"/>
               </TextLine>
               <TextLine ID="region_1638872994111_318l34"
                         BASELINE="2850,3716 2960,3714 3071,3716 3182,3716 3293,3718 3404,3720 3514,3723 3625,3726 3736,3728 3847,3731 3958,3734 4068,3737 4179,3740 4290,3742 4401,3744 4512,3745 4622,3746 4733,3746 4844,3746 4955,3744 5066,3742"
                         HEIGHT="136"
                         WIDTH="2247"
                         VPOS="3654"
                         HPOS="2836">
                  <String ID="string_region_1638872994111_318l34"
                          HEIGHT="136"
                          WIDTH="2247"
                          VPOS="3654"
                          HPOS="2836"
                          CONTENT="sil vous en souhaisies crayez moy vous serte tres"/>
               </TextLine>
               <TextLine ID="region_1638872994111_318l35"
                         BASELINE="2842,3816 2958,3816 3074,3816 3190,3818 3306,3819 3422,3820 3538,3822 3654,3824 3770,3826 3886,3828 4002,3830 4118,3830 4234,3832 4350,3834 4466,3834 4582,3834 4698,3834 4814,3834 4930,3834 5046,3832 5162,3830"
                         HEIGHT="121"
                         WIDTH="2348"
                         VPOS="3757"
                         HPOS="2828">
                  <String ID="string_region_1638872994111_318l35"
                          HEIGHT="121"
                          WIDTH="2348"
                          VPOS="3757"
                          HPOS="2828"
                          CONTENT="bien serve et a cette condition qen cas qu'ies ne vous"/>
               </TextLine>
            </TextBlock>
         </PrintSpace>
      </Page>
   </Layout>
</alto>
