5479 3943
467 90 2231 166 pour vre service ie vous puis asteurer que ie n'ayt

509 172 2204 125 este de longes etnnees prieux assorts que ie ne deuz

523 251 2134 208 d'apresent de touttes sortes des nouvelles et belles

512 355 2150 225 marchandises tousjours a vre service pantil

513 483 1043 192 vous plaira ie puis

480 574 2234 245 Gheudt Jacobus Baut Ady 9 Augusti 1715

537 697 2209 165 met ue van 7 deser adviseert ue mij myne remise

521 802 2226 151 op r Jean Bapt de laedelaer geaccepteert was

506 909 2150 176 sende met ue geeerde van gisteren remitteert

507 1012 2218 202 ue mij op h sodogne op  dato £80:- die om

504 1133 1978 174 accepttatie hebbe gesonden Dh ue Broeder

508 1210 2222 168 sthet morget naer costy te vertrecken. verhoepe

481 1321 2033 169 den heere hem in goede gesontheydt sal

522 1451 2182 136 sver brenghen  groete ue neden de lieve

488 1528 1662 168 familie van heften en blijve

495 1613 2132 224 Brussel  Segers Ady 9 ditto 1715

514 1742 2200 174 sien dat ue de geteckende spaensche laekens tot

500 1867 1984 176 dien prijs niet dienen. ue en wilt niet wel

545 1890 2112 252 gedient wesen want dan en magher ue sijn

516 2068 2219 149 leven geen meer coopen aengaende de geperste

536 2191 2196 147 ingesloeten de staelen agheeren ue dies mede

519 2258 2164 178 niet. ick salse met allen praisir behouden

520 2383 2093 140 en verhoepen dat het in een ander occasie

525 2447 2171 173 sal dienen ende dat den heere ue p ersten

495 2582 2188 178 sijn gesonthert sal laeten reeppeteeren en

502 2696 395 148 blijve

460 2761 2276 204 Amsterdam Franc. Rousseau Ady 12 Augusti 171

507 2894 2157 169 met beyde ue missives 8 en 9 cour. becoemen ue

522 2998 2227 166 remises op henrij norsis in london in princa en secoude

539 3103 2196 158 te saemen te £300: 33: 3 banco £528:15

503 3252 2225 136 het en gebeurt my maer ordinair dat het ue soo

539 3347 2201 168 stelt dat ick acnter het net vossche die costen mij

527 3435 2227 146 un 36:6 beeter advantagie hebbe ick hier connen

539 3558 2172 145 waernemen ende dat ick ue hebbe geschreven

522 3668 2087 143 het en coemt op een post atwee niet aen is

555 3738 2161 114 geweest  reder  ue mij aevi seeker

2845 117 2251 188 beeteren prijs soude connen aentrefen. de partije is

2828 223 2259 131 wel ue conforen van 3 deser met £1030:-:- voor

2841 366 2290 145 6 usor hadde aengeteekent aettgaende onse speculaties

2840 466 2242 126 vreese wederom in de windt sullen verdwynen

2854 594 2229 146 want den cours die ue noteert daer toe weynigh

2855 699 2165 142 couragie can geven mits ue in wissel niets en

2865 785 2133 103 wiet onderneemen sal ick moeten pasentie

2890 891 2256 151 nemen tot dat ue bettere gedaghten sal gelieven

2871 1000 2269 175 te forneeren. wortter van geene andere negotie

2864 1092 2031 186 bij naer gesprocken als van de goederen

2874 1246 2283 184 der gearriveerde oostindighsche comp schepen

2864 1338 2284 215 soo vreese bij de vercoopinge even als voorleden

2834 1469 2255 169 jaer weynigh vraght oft advance sal te doen

2836 1565 2263 215 wesen niettemin ue speculaties ende gedaghtens

2884 1670 2119 168 aengaende deen en dander sulen mij altijdts

2860 1786 2249 227 aengenaem wesen in hoefde datter echter eens

2863 1908 2278 142 iets sal voor coemen daer men met fondament

2858 2046 2239 182 sal connen van profiteeren n de Engelsche

2876 2116 2245 167 tijdinghen vinde ick weynighe becoenmer wissen

2879 2239 2267 153 de sondeen sullen eer faveur nemen als valen

2869 2319 2264 230 ue echter iets vernemende bidde mij de clachtigh

2854 2475 2241 151 te maeken om sich naer advenandt te connen

2836 2557 1614 176 schicken en blijve van herten

2818 2677 2275 179 Rotterdam Dibunys verburgh Ady 12 Augrusti 1715

2841 2816 2258 174 tot antwoort op beijde ue missives 6 en ee courant

2830 2889 2326 218 dient alleen ue remise 9 deser 2 usos ofb louis jessin

2848 2992 2329 195 van stf £55 a60 36:10 hollandts ƒ 607:15 hebbe becoemen

2846 3110 2209 179 de engelschebrieven manheyren ons over ossende

2824 3205 2217 197 die men in hollandt heeft becoemen ofter eeninge

2837 3312 2238 164 schepen van London a costj arriveerden bidde

2824 3408 2188 170 eens te insormeeren ofter niet een pack laeken

2862 3533 2276 144 van livinus de Derpere bj is want ick en hebbe

2853 3607 2306 134 geene tijdinghe ende hebbe het ue seer gerecnman

2812 3716 2162 115 ldeert te depescheeren: de tijdinghen van daer

2889 3787 2254 95 volgens de gasetten fijn vre ue iets en
