5228 3965
372 78 2256 167 op gepackt in een paxke gemerckt £BB en woontdag

372 180 2231 154 avout nogh scheilde gedaen. vertrouwe het selfie op

402 265 2198 204 ontfanck deser ue wel sal sijn geworden ende dat ue

394 377 2236 190 alles naer sijn contentement sal bevinen inge hote

368 488 2215 232 de facure bedraeghende in wisselgelde ƒ 383:18 ½

394 606 2224 225 waer voor mij gelieft te crediteeren: de staeltiens

390 721 2238 231 sal ick verwaghten daer ue mij over gesprocken

425 834 2181 190 heeft nevens noutie van den prijs soo als ue de

403 947 2237 196 laekens destreert weest verleekert dat ue ten

401 1073 2216 233 uytersten wel sal bedienen all oft ue hier present

410 1165 2173 210 waere sijnde in alle occasies van herten

344 1273 2192 294 Ghendt Jan francis Willleg, Adij 11 sber 1717

441 1424 2173 204 ie vous ay addresser le 6 du courant p Battear

468 1552 1991 217 ordinair pour Gand un ballot marque 175

486 1686 2132 207 contengent P des draps a Angleterre 126

441 1785 2071 194 de cavisee 4 P. de bayes et 1 de frisette

467 1892 2102 224 pour compte de mons. Austune du n de

436 2011 2113 244 tournage. i'espere qu'il arrivera desmain ou

447 2148 1969 195 apresdes main chezs vous ie vous prie d'en

448 2239 2155 178 avoir soing et de lexsoedicer pour toutnaye cito

431 2369 2202 212 possible en suitte a l ordre de mad. la Compaque

457 2455 2000 211 qui vous en aura parle saus doubre a son

457 2589 2141 177 passage vr Jano comme elle m'a promisi ie duis

486 2695 399 162 du Caut

290 2711 2266 283 Mojds Jan EDermare Ady 1sber 1714

432 2899 2149 221 I estestonnant que v:9 n en pas la bonte a

408 3040 2097 185 me sausfaire comme ie vous ay prie dant

400 3188 2089 136 instament ensuitte au compte coufant vous

402 3266 2183 184 envoyez dans le mois  n vous mij

380 3410 2245 135 davez £35:1:7 et pour la partie des marchan

348 3496 2239 233 Edize vous envoyeez le 25 gbre 172 £ 61:16:8

426 3625 1991 184 ensemble £96:18:3 argent de change

426 3735 2005 124 vous saves que ie vous ay rendue service

2757 87 2281 187 et que ie ne merite pas telle recompente ie vous

2759 186 2264 227 prie d'avoir Esquard a la justiee des mes plainies

2720 335 2302 184 et a me vouloir remettre car de cette maniere

2774 499 2203 112 ie perdrois plus en ietrest que l'on pourroit

2796 563 2100 239 gaigner sur la marchandise ie vous fait

2732 707 2252 233 coffre de mes services et marchandises en cas

2790 843 2010 217 g en pourrir avoir besoing et ie vous

2730 959 2255 217 jast sure que me trouvere en touttes occasions

2713 1098 2095 237 Leeds ni CBosson Ady 13 xbre 1714

2736 1249 2241 216 jJ'espere que me derniere du 22 de toust vous lern

2760 1396 2272 181 bieu parvenue avec ma traitte a eme deste ps

2744 1500 2250 170 sur messis scawen et stockdale de londres que ie

4389 1614 49 54 ld

2762 1608 2258 167 ne vous ayt escript depuis il ne vous fauit estonner

2756 1719 2261 202 car ma femme att este a la mort et cela m'a

2779 1811 2204 178 cause sel embaras que ie n'ayt eu ni le loisir

2760 1942 2258 183 ue le plassir pour longer a mes affaires mais

2760 2050 2235 209 presentemont il vat un peu pjeur grace

2747 2161 2293 178 au lesgneur. sur cela ie vous diray que i'ay bien

2709 2329 2331 145 receu l'agreable vre  du passe avec fainire

2765 2389 2214 185 et eschantillions du ballot N4 dont ie suis

2768 2560 2198 182 fort astonnée. ie vous ay marque les numeros

2769 2644 2235 217 de l'aultre ballot pour en avoir conform

2773 2781 2177 198 en couleures et vous ne m'en envoyez pas

2754 2895 2276 196 mais tout au contraire des ne sont pas des

2769 3010 2250 186 manieres d'agire ie doibt scavoir ce que ie peu

2800 3121 2017 187 debiter et vous ne me dever scharger des

2789 3208 2223 223 couleures qui ne me duitent pass il ne suffit

2792 3377 2196 167 point d'achepter et envosseer ie vous doibt

2800 3463 2152 177 payeer et laussy pouvoir les debiter. nous

2800 3571 2079 168 commes dans e commiture du temps

2803 3692 2152 140 que noye avons du mal asses e pouvoir
