5464 3943
486 90 2200 137 metter tijdt te connen vinden. ick wenste din veele

517 183 2204 195 die de selve niet en hadde want ick en bendir niet

520 308 2197 167 eens by verleyen: ick en hebbe geen aeht stncken

509 402 2167 183 meer u mijnen naem en ick en sien geen kans

519 505 2168 182 meer om duldaenighe te becoemen ende naer

530 592 2212 172 conscientie gesprocken ils wel de moeyte weert

556 719 2160 156 malhander en lastigh te vallen om det bayekens

521 787 1974 214 die ue daer van heofte en belleven

513 910 2057 174 tegenwoordigh geen ellendighe tijdent Godt

521 1012 2185 212 wille het beteeren waen het enis niet meer

512 1137 2188 178 om negotieeren: ick blijve in alle occasien

538 1222 2212 180 van herten als aen hefS ue reminen

429 1348 2194 211 Brussel S auls de Broyser Ady 9 sber 1715

522 1459 2203 196 desen dient alleen tot couvert van de facture van het

503 1582 2137 152 laeste packe ue 18 sber toegesonden bedraeghende

532 1685 2073 190 in wisselgelde ƒ313-½ waer voerens mij gelieft te

509 1830 2156 136 crediteeren, en iets tot ue dienst voorvallende te

545 1876 2156 195 commandeeren ue verseekerende datter present in

539 1959 2172 200 Antwerppen geen schoonder sortiment en is als ick

536 2102 1348 167 en hebbe en soo blijve

1841 2171 758 174 Adij 10 sber 1715

470 2203 956 180 Brussel J Bapt ais

550 2303 2121 139 conforn beyde ue aengenaeeme van 25 sber en 1 deser

545 2360 2204 183 hebbe de bayen in een paxke £84 voorleden satedagh

546 2524 2200 130 scheep gedaen:igh verhoepe de selve ue wel sijn geworden

549 2630 2197 133 die bedraeghen ƒ 38:5 als aen den voet deser waer voor

570 2720 2185 143 mij gelieft te crediteeren het is mij leedt ue soo wejnigh

565 2814 2153 141 van doen heeft ick koepe dat het vertier sal gaen

564 2922 2154 155 coemen ende dat ue noghal eens sal overelemen

590 3008 2139 153 ick hebbe het schoonste goet dat men can verdencken

606 3101 2008 140 en alle soorten van laekens in abondantie ick

569 3189 998 147 groete ue en blijve

1774 3236 864 204 Adij 10 bber 171

396 3279 764 182 Brussel Gt ad

499 3348 2255 174 desesn tot convert van de facture van het goet ue vercg

504 3507 2211 139 ep saterdagh scheep gedaen bedraeghende in wisselgelde

530 3600 2118 128 ƒ 557:8 waer voor mij gelieft te crediteeren en in alle

532 3678 2188 135 occasien de commandeeren. ick bidde ue als het sijn can

544 3763 2155 107 wat consideratie te gebruyken want ue heeft dit jaer

2792 124 2179 122 weynigh opreken betaelt blijve van herten als aen

2798 186 1111 186 Meiffe. ue Bemmde

2798 321 2040 160 Brussel Petris Ringler Ady 10 xber 1715

2817 411 2242 192 ick ben verwondert dat ue het gheel saer met eens en

2809 570 2188 151 is over gecoemen oft iets gecoght heeft. ick hebbe seer

2800 642 2285 178 schoongerief van alles altijdts tot ue dienste. ick trecke

2819 756 2264 184 de £13:13:4 wisselglde te betaelen aen d'ordre dheer

2787 881 2282 172 Jacomo Rousseau voor de 2 bayen 16 sser voor leden

2797 976 2163 210 jaer ue gelivert die bidde conform te betaelen en

2812 1118 2016 135 blijve als d'occasie sal voorvalen altijdts

2790 1229 2144 185 Rnicolas van dern Berghen Ady 10 xber 1715

2801 1355 2170 151 Ick hebbe ue aengenaeme van 13 sber wel ontfangen

2798 1456 2292 194 de siechte van mijn huysvrouwe continneert nogh en

2789 1580 2292 156 sijns in eenen seer slechten staet. Godt gave den soemer

2805 1635 2339 177 implaessehe van den winter voor handen waere niettemin

2809 1754 2334 180 het dependeert alles van den goeden godt ick recomman

2797 1868 2272 151 deerte in ue goede gebeden te willen indaghtigh weten

2812 1982 2241 167 dat den heere haer en mij wille geven het gene dis

2796 2091 2223 152 saligh magh weten aequer de Pre beeeft my geselt

2802 2149 2308 186 £27:9:- oft ƒ164:14- gelijck ick ie in rekent hebbe

2822 2300 2292 108 goet gedaen de facture van de bayen en carseyen ue

2833 2374 2327 151 23 Augusti laest toegesonden bedraeght ƒ 345:- wisselgelde

2830 2499 2284 140 als aen den voet deser. ick hoewe datter nu wat beeter

2821 2564 2319 190 verhier sal wesen ende dat ue voor den wierter noghal ies

2796 2679 2224 112 sal noodigch hebben daeris tegenwoordigh de schrontne

2808 2790 2330 154 occasie die men soude conmne wenschen daer is den boede

2802 2878 2329 156 dortaert van Berghen die ue goet  ue huys sal brenghen

2786 3006 2245 150 soo goeden coop als ue het tataeter over Brusselen sal

2824 3094 2330 110 brenghen: bij heeft sijn eygen voisure ende dient nu alle

2794 3170 2257 143 de looplieden heeft van berghen daerom gelieft ie

2804 3278 2356 172 den rooden baje oft nogh ietlanders gesonden te hebben

2818 3385 2304 132 ick can het doen alst ue sal believen ick groeh ue

2812 3466 2299 212 van herten susgelyckx ue huysvrouwe ende daghter

2829 3570 498 172 en blijve
