5469 3943
480 84 2240 142 et au sr Jaspar van Opperveldt £26:13:4 tellemen

471 219 2261 134 quil m'en reste £200:- de change que ie vous passe

501 305 2214 204 en credit pr. solde du vieux compne darressee le 6 juin

464 423 2212 160 dernier ou en satisfaction iusques a la partie

478 561 2247 130 des marchandises vous libre le 18 janvier denier

477 638 2038 185 sil vous fault des draps noirs ou bleux dn

508 763 2217 195 draps dhommes de  sarges jen ay presentement

510 865 2212 217 p beaue et a  prix mesme de :13 a 14

491 990 2177 195 et aultres marchandises d'Angleterre pour

539 1098 2142 211 vre service aux occasions il vous plaira

474 1217 2235 181 m honnorer de vos commende mems qui suis

408 1313 1260 211 Amsterdam Franc Rousseau

1837 1339 867 207 Adj 11 xber 1716-

476 1448 2246 190 ue geeerde 3 en 24 courant hebbe becoemen met den

491 1625 2236 151 heyligh dagh voorleden post en hebbe nitt geantwoort

499 1691 2226 178 waer van de veranderinghe in wissel tussee

476 1817 2244 110 costij voor coemt en can men mede niet peeren

489 1927 2241 163 heden waer onder weynighe oft geene brieven soo dat

503 2029 2226 167 het 1  preto cost is geloopen cour 3½ preto. de

484 2117 2221 152 was hier pary soude coemen soo dat het niet won

495 2244 2223 160 is ick niets en hebbe afgegeven sijnde geene brieve

456 2332 2273 199 op tijdt te becoemen ende alles in te vaste handen

490 2434 2196 161 door de weynighe negotie ende ue mij tot noch toe

476 2529 2253 225 geen eclaississement gegeven hebbende oft ue incline

461 2640 2272 161 om als voeren op tijdt te touren te sinden soo en

497 2743 2222 157 can ick geene speculatie machen maer daer mede

453 2854 2263 160 tevreden wesende soude my naer advenant regileer

479 2959 2249 153 ende dat gelieve ue mij te noteeren want andere

476 3060 2243 189 vrinden beginnen wederom als voeren animose

503 3160 2221 207 crijghen aengaenden den wasch oosters den besten

497 3263 2221 170 en oprechten tusfchen ƒ57 a ƒ60 en soude niet quaet

509 3376 2218 178 wesen maer men  mij om a co te

493 3474 2216 189 redene die genero in hollandt meenigh mack soo

485 3637 2225 119 vervalst en onder een gesmolten wort die men

504 3698 2193 156 hier te lande dan als het soude mes vallen

2835 93 2224 184 prix soude comen afsetten. gelieve hier op eens te

2830 217 2226 182 reflecteeren ende de scheepen gearriveert wesende

2840 336 2306 204 te adviseeren oock hoe het toegaet met den vercoop

2810 470 2227 180 van de compe. oft daer profijt te doen is oft niet

2837 564 2302 167 want ick en geloove niet datter dese rijze soo veel

2809 679 2309 200 commissies als voorleden jaer van andere gewesten

2804 798 2273 132 wesen - ende daerom can het gebeuren dat hier

2806 903 2250 195 oft daer wel censlagh sal te doen wesen maer

2820 1026 2248 186 alle dese dinghen sijn buyten nijne kennisse

2830 1160 2192 189 en is goet om couge te nemen het luyden

2800 1269 2325 174 daer inne geverseert om op soo eene maniere

2829 1386 2282 163 sijn geldt  te geven — terwijlen ick sien

2821 1501 2282 175 alles hier te laude om verre loopt  valle

2819 1614 2256 160 het ue geraeden vindt Londen present te saemen

2817 1740 2316 162 connen onse rekene sluyten. heten moet

2836 1853 2250 197 geen nieuwjaer wesen . blijve van herten

2801 1974 2198 184 Brussel michiel van Schoor Ady 2 gber 1715

2820 2072 2268 185 Ick an weete niet wat dencken naer de mael ick ue

2804 2188 2312 193 nu soo veele rijsen minnelijck hebbe geschreven en

2814 2291 2353 198 eyndelijck geen antwoort en becoeme. ick vertrouwe

2822 2442 2347 143 dat het geen sieckte en is geweest die dat heeft getardeert

2849 2526 2159 176 maer dat ue misschien buyten stadt sal hebben

2824 2652 2138 151 geweest daerom coeme ue noch eens vrindelyck

2853 2745 2228 184 de memoire ververschen dat ue op my soude

2820 2844 2276 174 gelieve te dencken - ende de briefkens te accepteeren

2823 2925 2352 247 ende heeft ue eenigh sortiment van goederen noodigh

2824 3037 2181 205 ue asseureerende dat ick seer wel voorsien be

2819 3182 2230 162 ende dat ick u  seer goeden coop sal bedienen

2822 3277 2313 178 die versoeke een letterken antwoort waer op my

2816 3373 1314 174 sal verlaeten en blijven
