<?xml version="1.0" encoding="UTF-8"?>
<alto xmlns:xsi="http://www.w3.org/2001/XMLSchema-instance"
      xmlns="http://www.loc.gov/standards/alto/ns-v4#"
      xmlns:page="http://schema.primaresearch.org/PAGE/gts/pagecontent/2013-07-15"
      xsi:schemaLocation="http://www.loc.gov/standards/alto/ns-v4# https://www.loc.gov/standards/alto/v4/alto.xsd">
   <Description>
      <MeasurementUnit>pixel</MeasurementUnit>
      <OCRProcessing ID="IdOcr">
         <ocrProcessingStep>
            <processingDateTime>2022-02-11T21:33:14.542+01:00</processingDateTime>
            <processingSoftware>
               <softwareCreator>READ COOP</softwareCreator>
               <softwareName>Transkribus</softwareName>
            </processingSoftware>
         </ocrProcessingStep>
      </OCRProcessing>
   </Description>
   <Layout>
      <Page ID="Page1" PHYSICAL_IMG_NR="1" HEIGHT="3934" WIDTH="5445">
         <TopMargin HEIGHT="0" WIDTH="5445" VPOS="0" HPOS="0"/>
         <LeftMargin HEIGHT="3934" WIDTH="0" VPOS="0" HPOS="0"/>
         <RightMargin HEIGHT="3934" WIDTH="0" VPOS="0" HPOS="5445"/>
         <BottomMargin HEIGHT="0" WIDTH="5445" VPOS="3934" HPOS="0"/>
         <PrintSpace HEIGHT="3934" WIDTH="5445" VPOS="0" HPOS="0">
            <TextBlock ID="region_1638876145943_1077"
                       HEIGHT="3808"
                       WIDTH="2324"
                       VPOS="49"
                       HPOS="569">
               <Shape>
                  <Polygon POINTS="569,49 2893,53 2863,3857 569,3857"/>
               </Shape>
               <TextLine ID="region_1638876145943_1077l1"
                         BASELINE="652,168 763,168 874,166 986,164 1097,164 1209,164 1320,164 1431,164 1543,164 1654,164 1766,166 1877,168 1988,170 2100,173 2211,176 2323,180 2434,186 2545,190 2657,197 2768,204 2880,210"
                         HEIGHT="139"
                         WIDTH="2261"
                         VPOS="89"
                         HPOS="636">
                  <String ID="string_region_1638876145943_1077l1"
                          HEIGHT="139"
                          WIDTH="2261"
                          VPOS="89"
                          HPOS="636"
                          CONTENT="hadde een brief op eenige haegen tot 2½ aenveert dat in "/>
               </TextLine>
               <TextLine ID="region_1638876145943_1077l2"
                         BASELINE="644,256 756,258 868,258 980,258 1092,258 1205,258 1317,260 1429,260 1541,260 1653,260 1766,260 1878,262 1990,263 2102,264 2214,268 2327,270 2439,273 2551,278 2663,282 2775,288 2888,294"
                         HEIGHT="125"
                         WIDTH="2272"
                         VPOS="192"
                         HPOS="629">
                  <String ID="string_region_1638876145943_1077l2"
                          HEIGHT="125"
                          WIDTH="2272"
                          VPOS="192"
                          HPOS="629"
                          CONTENT="gelijck a niedheckt sende ue den selvevinge loeten volde "/>
               </TextLine>
               <TextLine ID="region_1638876145943_1077l3"
                         BASELINE="604,346 713,344 823,344 933,342 1043,344 1153,344 1262,346 1372,348 1482,350 1592,353 1702,356 1811,358 1921,361 2031,364 2141,366 2251,368 2360,370 2470,372 2580,372 2690,372 2800,372"
                         HEIGHT="117"
                         WIDTH="2226"
                         VPOS="303"
                         HPOS="589">
                  <String ID="string_region_1638876145943_1077l3"
                          HEIGHT="117"
                          WIDTH="2226"
                          VPOS="303"
                          HPOS="589"
                          CONTENT="van 11 gvalliux op lausence sweerts crer ados 1200"/>
               </TextLine>
               <TextLine ID="region_1638876145943_1077l4"
                         BASELINE="638,452 748,452 858,452 968,452 1078,454 1189,454 1299,454 1409,455 1519,456 1629,456 1740,458 1850,458 1960,460 2070,460 2180,462 2291,462 2401,464 2511,464 2621,466 2731,468 2842,468"
                         HEIGHT="147"
                         WIDTH="2235"
                         VPOS="380"
                         HPOS="623">
                  <String ID="string_region_1638876145943_1077l4"
                          HEIGHT="147"
                          WIDTH="2235"
                          VPOS="380"
                          HPOS="623"
                          CONTENT="a 47 ½ benco £237:10 waer voerens mij gelieft te coedite"/>
               </TextLine>
               <TextLine ID="region_1638876145943_1077l5"
                         BASELINE="640,546 752,546 864,548 976,548 1088,550 1200,552 1312,554 1424,554 1536,556 1648,558 1760,560 1872,562 1984,562 2096,564 2208,564 2320,566 2432,566 2544,566 2656,566 2768,566 2880,564"
                         HEIGHT="120"
                         WIDTH="2270"
                         VPOS="479"
                         HPOS="624">
                  <String ID="string_region_1638876145943_1077l5"
                          HEIGHT="120"
                          WIDTH="2270"
                          VPOS="479"
                          HPOS="624"
                          CONTENT="ren ontfangen wesende ende tegens te gemitteerer nemt"/>
               </TextLine>
               <TextLine ID="region_1638876145943_1077l6"
                         BASELINE="650,656 760,656 871,656 982,656 1093,654 1204,654 1314,654 1425,654 1536,652 1647,652 1758,652 1868,650 1979,650 2090,650 2201,650 2312,650 2422,648 2533,648 2644,650 2755,650 2866,650"
                         HEIGHT="132"
                         WIDTH="2246"
                         VPOS="587"
                         HPOS="635">
                  <String ID="string_region_1638876145943_1077l6"
                          HEIGHT="132"
                          WIDTH="2246"
                          VPOS="587"
                          HPOS="635"
                          CONTENT="brievens cort sicht can ue geen op tijt resconfreeen "/>
               </TextLine>
               <TextLine ID="region_1638876145943_1077l7"
                         BASELINE="650,756 750,750 850,746 950,744 1050,742 1150,740 1250,740 1350,740 1450,740 1550,742 1650,743 1750,744 1850,744 1950,746 2050,745 2150,744 2250,742 2350,740 2450,737 2550,732 2650,726"
                         HEIGHT="159"
                         WIDTH="2031"
                         VPOS="644"
                         HPOS="634">
                  <String ID="string_region_1638876145943_1077l7"
                          HEIGHT="159"
                          WIDTH="2031"
                          VPOS="644"
                          HPOS="634"
                          CONTENT="dat ue recommandeere en afwachtende blijve"/>
               </TextLine>
               <TextLine ID="region_1638876145943_1077l8"
                         BASELINE="2018,840 2043,838 2068,838 2094,836 2119,836 2144,836 2170,836 2195,836 2220,836 2246,836 2271,838 2296,838 2322,838 2347,840 2372,842 2398,842 2423,843 2448,844 2474,844"
                         HEIGHT="136"
                         WIDTH="486"
                         VPOS="754"
                         HPOS="2003">
                  <String ID="string_region_1638876145943_1077l8"
                          HEIGHT="136"
                          WIDTH="486"
                          VPOS="754"
                          HPOS="2003"
                          CONTENT="15 sber 1716"/>
               </TextLine>
               <TextLine ID="region_1638876145943_1077l9"
                         BASELINE="612,868 654,866 696,864 738,862 781,860 823,858 865,857 908,856 950,854 992,854 1035,852 1077,852 1119,850 1161,850 1204,849 1246,848 1288,847 1331,846 1373,844 1415,844 1458,842"
                         HEIGHT="190"
                         WIDTH="880"
                         VPOS="738"
                         HPOS="593">
                  <String ID="string_region_1638876145943_1077l9"
                          HEIGHT="190"
                          WIDTH="880"
                          VPOS="738"
                          HPOS="593"
                          CONTENT="Gent : Bo de Saedelaer"/>
               </TextLine>
               <TextLine ID="region_1638876145943_1077l10"
                         BASELINE="660,964 770,956 880,952 990,947 1100,943 1210,940 1320,938 1430,936 1540,934 1650,934 1761,934 1871,934 1981,934 2091,936 2201,936 2311,936 2421,938 2531,938 2641,938 2751,938 2862,938"
                         HEIGHT="139"
                         WIDTH="2231"
                         VPOS="850"
                         HPOS="646">
                  <String ID="string_region_1638876145943_1077l10"
                          HEIGHT="139"
                          WIDTH="2231"
                          VPOS="850"
                          HPOS="646"
                          CONTENT="met ue aengenaeme van gisteren becoemen remisites als op"/>
               </TextLine>
               <TextLine ID="region_1638876145943_1077l11"
                         BASELINE="644,1064 754,1060 865,1054 976,1050 1086,1046 1197,1044 1308,1040 1418,1039 1529,1038 1640,1036 1751,1036 1861,1036 1972,1036 2083,1036 2193,1036 2304,1036 2415,1035 2525,1034 2636,1034 2747,1034 2858,1034"
                         HEIGHT="163"
                         WIDTH="2243"
                         VPOS="925"
                         HPOS="629">
                  <String ID="string_region_1638876145943_1077l11"
                          HEIGHT="163"
                          WIDTH="2243"
                          VPOS="925"
                          HPOS="629"
                          CONTENT="dh Jestiinne van Bruijssens £220 en op dater wood"/>
               </TextLine>
               <TextLine ID="region_1638876145943_1077l12"
                         BASELINE="616,1170 729,1164 843,1159 956,1154 1070,1150 1183,1146 1297,1142 1410,1138 1524,1135 1637,1132 1751,1130 1864,1129 1978,1128 2091,1128 2205,1126 2318,1128 2432,1128 2545,1130 2659,1132 2772,1134 2886,1136"
                         HEIGHT="135"
                         WIDTH="2302"
                         VPOS="1061"
                         HPOS="600">
                  <String ID="string_region_1638876145943_1077l12"
                          HEIGHT="135"
                          WIDTH="2302"
                          VPOS="1061"
                          HPOS="600"
                          CONTENT="&amp; doo waer voor het noodigh sal besorgen maecemots "/>
               </TextLine>
               <TextLine ID="region_1638876145943_1077l13"
                         BASELINE="644,1248 754,1246 865,1246 976,1244 1086,1242 1197,1240 1308,1239 1418,1238 1529,1236 1640,1234 1751,1232 1861,1230 1972,1230 2083,1228 2193,1226 2304,1226 2415,1226 2525,1226 2636,1226 2747,1226 2858,1226"
                         HEIGHT="181"
                         WIDTH="2242"
                         VPOS="1128"
                         HPOS="629">
                  <String ID="string_region_1638876145943_1077l13"
                          HEIGHT="181"
                          WIDTH="2242"
                          VPOS="1128"
                          HPOS="629"
                          CONTENT="van de £108 a N369 29 deser vallende tuen laste "/>
               </TextLine>
               <TextLine ID="region_1638876145943_1077l14"
                         BASELINE="1500,1290 1520,1290"
                         HEIGHT="58"
                         WIDTH="50"
                         VPOS="1249"
                         HPOS="1486">
                  <String ID="string_region_1638876145943_1077l14"
                          HEIGHT="58"
                          WIDTH="50"
                          VPOS="1249"
                          HPOS="1486"
                          CONTENT="1l"/>
               </TextLine>
               <TextLine ID="region_1638876145943_1077l15"
                         BASELINE="634,1348 745,1348 856,1346 967,1344 1078,1342 1190,1340 1301,1338 1412,1336 1523,1334 1634,1332 1746,1330 1857,1328 1968,1326 2079,1326 2190,1324 2302,1324 2413,1324 2524,1324 2635,1324 2746,1326 2858,1326"
                         HEIGHT="187"
                         WIDTH="2252"
                         VPOS="1215"
                         HPOS="620">
                  <String ID="string_region_1638876145943_1077l15"
                          HEIGHT="187"
                          WIDTH="2252"
                          VPOS="1215"
                          HPOS="620"
                          CONTENT="by mij adddis holland tis wedrom aen vallen voorlede"/>
               </TextLine>
               <TextLine ID="region_1638876145943_1077l16"
                         BASELINE="634,1452 742,1448 851,1447 959,1446 1068,1444 1177,1442 1285,1440 1394,1438 1502,1436 1611,1435 1720,1434 1828,1432 1937,1430 2045,1428 2154,1426 2263,1424 2371,1422 2480,1420 2588,1417 2697,1414 2806,1412"
                         HEIGHT="197"
                         WIDTH="2203"
                         VPOS="1326"
                         HPOS="619">
                  <String ID="string_region_1638876145943_1077l16"
                          HEIGHT="197"
                          WIDTH="2203"
                          VPOS="1326"
                          HPOS="619"
                          CONTENT="poot noch gedaen banco 2½ nu 22 cout 25 tot ue "/>
               </TextLine>
               <TextLine ID="region_1638876145943_1077l17"
                         BASELINE="642,1554 749,1554 857,1552 964,1550 1072,1548 1179,1544 1287,1540 1394,1536 1502,1532 1609,1527 1717,1522 1824,1520 1932,1516 2039,1514 2147,1512 2254,1510 2362,1510 2469,1512 2577,1514 2684,1518 2792,1524"
                         HEIGHT="202"
                         WIDTH="2180"
                         VPOS="1437"
                         HPOS="627">
                  <String ID="string_region_1638876145943_1077l17"
                          HEIGHT="202"
                          WIDTH="2180"
                          VPOS="1437"
                          HPOS="627"
                          CONTENT="goveins geloove en sapponiere wederom tot 2 pst"/>
               </TextLine>
               <TextLine ID="region_1638876145943_1077l18"
                         BASELINE="598,1664 706,1660 814,1658 922,1656 1030,1654 1139,1650 1247,1648 1355,1646 1463,1644 1571,1641 1680,1638 1788,1636 1896,1632 2004,1628 2112,1625 2221,1621 2329,1617 2437,1612 2545,1606 2653,1602 2762,1594"
                         HEIGHT="203"
                         WIDTH="2196"
                         VPOS="1530"
                         HPOS="580">
                  <String ID="string_region_1638876145943_1077l18"
                          HEIGHT="203"
                          WIDTH="2196"
                          VPOS="1530"
                          HPOS="580"
                          CONTENT="sal daelen op laegen coursen sal ue al tijts beeter"/>
               </TextLine>
               <TextLine ID="region_1638876145943_1077l19"
                         BASELINE="620,1756 727,1754 834,1754 941,1752 1048,1750 1155,1748 1262,1745 1369,1742 1476,1740 1583,1736 1691,1734 1798,1730 1905,1728 2012,1724 2119,1722 2226,1718 2333,1716 2440,1714 2547,1710 2654,1708 2762,1706"
                         HEIGHT="191"
                         WIDTH="2173"
                         VPOS="1609"
                         HPOS="604">
                  <String ID="string_region_1638876145943_1077l19"
                          HEIGHT="191"
                          WIDTH="2173"
                          VPOS="1609"
                          HPOS="604"
                          CONTENT="niek vindes derrewaerts als op alhier te remitteeren"/>
               </TextLine>
               <TextLine ID="region_1638876145943_1077l20"
                         BASELINE="636,1852 744,1852 853,1852 961,1852 1070,1850 1178,1848 1287,1846 1395,1842 1504,1840 1612,1836 1721,1833 1829,1830 1938,1826 2046,1824 2155,1820 2263,1818 2372,1816 2480,1816 2589,1816 2697,1816 2806,1818"
                         HEIGHT="136"
                         WIDTH="2200"
                         VPOS="1742"
                         HPOS="620">
                  <String ID="string_region_1638876145943_1077l20"
                          HEIGHT="136"
                          WIDTH="2200"
                          VPOS="1742"
                          HPOS="620"
                          CONTENT="londen 2 usos 1636 a 835:11 alsos van daer meer 68"/>
               </TextLine>
               <TextLine ID="region_1638876145943_1077l21"
                         BASELINE="644,1950 753,1946 863,1944 973,1942 1083,1940 1193,1938 1302,1936 1412,1934 1522,1932 1632,1930 1742,1928 1851,1926 1961,1924 2071,1922 2181,1920 2291,1918 2400,1916 2510,1913 2620,1910 2730,1906 2840,1904"
                         HEIGHT="176"
                         WIDTH="2226"
                         VPOS="1823"
                         HPOS="629">
                  <String ID="string_region_1638876145943_1077l21"
                          HEIGHT="176"
                          WIDTH="2226"
                          VPOS="1823"
                          HPOS="629"
                          CONTENT="36:5 a 4 afcoent parys 2 usos 3½ i alle oe casier "/>
               </TextLine>
               <TextLine ID="region_1638876145943_1077l22"
                         BASELINE="634,2062 660,2060 686,2057 712,2055 738,2054 765,2053 791,2052 817,2050 843,2049 869,2048 896,2048"
                         HEIGHT="141"
                         WIDTH="298"
                         VPOS="1950"
                         HPOS="613">
                  <String ID="string_region_1638876145943_1077l22"
                          HEIGHT="141"
                          WIDTH="298"
                          VPOS="1950"
                          HPOS="613"
                          CONTENT="Blijve"/>
               </TextLine>
               <TextLine ID="region_1638876145943_1077l23"
                         BASELINE="628,2164 736,2153 845,2145 953,2138 1062,2132 1170,2129 1279,2128 1387,2126 1496,2126 1604,2128 1713,2130 1821,2132 1930,2133 2038,2134 2147,2136 2255,2136 2364,2136 2472,2136 2581,2132 2689,2129 2798,2122"
                         HEIGHT="237"
                         WIDTH="2198"
                         VPOS="1981"
                         HPOS="613">
                  <String ID="string_region_1638876145943_1077l23"
                          HEIGHT="237"
                          WIDTH="2198"
                          VPOS="1981"
                          HPOS="613"
                          CONTENT="Rall nicolas van den Berghen Ady 16 xber 1715"/>
               </TextLine>
               <TextLine ID="region_1638876145943_1077l24"
                         BASELINE="694,2280 799,2274 905,2268 1011,2262 1117,2260 1223,2258 1328,2256 1434,2254 1540,2254 1646,2256 1752,2256 1857,2256 1963,2258 2069,2258 2175,2258 2281,2258 2386,2258 2492,2256 2598,2254 2704,2250 2810,2246"
                         HEIGHT="176"
                         WIDTH="2146"
                         VPOS="2155"
                         HPOS="679">
                  <String ID="string_region_1638876145943_1077l24"
                          HEIGHT="176"
                          WIDTH="2146"
                          VPOS="2155"
                          HPOS="679"
                          CONTENT="hebbe geerne gesien bij ue aengenaeme van 8 cour"/>
               </TextLine>
               <TextLine ID="region_1638876145943_1077l25"
                         BASELINE="644,2404 753,2395 862,2388 971,2382 1080,2378 1189,2374 1298,2372 1407,2370 1516,2368 1625,2368 1734,2366 1843,2366 1952,2366 2061,2366 2170,2364 2279,2364 2388,2362 2497,2360 2606,2356 2715,2352 2824,2348"
                         HEIGHT="161"
                         WIDTH="2211"
                         VPOS="2273"
                         HPOS="627">
                  <String ID="string_region_1638876145943_1077l25"
                          HEIGHT="161"
                          WIDTH="2211"
                          VPOS="2273"
                          HPOS="627"
                          CONTENT="dat ue het paxke wel waster handt gecoemen"/>
               </TextLine>
               <TextLine ID="region_1638876145943_1077l26"
                         BASELINE="666,2522 775,2510 884,2501 993,2493 1102,2488 1211,2483 1320,2479 1429,2476 1538,2474 1647,2474 1756,2472 1865,2472 1974,2472 2083,2471 2192,2470 2301,2468 2410,2466 2519,2464 2628,2459 2737,2454 2846,2446"
                         HEIGHT="221"
                         WIDTH="2211"
                         VPOS="2356"
                         HPOS="649">
                  <String ID="string_region_1638876145943_1077l26"
                          HEIGHT="221"
                          WIDTH="2211"
                          VPOS="2356"
                          HPOS="649"
                          CONTENT="ick verhoepe ende en twijfele niet eens oft het "/>
               </TextLine>
               <TextLine ID="region_1638876145943_1077l27"
                         BASELINE="676,2638 785,2627 894,2616 1003,2610 1112,2602 1221,2598 1330,2594 1439,2591 1548,2589 1657,2588 1767,2586 1876,2586 1985,2586 2094,2586 2203,2584 2312,2584 2421,2582 2530,2580 2639,2578 2748,2573 2858,2568"
                         HEIGHT="193"
                         WIDTH="2213"
                         VPOS="2489"
                         HPOS="660">
                  <String ID="string_region_1638876145943_1077l27"
                          HEIGHT="193"
                          WIDTH="2213"
                          VPOS="2489"
                          HPOS="660"
                          CONTENT="goet sal ten uytersten naer ue genoeghen wesen"/>
               </TextLine>
               <TextLine ID="region_1638876145943_1077l28"
                         BASELINE="660,2762 770,2749 881,2738 991,2729 1102,2722 1212,2716 1323,2712 1433,2708 1544,2706 1654,2704 1765,2704 1875,2704 1986,2704 2096,2704 2207,2706 2317,2706 2428,2706 2538,2706 2649,2706 2759,2704 2870,2702"
                         HEIGHT="179"
                         WIDTH="2241"
                         VPOS="2580"
                         HPOS="645">
                  <String ID="string_region_1638876145943_1077l28"
                          HEIGHT="179"
                          WIDTH="2241"
                          VPOS="2580"
                          HPOS="645"
                          CONTENT="hier onder heeft ue daer van de lacense bedraen"/>
               </TextLine>
               <TextLine ID="region_1638876145943_1077l29"
                         BASELINE="628,2874 738,2863 849,2854 960,2845 1071,2838 1182,2834 1293,2830 1404,2828 1515,2826 1626,2824 1737,2824 1847,2824 1958,2824 2069,2825 2180,2826 2291,2826 2402,2828 2513,2828 2624,2828 2735,2828 2846,2826"
                         HEIGHT="199"
                         WIDTH="2247"
                         VPOS="2691"
                         HPOS="613">
                  <String ID="string_region_1638876145943_1077l29"
                          HEIGHT="199"
                          WIDTH="2247"
                          VPOS="2691"
                          HPOS="613"
                          CONTENT="ghende in wisselgelde ƒ369:- soo daer ieks voorde"/>
               </TextLine>
               <TextLine ID="region_1638876145943_1077l30"
                         BASELINE="636,2974 746,2967 856,2962 967,2956 1077,2952 1188,2949 1298,2946 1408,2945 1519,2944 1629,2944 1740,2942 1850,2942 1960,2942 2071,2944 2181,2944 2292,2944 2402,2944 2512,2944 2623,2942 2733,2942 2844,2940"
                         HEIGHT="115"
                         WIDTH="2237"
                         VPOS="2875"
                         HPOS="620">
                  <String ID="string_region_1638876145943_1077l30"
                          HEIGHT="115"
                          WIDTH="2237"
                          VPOS="2875"
                          HPOS="620"
                          CONTENT="van ue dienst voorvaet gelieft mij maer te ordrnn"/>
               </TextLine>
               <TextLine ID="region_1638876145943_1077l31"
                         BASELINE="570,3088 676,3084 782,3080 889,3076 995,3074 1102,3070 1208,3068 1314,3066 1421,3064 1527,3062 1634,3060 1740,3060 1846,3058 1953,3056 2059,3056 2166,3054 2272,3052 2378,3052 2485,3050 2591,3048 2698,3046"
                         HEIGHT="164"
                         WIDTH="2158"
                         VPOS="2951"
                         HPOS="555">
                  <String ID="string_region_1638876145943_1077l31"
                          HEIGHT="164"
                          WIDTH="2158"
                          VPOS="2951"
                          HPOS="555"
                          CONTENT="=neeren mjne bereyders hebben soo veel"/>
               </TextLine>
               <TextLine ID="region_1638876145943_1077l32"
                         BASELINE="648,3194 756,3194 865,3192 973,3192 1082,3190 1191,3188 1299,3186 1408,3185 1516,3184 1625,3182 1734,3180 1842,3178 1951,3174 2059,3172 2168,3170 2277,3168 2385,3165 2494,3162 2602,3160 2711,3156 2820,3154"
                         HEIGHT="191"
                         WIDTH="2202"
                         VPOS="3062"
                         HPOS="632">
                  <String ID="string_region_1638876145943_1077l32"
                          HEIGHT="191"
                          WIDTH="2202"
                          VPOS="3062"
                          HPOS="632"
                          CONTENT="werck gehadt dat het drapde daenine noch niet"/>
               </TextLine>
               <TextLine ID="region_1638876145943_1077l33"
                         BASELINE="636,3330 747,3324 858,3318 969,3314 1080,3310 1191,3307 1302,3304 1413,3302 1524,3300 1635,3298 1747,3296 1858,3295 1969,3294 2080,3292 2191,3290 2302,3288 2413,3286 2524,3283 2635,3280 2746,3275 2858,3270"
                         HEIGHT="199"
                         WIDTH="2255"
                         VPOS="3183"
                         HPOS="618">
                  <String ID="string_region_1638876145943_1077l33"
                          HEIGHT="199"
                          WIDTH="2255"
                          VPOS="3183"
                          HPOS="618"
                          CONTENT="gereet en is echter sal nu in weynighe daeghen "/>
               </TextLine>
               <TextLine ID="region_1638876145943_1077l34"
                         BASELINE="662,3454 767,3447 873,3440 979,3432 1085,3428 1191,3422 1296,3418 1402,3415 1508,3412 1614,3410 1720,3407 1825,3406 1931,3404 2037,3402 2143,3402 2249,3400 2354,3398 2460,3398 2566,3396 2672,3396 2778,3394"
                         HEIGHT="182"
                         WIDTH="2144"
                         VPOS="3288"
                         HPOS="647">
                  <String ID="string_region_1638876145943_1077l34"
                          HEIGHT="182"
                          WIDTH="2144"
                          VPOS="3288"
                          HPOS="647"
                          CONTENT="wesen als wanneer niet sal naer laeten sc"/>
               </TextLine>
               <TextLine ID="region_1638876145943_1077l35"
                         BASELINE="652,3564 760,3554 868,3547 976,3540 1084,3534 1192,3530 1300,3525 1408,3522 1516,3520 1624,3518 1733,3516 1841,3516 1949,3514 2057,3514 2165,3514 2273,3516 2381,3516 2489,3516 2597,3516 2705,3517 2814,3518"
                         HEIGHT="207"
                         WIDTH="2191"
                         VPOS="3415"
                         HPOS="637">
                  <String ID="string_region_1638876145943_1077l35"
                          HEIGHT="207"
                          WIDTH="2191"
                          VPOS="3415"
                          HPOS="637"
                          CONTENT="een halt daer van met den boede jonaerste "/>
               </TextLine>
               <TextLine ID="region_1638876145943_1077l36"
                         BASELINE="632,3690 742,3676 853,3665 964,3654 1075,3646 1186,3640 1297,3636 1408,3632 1519,3630 1630,3630 1741,3629 1851,3629 1962,3630 2073,3630 2184,3630 2295,3630 2406,3630 2517,3630 2628,3628 2739,3626 2850,3622"
                         HEIGHT="194"
                         WIDTH="2248"
                         VPOS="3535"
                         HPOS="615">
                  <String ID="string_region_1638876145943_1077l36"
                          HEIGHT="194"
                          WIDTH="2248"
                          VPOS="3535"
                          HPOS="615"
                          CONTENT="senden middellerwijl groete us al te saemen"/>
               </TextLine>
               <TextLine ID="region_1638876145943_1077l37"
                         BASELINE="624,3804 735,3796 846,3792 957,3786 1069,3782 1180,3777 1291,3774 1403,3770 1514,3767 1625,3764 1737,3762 1848,3760 1959,3758 2070,3756 2182,3756 2293,3754 2404,3754 2516,3752 2627,3752 2738,3752 2850,3752"
                         HEIGHT="178"
                         WIDTH="2258"
                         VPOS="3656"
                         HPOS="607">
                  <String ID="string_region_1638876145943_1077l37"
                          HEIGHT="178"
                          WIDTH="2258"
                          VPOS="3656"
                          HPOS="607"
                          CONTENT="pevens mijn huysvrouwe van herten en blyve"/>
               </TextLine>
            </TextBlock>
            <TextBlock ID="region_1638876149630_1080"
                       HEIGHT="3726"
                       WIDTH="2367"
                       VPOS="95"
                       HPOS="2921">
               <Shape>
                  <Polygon POINTS="2921,95 5288,95 5288,3821 2921,3821"/>
               </Shape>
               <TextLine ID="region_1638876149630_1080l1"
                         BASELINE="4426,202 4452,200 4479,200 4506,199 4533,198 4560,198 4587,198 4614,200 4641,200 4668,200 4695,200 4721,202 4748,202 4775,202 4802,202 4829,202 4856,200 4883,199 4910,197 4937,195 4964,192"
                         HEIGHT="144"
                         WIDTH="566"
                         VPOS="108"
                         HPOS="4412">
                  <String ID="string_region_1638876149630_1080l1"
                          HEIGHT="144"
                          WIDTH="566"
                          VPOS="108"
                          HPOS="4412"
                          CONTENT="17 sber 1716"/>
               </TextLine>
               <TextLine ID="region_1638876149630_1080l2"
                         BASELINE="2938,262 2989,245 3041,229 3092,217 3144,206 3196,198 3247,194 3299,190 3350,188 3402,188 3454,188 3505,188 3557,190 3608,191 3660,193 3712,194 3763,196 3815,196 3866,194 3918,193 3970,188"
                         HEIGHT="236"
                         WIDTH="1065"
                         VPOS="94"
                         HPOS="2921">
                  <String ID="string_region_1638876149630_1080l2"
                          HEIGHT="236"
                          WIDTH="1065"
                          VPOS="94"
                          HPOS="2921"
                          CONTENT="Leedt GWilliem Crckson"/>
               </TextLine>
               <TextLine ID="region_1638876149630_1080l3"
                         BASELINE="2982,352 3094,336 3207,321 3320,310 3433,301 3546,296 3658,292 3771,290 3884,290 3997,291 4110,294 4222,296 4335,299 4448,302 4561,306 4674,308 4786,310 4899,312 5012,310 5125,309 5238,306"
                         HEIGHT="225"
                         WIDTH="2286"
                         VPOS="170"
                         HPOS="2968">
                  <String ID="string_region_1638876149630_1080l3"
                          HEIGHT="225"
                          WIDTH="2286"
                          VPOS="170"
                          HPOS="2968"
                          CONTENT="jesuis bien surpieds que jp ne de vo nouvelles de puis le2"/>
               </TextLine>
               <TextLine ID="region_1638876149630_1080l4"
                         BASELINE="3170,390 3196,384 3222,379 3248,377 3274,373 3301,371 3327,369 3353,368 3379,366 3406,366 3432,366 3458,366 3484,366 3510,366 3537,365 3563,364 3589,364 3615,361 3642,358"
                         HEIGHT="118"
                         WIDTH="506"
                         VPOS="299"
                         HPOS="3152">
                  <String ID="string_region_1638876149630_1080l4"
                          HEIGHT="118"
                          WIDTH="506"
                          VPOS="299"
                          HPOS="3152"
                          CONTENT="22 sacckestij"/>
               </TextLine>
               <TextLine ID="region_1638876149630_1080l5"
                         BASELINE="2978,460 3091,450 3204,442 3317,433 3430,427 3544,422 3657,418 3770,414 3883,412 3996,410 4110,408 4223,406 4336,406 4449,404 4562,404 4676,402 4789,400 4902,398 5015,395 5128,390 5242,386"
                         HEIGHT="194"
                         WIDTH="2293"
                         VPOS="304"
                         HPOS="2963">
                  <String ID="string_region_1638876149630_1080l5"
                          HEIGHT="194"
                          WIDTH="2293"
                          VPOS="304"
                          HPOS="2963"
                          CONTENT="vres 2 sbrer et 5 dito par la quelle re n'advisee "/>
               </TextLine>
               <TextLine ID="region_1638876149630_1080l6"
                         BASELINE="2962,554 3072,543 3183,532 3293,523 3404,516 3515,510 3625,504 3736,502 3846,498 3957,496 4068,494 4178,494 4289,492 4399,492 4510,492 4621,490 4731,490 4842,488 4952,486 5063,484 5174,480"
                         HEIGHT="162"
                         WIDTH="2242"
                         VPOS="424"
                         HPOS="2944">
                  <String ID="string_region_1638876149630_1080l6"
                          HEIGHT="162"
                          WIDTH="2242"
                          VPOS="424"
                          HPOS="2944"
                          CONTENT="d'accompler mon ordre pr le baleet de bayes cito"/>
               </TextLine>
               <TextLine ID="region_1638876149630_1080l7"
                         BASELINE="2958,666 3073,650 3189,637 3304,627 3420,617 3536,609 3651,603 3767,597 3882,592 3998,589 4114,586 4229,586 4345,584 4460,584 4576,584 4692,584 4807,586 4923,586 5038,586 5154,586 5270,586"
                         HEIGHT="200"
                         WIDTH="2341"
                         VPOS="529"
                         HPOS="2943">
                  <String ID="string_region_1638876149630_1080l7"
                          HEIGHT="200"
                          WIDTH="2341"
                          VPOS="529"
                          HPOS="2943"
                          CONTENT="possible voy la une moi passe considere le tepp "/>
               </TextLine>
               <TextLine ID="region_1638876149630_1080l8"
                         BASELINE="2958,768 3071,755 3184,741 3297,729 3410,720 3524,712 3637,704 3750,697 3863,690 3976,687 4090,682 4203,680 4316,677 4429,674 4542,672 4656,670 4769,669 4882,668 4995,666 5108,664 5222,662"
                         HEIGHT="244"
                         WIDTH="2296"
                         VPOS="591"
                         HPOS="2943">
                  <String ID="string_region_1638876149630_1080l8"
                          HEIGHT="244"
                          WIDTH="2296"
                          VPOS="591"
                          HPOS="2943"
                          CONTENT="que je vs ayt ordonne ce finne bayes persce vs"/>
               </TextLine>
               <TextLine ID="region_1638876149630_1080l9"
                         BASELINE="2946,870 3059,854 3172,839 3286,827 3399,816 3513,805 3626,798 3739,790 3853,784 3966,780 4080,774 4193,770 4306,768 4420,764 4533,760 4647,757 4760,754 4873,750 4987,745 5100,739 5214,732"
                         HEIGHT="225"
                         WIDTH="2302"
                         VPOS="687"
                         HPOS="2931">
                  <String ID="string_region_1638876149630_1080l9"
                          HEIGHT="225"
                          WIDTH="2302"
                          VPOS="687"
                          HPOS="2931"
                          CONTENT="mes les envoyer quant une autre sura asses et q"/>
               </TextLine>
               <TextLine ID="region_1638876149630_1080l10"
                         BASELINE="2966,970 3078,958 3191,946 3303,934 3416,922 3529,910 3641,900 3754,891 3866,882 3979,874 4092,865 4204,859 4317,851 4429,846 4542,842 4655,838 4767,834 4880,830 4992,828 5105,828 5218,828"
                         HEIGHT="244"
                         WIDTH="2281"
                         VPOS="746"
                         HPOS="2946">
                  <String ID="string_region_1638876149630_1080l10"
                          HEIGHT="244"
                          WIDTH="2281"
                          VPOS="746"
                          HPOS="2946"
                          CONTENT="la faison ne sera plus a les debiter ma foisr "/>
               </TextLine>
               <TextLine ID="region_1638876149630_1080l11"
                         BASELINE="2954,1068 3066,1056 3179,1042 3291,1031 3404,1018 3517,1007 3629,996 3742,985 3854,976 3967,967 4080,957 4192,948 4305,941 4417,934 4530,927 4643,920 4755,915 4868,909 4980,905 5093,900 5206,898"
                         HEIGHT="286"
                         WIDTH="2280"
                         VPOS="844"
                         HPOS="2935">
                  <String ID="string_region_1638876149630_1080l11"
                          HEIGHT="286"
                          WIDTH="2280"
                          VPOS="844"
                          HPOS="2935"
                          CONTENT="vs trouvpa et pr lavenir je om addresiere ou"/>
               </TextLine>
               <TextLine ID="region_1638876149630_1080l12"
                         BASELINE="2966,1162 3080,1147 3194,1133 3309,1120 3423,1107 3538,1095 3652,1084 3766,1072 3881,1062 3995,1053 4110,1043 4224,1033 4338,1026 4453,1018 4567,1009 4682,1002 4796,994 4910,987 5025,980 5139,974 5254,968"
                         HEIGHT="295"
                         WIDTH="2325"
                         VPOS="912"
                         HPOS="2947">
                  <String ID="string_region_1638876149630_1080l12"
                          HEIGHT="295"
                          WIDTH="2325"
                          VPOS="912"
                          HPOS="2947"
                          CONTENT="je seray plus prompt save vs vs pouvez pren"/>
               </TextLine>
               <TextLine ID="region_1638876149630_1080l13"
                         BASELINE="2950,1284 3062,1265 3175,1250 3287,1234 3400,1220 3513,1207 3625,1194 3738,1182 3850,1171 3963,1159 4076,1150 4188,1142 4301,1131 4413,1123 4526,1113 4639,1106 4751,1096 4864,1089 4976,1080 5089,1072 5202,1064"
                         HEIGHT="342"
                         WIDTH="2290"
                         VPOS="1002"
                         HPOS="2928">
                  <String ID="string_region_1638876149630_1080l13"
                          HEIGHT="342"
                          WIDTH="2290"
                          VPOS="1002"
                          HPOS="2928"
                          CONTENT="dre vre misurez a l'advenant et ou faire"/>
               </TextLine>
               <TextLine ID="region_1638876149630_1080l14"
                         BASELINE="2948,1380 3064,1366 3180,1351 3296,1339 3413,1327 3529,1313 3645,1303 3762,1290 3878,1280 3994,1268 4111,1258 4227,1248 4343,1236 4459,1226 4576,1214 4692,1204 4808,1194 4925,1183 5041,1172 5157,1160 5274,1148"
                         HEIGHT="362"
                         WIDTH="2359"
                         VPOS="1082"
                         HPOS="2930">
                  <String ID="string_region_1638876149630_1080l14"
                          HEIGHT="362"
                          WIDTH="2359"
                          VPOS="1082"
                          HPOS="2930"
                          CONTENT="savoir si vs me les envoy erez our non "/>
               </TextLine>
               <TextLine ID="region_1638876149630_1080l15"
                         BASELINE="4580,1454 4608,1449 4636,1446 4664,1441 4692,1439 4720,1434 4748,1432 4776,1430 4804,1428 4832,1425 4860,1424 4888,1422 4916,1420 4944,1419 4972,1418 5000,1416 5028,1416 5056,1414 5084,1413 5112,1412 5140,1412"
                         HEIGHT="194"
                         WIDTH="596"
                         VPOS="1315"
                         HPOS="4559">
                  <String ID="string_region_1638876149630_1080l15"
                          HEIGHT="194"
                          WIDTH="596"
                          VPOS="1315"
                          HPOS="4559"
                          CONTENT="17 xber 1776"/>
               </TextLine>
               <TextLine ID="region_1638876149630_1080l16"
                         BASELINE="2986,1490 3011,1485 3036,1480 3061,1474 3086,1469 3111,1464 3136,1459 3161,1455 3186,1451 3212,1446 3237,1444 3262,1440 3287,1436 3312,1433 3337,1430 3362,1426 3387,1423 3412,1421 3438,1418"
                         HEIGHT="173"
                         WIDTH="498"
                         VPOS="1347"
                         HPOS="2958">
                  <String ID="string_region_1638876149630_1080l16"
                          HEIGHT="173"
                          WIDTH="498"
                          VPOS="1347"
                          HPOS="2958"
                          CONTENT="wons dit"/>
               </TextLine>
               <TextLine ID="region_1638876149630_1080l17"
                         BASELINE="2946,1620 3014,1608 3082,1595 3150,1586 3218,1576 3287,1567 3355,1559 3423,1551 3491,1545 3559,1539 3628,1534 3696,1528 3764,1523 3832,1518 3900,1513 3969,1508 4037,1503 4105,1498 4173,1492 4241,1487 4310,1480"
                         HEIGHT="297"
                         WIDTH="1400"
                         VPOS="1367"
                         HPOS="2927">
                  <String ID="string_region_1638876149630_1080l17"
                          HEIGHT="297"
                          WIDTH="1400"
                          VPOS="1367"
                          HPOS="2927"
                          CONTENT="Bruselle Michiel van Schoor"/>
               </TextLine>
               <TextLine ID="region_1638876149630_1080l18"
                         BASELINE="2950,1706 3061,1695 3172,1684 3283,1673 3394,1662 3505,1652 3616,1643 3727,1635 3838,1626 3949,1616 4060,1608 4171,1598 4282,1589 4393,1581 4504,1571 4615,1562 4726,1551 4837,1542 4948,1531 5059,1520 5170,1510"
                         HEIGHT="341"
                         WIDTH="2256"
                         VPOS="1414"
                         HPOS="2931">
                  <String ID="string_region_1638876149630_1080l18"
                          HEIGHT="341"
                          WIDTH="2256"
                          VPOS="1414"
                          HPOS="2931"
                          CONTENT="Ick en can niet ordeele oft uenemt plaissier my te "/>
               </TextLine>
               <TextLine ID="region_1638876149630_1080l19"
                         BASELINE="2954,1786 3069,1779 3185,1771 3300,1763 3416,1756 3532,1746 3647,1736 3763,1728 3878,1717 3994,1708 4110,1698 4225,1688 4341,1677 4456,1666 4572,1655 4688,1644 4803,1634 4919,1621 5034,1610 5150,1599 5266,1586"
                         HEIGHT="276"
                         WIDTH="2347"
                         VPOS="1536"
                         HPOS="2937">
                  <String ID="string_region_1638876149630_1080l19"
                          HEIGHT="276"
                          WIDTH="2347"
                          VPOS="1536"
                          HPOS="2937"
                          CONTENT="hagrinieren daer ick ue niet als dienst gedaen en "/>
               </TextLine>
               <TextLine ID="region_1638876149630_1080l20"
                         BASELINE="2924,1872 3040,1865 3156,1857 3272,1849 3388,1841 3504,1830 3620,1821 3736,1812 3852,1803 3968,1791 4085,1781 4201,1772 4317,1762 4433,1754 4549,1745 4665,1737 4781,1730 4897,1723 5013,1718 5129,1713 5246,1710"
                         HEIGHT="292"
                         WIDTH="2350"
                         VPOS="1648"
                         HPOS="2907">
                  <String ID="string_region_1638876149630_1080l20"
                          HEIGHT="292"
                          WIDTH="2350"
                          VPOS="1648"
                          HPOS="2907"
                          CONTENT="hebbe en noch beereet ben te doen met de maeke daer"/>
               </TextLine>
               <TextLine ID="region_1638876149630_1080l21"
                         BASELINE="2950,1956 3063,1954 3177,1949 3291,1942 3405,1935 3519,1925 3632,1915 3746,1905 3860,1891 3974,1880 4088,1870 4201,1858 4315,1849 4429,1839 4543,1832 4657,1826 4770,1824 4884,1822 4998,1824 5112,1828 5226,1838"
                         HEIGHT="272"
                         WIDTH="2309"
                         VPOS="1737"
                         HPOS="2933">
                  <String ID="string_region_1638876149630_1080l21"
                          HEIGHT="272"
                          WIDTH="2309"
                          VPOS="1737"
                          HPOS="2933"
                          CONTENT="men mede meet sal men gemeeten worden als ue "/>
               </TextLine>
               <TextLine ID="region_1638876149630_1080l22"
                         BASELINE="2950,2048 3065,2044 3180,2038 3296,2032 3411,2025 3527,2017 3642,2010 3757,2001 3873,1992 3988,1984 4104,1975 4219,1968 4334,1959 4450,1951 4565,1944 4681,1936 4796,1930 4911,1925 5027,1920 5142,1916 5258,1914"
                         HEIGHT="284"
                         WIDTH="2338"
                         VPOS="1815"
                         HPOS="2932">
                  <String ID="string_region_1638876149630_1080l22"
                          HEIGHT="284"
                          WIDTH="2338"
                          VPOS="1815"
                          HPOS="2932"
                          CONTENT="soo voort gaet van mij niet te willen vollen doen oftene "/>
               </TextLine>
               <TextLine ID="region_1638876149630_1080l23"
                         BASELINE="2938,2132 3055,2134 3172,2132 3289,2130 3406,2126 3524,2120 3641,2113 3758,2104 3875,2095 3992,2085 4110,2075 4227,2066 4344,2056 4461,2046 4578,2039 4696,2031 4813,2026 4930,2020 5047,2018 5164,2016 5282,2018"
                         HEIGHT="245"
                         WIDTH="2377"
                         VPOS="1921"
                         HPOS="2922">
                  <String ID="string_region_1638876149630_1080l23"
                          HEIGHT="245"
                          WIDTH="2377"
                          VPOS="1921"
                          HPOS="2922"
                          CONTENT="te geveerdegen mij te antworden soo mocte ick andere "/>
               </TextLine>
               <TextLine ID="region_1638876149630_1080l24"
                         BASELINE="2930,2218 3044,2220 3158,2221 3272,2220 3386,2216 3501,2212 3615,2206 3729,2199 3843,2191 3957,2183 4072,2175 4186,2166 4300,2158 4414,2150 4528,2142 4643,2136 4757,2132 4871,2128 4985,2126 5099,2125 5214,2126"
                         HEIGHT="256"
                         WIDTH="2309"
                         VPOS="2048"
                         HPOS="2914">
                  <String ID="string_region_1638876149630_1080l24"
                          HEIGHT="256"
                          WIDTH="2309"
                          VPOS="2048"
                          HPOS="2914"
                          CONTENT="meseres nemen ende alvoorens wille ick ue nocht "/>
               </TextLine>
               <TextLine ID="region_1638876149630_1080l25"
                         BASELINE="2954,2300 3068,2302 3182,2304 3296,2302 3410,2300 3525,2296 3639,2292 3753,2287 3867,2282 3981,2275 4096,2268 4210,2262 4324,2255 4438,2250 4552,2244 4667,2239 4781,2236 4895,2233 5009,2232 5123,2232 5238,2234"
                         HEIGHT="206"
                         WIDTH="2315"
                         VPOS="2126"
                         HPOS="2939">
                  <String ID="string_region_1638876149630_1080l25"
                          HEIGHT="206"
                          WIDTH="2315"
                          VPOS="2126"
                          HPOS="2939"
                          CONTENT="maels desen ingelyde breeffre sende van heden 2 "/>
               </TextLine>
               <TextLine ID="region_1638876149630_1080l26"
                         BASELINE="2960,2404 3073,2406 3186,2408 3299,2408 3412,2407 3526,2404 3639,2400 3752,2394 3865,2390 3978,2383 4092,2376 4205,2367 4318,2361 4431,2354 4544,2347 4658,2340 4771,2334 4884,2330 4997,2325 5110,2322 5224,2320"
                         HEIGHT="191"
                         WIDTH="2295"
                         VPOS="2227"
                         HPOS="2943">
                  <String ID="string_region_1638876149630_1080l26"
                          HEIGHT="191"
                          WIDTH="2295"
                          VPOS="2227"
                          HPOS="2943"
                          CONTENT="en 6 usos op dat ue u soude accepteeren ende my af"/>
               </TextLine>
               <TextLine ID="region_1638876149630_1080l27"
                         BASELINE="2948,2500 3064,2500 3181,2498 3297,2496 3414,2493 3530,2489 3647,2484 3763,2480 3880,2474 3996,2468 4113,2462 4229,2456 4346,2450 4462,2444 4579,2438 4695,2434 4812,2428 4928,2426 5045,2422 5161,2420 5278,2420"
                         HEIGHT="183"
                         WIDTH="2362"
                         VPOS="2333"
                         HPOS="2931">
                  <String ID="string_region_1638876149630_1080l27"
                          HEIGHT="183"
                          WIDTH="2362"
                          VPOS="2333"
                          HPOS="2931"
                          CONTENT="sende dat bidde gelieft te dogn ende met mij de vrinsche "/>
               </TextLine>
               <TextLine ID="region_1638876149630_1080l28"
                         BASELINE="2932,2586 3049,2591 3166,2594 3283,2594 3400,2592 3518,2590 3635,2586 3752,2580 3869,2575 3986,2570 4104,2562 4221,2556 4338,2549 4455,2543 4572,2537 4690,2532 4807,2528 4924,2526 5041,2524 5158,2526 5276,2528"
                         HEIGHT="230"
                         WIDTH="2377"
                         VPOS="2428"
                         HPOS="2914">
                  <String ID="string_region_1638876149630_1080l28"
                          HEIGHT="230"
                          WIDTH="2377"
                          VPOS="2428"
                          HPOS="2914"
                          CONTENT="ende de cormespondentie te onderhoude ie veralleuregen "/>
               </TextLine>
               <TextLine ID="region_1638876149630_1080l29"
                         BASELINE="2956,2676 3069,2682 3182,2685 3295,2686 3408,2686 3521,2682 3634,2680 3747,2674 3860,2668 3973,2662 4086,2656 4199,2650 4312,2644 4425,2638 4538,2634 4651,2630 4764,2626 4877,2626 4990,2627 5103,2630 5216,2636"
                         HEIGHT="198"
                         WIDTH="2292"
                         VPOS="2537"
                         HPOS="2938">
                  <String ID="string_region_1638876149630_1080l29"
                          HEIGHT="198"
                          WIDTH="2292"
                          VPOS="2537"
                          HPOS="2938"
                          CONTENT="de dat het ue noyt shaedelijck sal weden sellende ue "/>
               </TextLine>
               <TextLine ID="region_1638876149630_1080l30"
                         BASELINE="2942,2770 3023,2774 3104,2776 3185,2776 3266,2776 3347,2776 3428,2774 3509,2773 3590,2771 3671,2768 3753,2764 3834,2760 3915,2756 3996,2752 4077,2748 4158,2742 4239,2738 4320,2732 4401,2726 4482,2722 4564,2716"
                         HEIGHT="188"
                         WIDTH="1651"
                         VPOS="2640"
                         HPOS="2925">
                  <String ID="string_region_1638876149630_1080l30"
                          HEIGHT="188"
                          WIDTH="1651"
                          VPOS="2640"
                          HPOS="2925"
                          CONTENT="thornen in alle becasse sijn uemint"/>
               </TextLine>
               <TextLine ID="region_1638876149630_1080l31"
                         BASELINE="4482,2814 4508,2813 4535,2812 4562,2812 4589,2812 4616,2812 4643,2810 4670,2810 4697,2810 4724,2810 4751,2810 4777,2810 4804,2810 4831,2810 4858,2810 4885,2810 4912,2812 4939,2812 4966,2812 4993,2812 5020,2812"
                         HEIGHT="156"
                         WIDTH="565"
                         VPOS="2721"
                         HPOS="4469">
                  <String ID="string_region_1638876149630_1080l31"
                          HEIGHT="156"
                          WIDTH="565"
                          VPOS="2721"
                          HPOS="4469"
                          CONTENT="17 sber 1716"/>
               </TextLine>
               <TextLine ID="region_1638876149630_1080l32"
                         BASELINE="2936,2880 2991,2877 3047,2876 3103,2872 3159,2870 3215,2870 3271,2868 3327,2866 3383,2866 3439,2864 3495,2864 3550,2864 3606,2862 3662,2860 3718,2859 3774,2858 3830,2854 3886,2852 3942,2849 3998,2844 4054,2840"
                         HEIGHT="179"
                         WIDTH="1152"
                         VPOS="2755"
                         HPOS="2918">
                  <String ID="string_region_1638876149630_1080l32"
                          HEIGHT="179"
                          WIDTH="1152"
                          VPOS="2755"
                          HPOS="2918"
                          CONTENT="Brusselle Nicolas Dousedan"/>
               </TextLine>
               <TextLine ID="region_1638876149630_1080l33"
                         BASELINE="2946,2948 3058,2950 3171,2950 3283,2948 3396,2946 3509,2944 3621,2942 3734,2938 3846,2934 3959,2930 4072,2926 4184,2922 4297,2918 4409,2914 4522,2912 4635,2908 4747,2906 4860,2904 4972,2904 5085,2904 5198,2904"
                         HEIGHT="180"
                         WIDTH="2279"
                         VPOS="2817"
                         HPOS="2932">
                  <String ID="string_region_1638876149630_1080l33"
                          HEIGHT="180"
                          WIDTH="2279"
                          VPOS="2817"
                          HPOS="2932"
                          CONTENT="Ick hebbe ue brief van t2 deser wel ontfarge en oock"/>
               </TextLine>
               <TextLine ID="region_1638876149630_1080l34"
                         BASELINE="2960,3034 3072,3034 3185,3032 3297,3030 3410,3028 3523,3026 3635,3024 3748,3020 3860,3018 3973,3016 4086,3012 4198,3010 4311,3006 4423,3004 4536,3002 4649,3002 4761,3000 4874,3000 4986,3000 5099,3002 5212,3004"
                         HEIGHT="151"
                         WIDTH="2281"
                         VPOS="2912"
                         HPOS="2945">
                  <String ID="string_region_1638876149630_1080l34"
                          HEIGHT="151"
                          WIDTH="2281"
                          VPOS="2912"
                          HPOS="2945"
                          CONTENT="het ½ couleuren ratter 2½ langh dat conformme"/>
               </TextLine>
               <TextLine ID="region_1638876149630_1080l35"
                         BASELINE="2964,3106 3076,3111 3189,3115 3302,3118 3415,3118 3528,3118 3640,3116 3753,3114 3866,3112 3979,3108 4092,3104 4204,3101 4317,3097 4430,3094 4543,3090 4656,3088 4768,3086 4881,3084 4994,3084 5107,3086 5220,3088"
                         HEIGHT="128"
                         WIDTH="2287"
                         VPOS="3003"
                         HPOS="2948">
                  <String ID="string_region_1638876149630_1080l35"
                          HEIGHT="128"
                          WIDTH="2287"
                          VPOS="3003"
                          HPOS="2948"
                          CONTENT="ordre a ƒ3 pra wis: vercocht hebbe  het en wat niet"/>
               </TextLine>
               <TextLine ID="region_1638876149630_1080l36"
                         BASELINE="2952,3192 3065,3198 3178,3201 3292,3203 3405,3204 3519,3203 3632,3202 3745,3199 3859,3195 3972,3192 4086,3188 4199,3182 4312,3178 4426,3174 4539,3170 4653,3166 4766,3162 4879,3158 4993,3156 5106,3156 5220,3154"
                         HEIGHT="132"
                         WIDTH="2299"
                         VPOS="3101"
                         HPOS="2935">
                  <String ID="string_region_1638876149630_1080l36"
                          HEIGHT="132"
                          WIDTH="2299"
                          VPOS="3101"
                          HPOS="2935"
                          CONTENT="egael ofte te wel geverft sal het blouw verwachten "/>
               </TextLine>
               <TextLine ID="region_1638876149630_1080l37"
                         BASELINE="2948,3282 3062,3286 3177,3290 3292,3290 3407,3290 3522,3288 3637,3285 3752,3282 3867,3277 3982,3272 4097,3267 4211,3262 4326,3256 4441,3251 4556,3248 4671,3244 4786,3242 4901,3240 5016,3240 5131,3244 5246,3248"
                         HEIGHT="128"
                         WIDTH="2329"
                         VPOS="3161"
                         HPOS="2933">
                  <String ID="string_region_1638876149630_1080l37"
                          HEIGHT="128"
                          WIDTH="2329"
                          VPOS="3161"
                          HPOS="2933"
                          CONTENT="lende senwe dat het sal uyt vallen mij dien et dat ue"/>
               </TextLine>
               <TextLine ID="region_1638876149630_1080l38"
                         BASELINE="2956,3378 3071,3382 3186,3384 3302,3384 3417,3383 3533,3380 3648,3376 3763,3370 3879,3364 3994,3357 4110,3350 4225,3344 4340,3337 4456,3331 4571,3326 4687,3322 4802,3318 4917,3316 5033,3316 5148,3318 5264,3324"
                         HEIGHT="217"
                         WIDTH="2342"
                         VPOS="3244"
                         HPOS="2939">
                  <String ID="string_region_1638876149630_1080l38"
                          HEIGHT="217"
                          WIDTH="2342"
                          VPOS="3244"
                          HPOS="2939"
                          CONTENT="wel sjaers wat sali van connen debiteren tot die "/>
               </TextLine>
               <TextLine ID="region_1638876149630_1080l39"
                         BASELINE="2938,3482 3049,3484 3160,3484 3271,3482 3383,3479 3494,3475 3605,3470 3717,3464 3828,3458 3939,3451 4051,3443 4162,3437 4273,3430 4384,3424 4496,3419 4607,3414 4718,3412 4830,3409 4941,3408 5052,3410 5164,3412"
                         HEIGHT="190"
                         WIDTH="2255"
                         VPOS="3342"
                         HPOS="2923">
                  <String ID="string_region_1638876149630_1080l39"
                          HEIGHT="190"
                          WIDTH="2255"
                          VPOS="3342"
                          HPOS="2923"
                          CONTENT="rys e maer als ue can wolle sal gaen sende soo"/>
               </TextLine>
               <TextLine ID="region_1638876149630_1080l40"
                         BASELINE="2956,3566 3070,3566 3185,3566 3299,3566 3414,3562 3528,3558 3643,3552 3757,3546 3872,3538 3986,3532 4101,3524 4215,3517 4330,3509 4444,3503 4559,3497 4673,3493 4788,3490 4902,3488 5017,3488 5131,3490 5246,3494"
                         HEIGHT="179"
                         WIDTH="2320"
                         VPOS="3414"
                         HPOS="2941">
                  <String ID="string_region_1638876149630_1080l40"
                          HEIGHT="179"
                          WIDTH="2320"
                          VPOS="3414"
                          HPOS="2941"
                          CONTENT="winste ick wel te wete hoe dat mij det saemen sellen"/>
               </TextLine>
               <TextLine ID="region_1638876149630_1080l41"
                         BASELINE="2952,3646 3066,3646 3180,3644 3294,3640 3409,3637 3523,3632 3637,3627 3752,3621 3866,3614 3980,3608 4095,3602 4209,3596 4323,3590 4437,3585 4552,3580 4666,3576 4780,3574 4895,3572 5009,3572 5123,3574 5238,3578"
                         HEIGHT="163"
                         WIDTH="2315"
                         VPOS="3513"
                         HPOS="2936">
                  <String ID="string_region_1638876149630_1080l41"
                          HEIGHT="163"
                          WIDTH="2315"
                          VPOS="3513"
                          HPOS="2936"
                          CONTENT="steelen ende die nnet maecken en op wat maniere ick "/>
               </TextLine>
               <TextLine ID="region_1638876149630_1080l42"
                         BASELINE="2944,3720 3060,3719 3177,3716 3294,3714 3410,3710 3527,3706 3644,3700 3760,3696 3877,3690 3994,3683 4111,3678 4227,3673 4344,3667 4461,3662 4577,3658 4694,3654 4811,3652 4927,3650 5044,3650 5161,3652 5278,3654"
                         HEIGHT="209"
                         WIDTH="2363"
                         VPOS="3577"
                         HPOS="2930">
                  <String ID="string_region_1638876149630_1080l42"
                          HEIGHT="209"
                          WIDTH="2363"
                          VPOS="3577"
                          HPOS="2930"
                          CONTENT="mijn schult sal corte en voor het sende van die wolle"/>
               </TextLine>
               <TextLine ID="region_1638876149630_1080l43"
                         BASELINE="2946,3788 3012,3797 3078,3803 3145,3808 3211,3812 3278,3812 3344,3812 3410,3810 3477,3808 3543,3806 3610,3802 3676,3797 3742,3791 3809,3788 3875,3782 3942,3777 4008,3773 4074,3770 4141,3768 4207,3766 4274,3766"
                         HEIGHT="181"
                         WIDTH="1361"
                         VPOS="3674"
                         HPOS="2930">
                  <String ID="string_region_1638876149630_1080l43"
                          HEIGHT="181"
                          WIDTH="1361"
                          VPOS="3674"
                          HPOS="2930"
                          CONTENT="mijne net vin den en blijve"/>
               </TextLine>
            </TextBlock>
         </PrintSpace>
      </Page>
   </Layout>
</alto>
