5479 3943
443 84 2239 189 voorders voor ue bij mij geen intrest loopt oft resid

432 155 2256 216 met Jp rechard adroiteur ue seght wel de wessele

400 281 2265 195 de wissel op vranckerick deselaet te wesen ende

401 387 2210 185 niet tegenstaende ue advis dunckt het mij pres

416 501 2238 190 sent het slimste mij derrewaerts te engageere

412 609 2272 226 de vrind en die hen met den uyt voer de spetes

426 738 2251 218 bemoyen en claegen daer niet van maer dog

425 879 2235 180 veel hier groote conquesten doch en hebbe mij

424 980 2250 171 daer nogt bij geintregeert nochte ben van geer

451 1114 2212 182 intentie sulks te onder neme mijn gedachte

419 1217 2241 275 sijn datter in vranckerijck eenen onver wach

458 1337 2127 262 ten slagh sal vallen vermits den vercoop

444 1458 2213 234 van de comp. der peceryen soo vertrouwe

439 1572 2249 228 datter occasie van brieven op tijt met advan

447 1705 2220 213 a sal voorvallen tot dien eynde remitseere

454 1837 2229 209 ue d te saemen banco in brieve als aenden

439 1956 2233 211 voet deser het is mij lieft ue mij   n

444 2058 2238 297 sal informeeren van ue speculatie en can

453 2195 2228 240 ue geen part daer in nemen daeren t niet

431 2312 2258 243 aen gelgen ick ben blijde ue soo ovenloedigh

444 2438 2186 282 engeloye hef hebbende met ud commissie

441 2553 2224 284 ik de spaensche wolle ende de avance die ue

388 2684 2257 262 daer op coemt te doen sulckx intresten ende

411 2819 2228 255 provisie rendeeren tegenwoordigh beeter als

394 2968 2284 199 alle anderes eygen onderneminge ende ats die

407 3061 2184 280 soo overloedigh wesen soo soude ue mij voor

404 3196 2212 202 een £1000 nu en dan wel voor eenigen uyt

411 3304 2232 238 connen favoriseeren want ick en can maer

343 3429 2315 220 desireere eenen redelijcken intrest van mijn

398 3555 2091 253 gelt blijve van herte de weerde £1054:8

2723 90 866 165 Parjs nosseaux tiche

4124 99 724 153 16 april 1715

3175 160 349 141 oft Rasg

2772 155 2306 253 noyt deere gehadt hebbende ue te schrijve vinde

2773 300 2309 191 icke mij geoblegeert in de bewuste saecke te breden

2762 429 2316 218 ende ue grust te stellen het sgneckt woortseyt

2775 539 2289 214 in de occasien kent men sijne vrinden ende

2751 649 2332 270 sonder moeyte en doet men niets in de wercke

2783 774 2300 235 voorders seert het oock dienst doen sonder

2768 909 2266 256 schaede daer van is ue geafseineert want con

2773 1036 2186 264 kant gelt gaet boven het gelooft ende dat

2795 1104 2281 369 heeft ue in handen verders kent ue de vrinde

2807 1306 2181 242 daer ue dienst aen doet van te lange tijde

2807 1412 2194 274 om ombragie te connen op vatten dat ue

2813 1559 2215 290 die soude in mora vlaeten of iets ue ver

2781 1693 2287 265 soeckke daer ue naemaels pregieditie soude

2799 1808 2288 268 ue come by te lijden vervolgens bidde ue

2797 1957 2248 258 van herte appaisement te nemen de

2784 2082 2293 300 goetheyt hebbe van de saecke te vervoode

2802 2221 2237 235 ren ende gereust dien aengaende te wesen

2811 2316 2194 313 ingeslote gaet eenen rekommanditie

2796 2463 2188 273 briere aen mons maura cerbieter en

2796 2618 2196 207 d'affaire die ue aende selve selfs geleve

2785 2758 2198 197 te beandigin auyt den naem van mons

2768 2851 2304 287 B: Cogel uwen principale in dito affairez

4579 2986 302 107 mentile

2791 2991 2168 319 sonder eoger van de wed: moeckmans te

2788 3134 2269 284 maeckengelijck ue altijts is bevolen wenste

3639 3316 124 78 ice

2768 3274 2297 207 wel in antoort eens tennisse gage waerop

4148 3362 759 103 en vs asij in reght

2772 3409 2311 212 dems. arthaed freses aendringen contradiiere

2777 3516 2312 193 en pretendeeren dan soude men hier naer

2790 3638 2267 164 advenant connen me sures nemenene

4277 3726 462 83 in antwoort

2824 3756 2167 105 tonderen dat is het geene ue versoecke en
