5523 3943
554 84 2241 214 Bruxelles Jacomo Rousseau Ady 5 Juni 1716

675 210 2166 211 J'ay receu les deux lettres de change acceptees p

650 340 2238 200 lhonneurde la vre 29 du passe. ie vous en ay de

668 493 2042 155 loblligation comme ie vois vous ne pouvoir

683 557 2201 173 vendre service reciproque jay bancoip de confusion

703 679 2111 181 cependant pour accommoder mon et miset

710 776 2094 206 y trouvant mon compie ie voustire encor

705 888 2175 223 cei ourdhuy a veu rt gisse ƒ1700:- de change a

661 983 2175 232 lordre Jean Bapt Cogels priancy vaire

682 1131 1656 181 honneur et que cvoire du exour

600 1237 2236 234 Mons Anhoine d'etousr Ady 5 pin 176

763 1379 2089 194 responce a la sienne du 2 court et que ie ne priss

689 1498 2082 188 donner les draps quil a marque moins de 4

721 1609 1987 190 et que ie neles envoyeray& joint a moins de

687 1713 1045 207 nouvell ordre

1844 1768 881 224 Ady 6 Junii 1716

593 1877 630 164 Roeven p. nys

698 1927 2164 194 in gevolge ue 29 past. hebbe geadviseert soo is den

696 2064 1978 175 boede Janssens heden met de twee laekens

704 2159 2003 209 vertrocken in een paxke met ue addres dat

697 2284 2118 194 verhoepe ue wel en het ue contentement ue

681 2397 2033 159 sal geworden: schoonder goet pockte beeter

678 2496 2056 180 coort voor sijne qualiejet en can men niet

673 2597 1939 184 desdreeren: de facture aen den voet deser

635 2694 2175 191 bedraeghende wisselgelde ƒ 459:7 e½ waer voor

678 2803 2202 164 my gelieft te crediteeren en in alles datter tot ue

675 2913 2122 163 dienst voorvalt liber te commandeeren die

687 3048 995 148 blijve van herten

1824 3089 875 201 adj 3 ber1716

566 3126 934 196 Leeds Thomas Ceate

672 3209 2204 192 met ue aengenaeme hs past. becoeme eijndelingh conns

643 3354 2246 138 ment van de baele M gelaeden aen boort Jo nathanhall

656 3489 2160 125 voor Rotterdam van waer advies hebbe hij Godt danck

640 3587 2209 101 lalvors soo dat nu p ersten verhoepe met godts gratie

649 3643 2152 150 die goederen hier hebben en naer te sien waer van het

662 3749 2195 120 bevinden ue sal adviseeren: ingesloeten provisioneelijck

2930 116 2320 159 remise van e £110 van dimey dusos banmestel du fresnay

2946 197 2181 187 et gaussen in London waer van het noodigh gelieft te

2935 312 1932 214 procureeren en mij te crediteeren die blijve

2917 447 2119 175 Rotterdam DJouys Verburgh Ady 8 Juni 1716

2960 538 2316 159 sien geerne ir ue aengenaemen 5 deser Jonaman hall met

2953 679 2324 155 mijn pack 1 Godt danck salvo is den inhout is 44 dosiyn

2960 751 2284 198 op dst ider gereduceert met 4 gheele earseyen vrappers

2940 915 2325 163 de weerde is al als de voorgaende en laeste baelen &iger

2949 987 2160 197 gelieve het dan oock voor ƒ1100:- weerde aen te geven

2939 1102 2204 197 ende cisote depescheeren want ben daer bi verlegen

2935 1215 2233 214 versoeke tegens woonsdagh seconde brief te moogen

2926 1324 2334 206 hebben van de ste £110: die ue my of 18 meij op london

2934 1453 2104 182 geremitteert heeft den ingeleyde voor Engelandt

2949 1574 2323 202 gelieft procurt voorttganck te geven. alle wissels loogen

2936 1667 2308 191 hier buygen cours en selfs worster hoogher afgegeven

2946 1788 2318 220 allt van veele paesschen genoteert wort blijve

4571 1975 92 116 7d

2918 1964 1996 214 Leeds James bbettson Ady 8 uii 1716

2969 2106 2189 189 met te aengenaeme 18 Apris laest becoeume facture

2958 2250 2206 159 staelen van de baele t N1 met 226 dostens en oock

2964 2305 2312 208 van ue vrint van hull m. wat kan Rogers het connossre

2963 2448 2260 141 gelaeden in Roger hall voor Brugghe die soo aenstonts

2964 2548 2310 173 verneume hodt danck gearriveert soude weeten soodre

2969 2664 2138 143 moogelijck sal die baele hier traghten  te becoemen

2960 2766 2291 150 ende dan geexamineert hebbende ue mijn advier geven

2955 2858 2332 155 middellerwijl siende dat men van London advantaiesser

2959 2947 2321 211 can trecken als van hier remitteeren ende ue ue

2955 3078 2259 132 in naer ue geldt laeten waghten soo gelieve ue vrint

2964 3148 2312 175 tot London te ordonneeren op ms voor ue lekene te trecken

2948 3276 2336 142 opsicht oft sichtes asse en  £160:- ingevalle dot ƒ36:4

2942 3375 2043 176 a5 gelijck van daer getrocken is can esteendeeren

2968 3480 2165 163 gevende my advies wie ue vrint ist die sal trecken

2945 3573 2177 140 en oock ditto voint  uy getrocken heeft dat sal

2953 3703 2056 141 a waghten ende op die goet prompt verleeren

4716 3796 92 72 2

2941 3772 1163 104 hiddellerwijl soo blijve
