5474 3934
605 73 2196 155 dans tout le pays de flanelles de 3p large de

600 163 2181 150 diverse qualite et pris bayes deventer flanelles

594 274 2254 132 et autres merchandises ce seulement la grace que

611 327 2232 181 je vs demande afin quil luy plaise me venir

602 426 2184 149 voir le premier il y trouvera iex mon de

619 507 2219 196 quoy il sera content me tient sur vre bonte

630 614 1516 141 attendant cette grace je me dit

2007 700 693 159 19 augustij 1716

546 709 1084 187 Aelst de Wed. vanden eiynde

580 818 2228 174 Ick hebbe van mons francois de smet vooren oock ontfange

1394 919 198 59 egeve

596 914 2210 151 ƒ421: ingevolge mijne quittantie dienende dese twee maer

590 984 2175 142 voorr een bedanckende ue van herte niet tweijffelende

597 1080 2199 163 ofte het gelevert goet heeft ue contentement gegeven

602 1176 2186 127 ick en wensche maer dat wij wat meerde te saemen

607 1256 2190 189 mogen handelen engelijck het saisoen wederom aen

596 1376 2254 137 comt soo coeme mij in ue goede gractie in comen andere

615 1486 2206 153 ende dat de jouf. die uyt ue naem comt recht bij mij

592 1596 2259 151 geleeft te addorsseren ende ue provisie by mij te coopen

609 1652 2172 174 ick sal ue doen blijcken dat ick ue soo goeden coop

1611 1744 243 85 sal oft

587 1772 2253 137 sal bedeinen als ue oyt can oft bedeint worden schon

591 1860 2248 171 der gerief en isser nergens te vinden als by mij het

586 1948 2248 168 is het faveur het gene ue versoecke en waer op mij sal

592 2050 2231 176 verlaeten en blijve naer groetenisse en dancksegginge

553 2145 2183 224 Ghendt J Bapt De Saedelaer Ady 20 ditto 1716

576 2299 2191 168 met ue aengenaeme van gisteren become remises als

586 2421 2228 197 ƒ700:— ops: Pierre testarten ƒ613:10 ops. Jaspar

586 2568 2249 132 een wouter van Lill saemen  1313:10

585 2670 2137 141 hollants courant die voor ue  heden hebbe

588 2759 2190 194 ingetrocken a 2  ue schaede: dat van  136

599 2854 2265 185 a 82 banco £46:12:9 op jan van meel in Amsterdam

596 2980 2224 179 te betaelen 8 deser 2 usos ende ƒ150:- courant

589 3085 2209 165 op Sr J Bapt de Foucon tot Brussel op sicht

579 3209 2248 194 het noodighe voorsorghen oogh om de cleynigheydt

593 3305 2172 206 qualijck connen afgeraeken. Ick hebbe ue immers

592 3450 2198 119 17 deser geschreven niet te sulen trecken

608 3535 2172 153 want ¼ verlies en ½ courtagie can ue wel doen

580 3663 2236 106 sien voor ue beeter rekene de remises opetinster

590 3742 2192 107 rendeeren gelyck ick niet en twijfele vervolgen soo

2895 73 2309 178 gelieft my verders te voorsien want dantdagh moet de

2887 160 1590 213 partye betaelt worden: blijve

2880 277 2224 213 Amsterdam Franc. Rousseau Ady 20 Augusti 1716

2887 403 2081 226 mijn huys vrouwe heeft beantwoort aen diere uer

5066 580 64 63 68

2898 538 2108 199 aengenaeme 6 deser de remize op ferd. muller

5002 591 219 123 ddoy

2899 631 2274 205 £1200:- a 4 ½ prete banco £191:- hebbe coutora

2892 745 2344 210 aengeteekent  ue rato aen dordre sau guerse £200:-

2902 867 2359 204 a 3 ¼ banco £193:10 nevens £20:- voor den intrest

2898 978 2274 206 een half jaer 3 deser gevallen van mijne banco £1000:-

2894 1108 2339 196 wederom voor  geprolongeert. ick wille gelooven

2905 1206 2354 203 ue diligentie doet voor het waernemen van brieven

2913 1327 2331 229 op tijdt dogh datter nogtiers en soude vallen dan

2896 1463 2280 164 de tratos van L sweerts en can echter geene

2898 1585 2187 183 ingressie vinden: Ick en can ue niet forceeren

2885 1668 2093 150 dan het alleen recommandeeren ende ue

2888 1816 2183 125 asseureeren dat ick op den hooghsten intrest

2920 1934 2246 144 niet en blijve staen  camps largo gevende

2929 2018 2261 133 te doen als voor eygen ja ben te vreden ick sal

2899 2108 2315 144 het geldt  ue voor de brieven daertegens

2892 2206 2295 148 caveeren en wij sullen het advancee ider dhelft

2912 2302 2278 173 profiteeren meer en canne niet pretenteeren

2899 2401 2118 165 sien londen op :4:9 ick ben dit ganst jaer

2898 2529 2307 125 derrewaerts qualyck gevaeren de eerste partye

2884 2632 2351 159 die ue my in den beginnen vant jaer geremitteert

2903 2731 2263 142 heeft is noch daer sonder hoepe van retouren

2903 2845 2356 165 en ue ondervindt soo wel als  dat alles

2898 2960 2305 128 soo wel in wisselt als  want hadde ick ue

2890 3034 2365 184 op spaenien laeten afgeven het soude al verdrie

2904 3110 2319 162 tighe wercken geweest hebben niettemin soo ue

2920 3246 2274 186 ondervindt London op herlaeghter te weten

2914 3360 2342 143 en het wederom soride coemen te monteeren

2910 3479 2177 160 neemt doccasie waer voor £5 a £600:

2908 3565 2291 152 hoe weynigh daer aen can overschieten sal die

2919 3675 2265 93 achter intrecken  het en can maer voor het

2918 3749 2303 80 laegh litten voor  dienen blijve
