5509 3934
1973 70 534 165 2 July 1716

472 59 1008 200 Rotterdam D: verbargh

566 192 2229 172 In gevolge ue aengenaeme hebbe de baele N5 p peeter willens

595 276 2210 175 wel ontfange daer is vant selve mer N6 een clijn tael

629 367 2169 149 dien van londen op rotterdam af gelaeden int schephen

605 457 2205 192 nitta sloop saae senten ny inhoudende 5 wisse bayen

586 609 2093 133 op C65 gereducert ider met 2 cottons op a 40 tot

600 677 2205 161 vrappers die voort voorgaende pack te laet quaeme

608 788 2092 150 de weerde op ƒ180 gelieft dat arreverende mij

583 891 1014 191 prompt attesende blijve

481 1003 845 172 Mons A de toust

1601 977 851 243 Ady 3 Julu 1716

572 1105 2076 217 Jay tarde a faire responce a lhonneur de la vre 129

578 1254 2109 181 huin croyant vous envoyéer au paravant le drap de

554 1353 2123 176 I damme quil est prest et pactee mais le messager

587 1445 2109 162 Jonaert et 'est pas venue cette fois sellemet que vous

598 1589 1972 161 laurez la sspmainne quells vienne pr ballas

599 1662 2112 202 je nayt point des draps verdr n jausne  pour le

596 1769 2080 200 present fauray soing de deux prescet de carisees

586 1885 2176 180 bleusess vouy des eschantillions comme me mandez

562 2015 2069 141 sils vous en conviennent ie vous prie me le

571 2100 2025 146 marquer. la lettre de change & charge les s

563 2194 2205 180 de Bchault ne me reguarde pas. ie n'est pas moy

565 2309 2103 181 quit la doibt recevoir cependant son Hmis

551 2407 2159 188 de Bruxelles me fait remise pour l'acqutter

567 2533 579 163 e sur

476 2581 2244 235 London Le chualier Thomas Scawen Ady 4 li 1716

530 2739 2167 187 Jay quatres des cheres vost ses a respondre vriz

2211 2837 310 117 4 maij

678 2846 204 96 4

549 2844 2229 183 n 26 du passe avec factures de 5 et 6 ½ N5 est

536 2980 2188 119 desja chez moy N6 est arrivée a Rotterdam grace

558 3053 2048 152 au lergneur mais laurois souhaitte que vous auriez

544 3159 2103 196 de layee pour les avor ensemble en an ballot les

500 3219 2310 209 fraix sont trop grands. tout le commerce des mannfacture

563 3415 2208 121 est fuinnée si lny a pas moyen a debiter des vos draps

533 3476 2147 108 ie vois lindia stock a £14 et ie voudrois bien scavoir

540 3552 2150 169 vre sentiment si lon ne feroit pas bien a les vendre

529 3688 2147 90 presentement a'cause que ie mimagine que ce la due

507 3747 2156 94 durera pas ilors que vous aurez reccu le divrdent

2877 74 1684 172 ie vous prie me le faire scavoir et suis

4000 163 994 175 Ady 6 Juli1 1716

2858 127 803 221 mons et d'etoutt

2915 251 2305 180 ie me referere a ma derniere rn du courant laquelle

2915 402 2194 186 j'espere vous lera bien rendue depuis ie recouve la

2900 505 2178 157 vre de mesme datte. de suis bien surpris de vour vos

2890 615 2345 205 plaintes jay bien considere le dras. il est partaittement

2902 709 2274 170 bon de bon maniment et de bonne laisue ie ne

2885 850 2247 176 scay de taches au resquard du lustre vous ne me

2889 933 2202 158 lavez pas desendue on ne les accommode pas

2892 1009 2336 205 aulortemeent jcy et il sera bientost passe. laissez le drep

2923 1130 2278 210 un peu ouvert et considerez bien la qualite car ie

2887 1275 2202 161 s'daij au foud ce quil en est les temps sont bien

2910 1372 2234 193 trop fatalls et chaarinants pour pouvoir faire

2902 1512 2213 139 negoce peu or posnt dt profest et beaucours des

2902 1587 2086 221 preinnes et au bont du compte beaucours dis

2908 1715 1329 158 chagrin patience. ie suit &

2870 1801 2317 233 Brussel Dhr Grimberahen in de steffen halle Ad: 6 d. 1716

2910 1928 2316 212 Ick hebbe voorleden saterdagh p ordre van dhuysvrouwe

2886 2074 2359 186 van nicolas van den Berghen van hall ue p ursh

2909 2173 2253 183 voor sijne rekene geaddresseert twee paxkent gemerckt

2947 2314 2233 154 1bn N1 en N 70& 12 het holbriefken is daer biy dat

2927 2410 2198 182 de goederen den sholl betaelt hebben ick bidde ue

2904 2498 1915 169 hier ordre daer mede te volghen en blijve

2844 2659 2171 169 Rotterdam rouys verburgh Ady 6 Julu 1716

2898 2726 2168 215 ue aengenaeme 2 en 3 cour hebbe iet ontfangen

2892 2841 2147 189 ende gesien Godt danck het arrivement van John

2865 2943 2233 178 forster en pace ent mij ende dat ue de wee

2873 3081 2229 154 packen arrewaerts afscheepte p frnout de Roy

2876 3190 2232 146 die te gemoet sien ben in twijsel oft jom forster

2889 3234 2342 192 g een nack noch voor mij in heeft alhoewel daer van

2872 3342 2218 190 geen tijdinge nochte connossement en hebbe borver

2871 3454 2162 190 daer ue sich gelieve naer te infor nas n en

2878 3562 608 135 soo blijve
