5463 3934
646 91 2092 176 Brussel Putssat  Jannarii 1717

755 155 2148 215 Ick ben verwondert ue my sehrtt dato 11 deser aen dh

710 215 2183 229 Rousseau te sullen betaelen ƒ 150:- daer ick van dehr

702 392 2177 191 Brouge van gisteren ontfange en hy mij nergens mentie

713 492 2183 209 van en maeckt versulckx verreeke sulckx gelieft te

732 611 770 202 doen blijve

615 688 2196 234 Bruselij fecono Rousseau Ady 18 ditto

718 835 2214 191 ie vous ayt eschpr bhery ineluse remise sur les fromis

727 929 2196 158 de herper ƒ78:  ma traitto jours de veud sur le

713 1049 2190 181 SMichiel van Dehoor ƒ400:- demi je recome

700 1145 2201 216 l'honneur de la vre mes me dutte a vec remise soinrs

694 1301 2056 189 de datte £300:- sut  me Coolise Dnstre

714 1402 2146 213 procurerau le requisy pour accommoder ma

692 1520 2214 208 Celle mere la dieusvou proechmans qu a besolng

714 1602 2136 232 de largent a Bruabler ie vous dire a sonordre

724 1732 2092 194 a vene £67134:1 priant de grace le vouloir

698 1837 2019 206 Ronnorer Lundy puis que la parsonne qus i

733 1955 2145 178 recevera lasbesoing ce jour la vous mobligerez

694 2068 1544 207 14piment &ur Surt du Ccaur

2201 2181 651 155 15 Janveer 1715

661 2209 1221 171 Burnay J: panedis stevonaerts

694 2311 2240 161 pr reponce a la vre 21 du passie de voile non seulemert

708 2422 2163 146 jours mais pres d'un mois q jattend encor sans esset

702 2515 2125 115 voila 3 mois de futte q' im avez ameire estiil postible

685 2617 2241 147 mons q me peuusiez traitter aenay hors de raison vs n'ave

661 2698 2246 154 pas encor tout de fait satisfait le veu et il est jen en q

672 2791 2241 148 credite le nouveau et je nese demande q'anne

567 2887 2331 126 remises a vou compte et si vs ne me remettez

678 2980 2240 193 eeu compte ne fera pas encor lique de ayez au noms

650 3066 2255 183 lieu bonsideration pr un homme quil vs serve biene

667 3166 2230 208 considerez q mal q vs avon a trouver de largent pis

662 3281 2251 161 qus devons payeer comptant et ne seavons reen touche

668 3362 2254 151 ou ns trouvons bon ie sera done attendant sans tout

685 3455 2250 202 remise en responce de cette ou seray oblige a vs ten

688 3546 2244 180 en 3 outt jours a quil vs seroit es avan tagieuse ou

682 3630 2219 166 le pouvois faire avec profit je me fiveray don sur

854 3731 1551 101 vs me das ant en touttes occasion

3003 103 2244 186 tounay la veufce s: donne  15 jonvee 1715

3024 180 2301 202 jay rncu rchonnieur de la vre 5 du nt auce reme

3023 281 2293 176 se sur le sr Jaquis de Cargien a brussellos payable

3038 394 2288 187 le 2 bederre mois de ƒ285 de change dont je pr

3012 490 2316 189 peray le reques juyt apris le malieur arrevee

3034 609 2296 209 gand a les marchandises des mes freres ils nen

3036 711 2301 225 sont sorte q a leur traix quoy q' cest une a faire

3018 845 2277 188 tres ingaste et parneceense pr le lommeri

3019 914 2213 212 le ballot N 5 N1 et le petit ballot de mons.

3043 1030 2262 208 de baut N55 N2 bien plombe sont poartie de

3035 1095 2283 231 manite dernier d'acy pr gand a l'advrisae du

3001 1194 2284 280 SG. francois Willoeg quoy q le itto willoeg

3015 1324 2311 258 ne ma respondu de puis je ne doute aucine

3026 1443 2296 224 ment  ne les aurez  wat cette la manne

3033 1530 2282 221 le tout tres rien conditionnee vs avez de la tres

3019 1630 2298 213 belle marchandise et a tres raisonneble prix

3035 1732 2275 248 jespere q vre q en aura de la debite afin

3040 1829 2211 281 peessx m'en demander d'autre bien root

3019 1935 2287 240 la facture au pied de la lettre portante en

3018 2037 2308 216 argent de change £1212:12 ¼ dont il vs plai

3014 2155 2323 179 ra me crediter je vs prie faire rendre t'inclu

3017 2251 2317 210 se a mons J:f. frevenairs a ½ jort vs souhattar

3019 2369 2312 187 come toutte vre chere famille cheureuse nou

3019 2486 1706 170 uelle amee rempiele de et suis

4380 2523 800 212 Ady 15 d. 1715

3014 2598 1186 168 Ghendt J Bapt De Saedelaer

3034 2703 2189 163 heus ny ief te sien p ue missive dato 2 deser ue sijne

3028 2765 2299 200 Reken cour ue door my gesonden d'accord heeft gevonde

3006 2905 2165 164 ue remise 10 deser atoop Isaae euraers ns

3022 3038 2302 119 Aimsterd. banco £80 hebbe tot 2 t ue advance ingen

3036 3117 2224 104 trocken vlaems £173:16:6: daer was veel pampser

3017 3198 2318 117 een wlynigh geldt en hadde den briefs vocks sicst niet

3023 3291 2293 173 geweest soude hem een sorijdagh hebben overy chonden

3037 3387 2160 157 en misschien wel s ta & hebben connen meer

3007 3458 2097 177 machen  den opef ien laste 13 desergevallen

3015 3523 2316 205 sel £100:- aƒ36:2 sal voldoen saltegent eeteynde

3010 3644 2299 133 de fermaende opne voor mijne reken 't reeken dan de

3912 3744 826 103 t hert

3038 3735 752 119 ƒ400:- an blijve
