5445 3934
638 56 2193 138 une grace dont je vs prie instament de me vouloer

601 125 2277 182 toulager de quelq remises soit ser brusselle du

622 217 2215 191 eest faut n je vs en er d'obligation particuler

631 347 2259 135 et en cas quil vs manque de marchandise on dassorte

638 430 2247 157 ment commandez moy et je e serviray tres ecacte

623 533 2171 169 ment et a jasl prisx entre temps a me dit

1868 641 943 188 Ad j 7 xbre 1715

560 641 1138 225 Gheudt J Bapte Desaedelaer

635 752 2229 216 hebbe twee ier aengenaeme 3 t 6 deser te beantwoor

578 897 2303 151 den bi den eersten maeke nota van de vallende brieven

622 983 2276 140 t aen laste by mj addres waer van ingesloeten een eenn

656 1077 2185 160 heden gevallen met den seconde gequittantioneert e

1360 1181 196 83 24 A

632 1169 2242 224 toesende sijnde caer 2 usos p procure aury carter

614 1279 2155 165 doors moules aen d'ordre Datiel de Bmyn soo

659 1379 2232 237 £120:14:6 a ƒ36:9 vlaems wisselgelde 4:16:8 wae

608 1510 2203 189 voor mij gelieve te crediteeren. conform net weeden

624 1604 2136 179 sal tegens maendagh sorghe draeghen voor ue nice

656 1630 2200 268 remises om inme trecken als ƒ600:- hollants coutr d

630 1782 2249 229 sicht op Abram de Brugn tot middelborgh enott Jcan

657 1929 2114 227 Costaert tot Rotterdam ops sicht cous. oock ƒ103:

659 2039 2241 169 maer breese ue daer niet ve open sal awanceeren

650 2131 2248 170 ten waere ot particulier geval daer mijne devoiren

655 2201 2239 193 sal toe aenvenden igk geloove dat ue pretent in

659 2304 2241 192 avance op alhier sult cen remitteeren soude d

630 2437 2242 204 weeke partje pary hebben connen trecken hoe het

655 2518 2176 188 maendagh met de wisels sal afloopen weete niet

628 2665 2264 175 laeste rost ts hier gedaen banco  en het en coem

662 2727 2229 210 niet meer van Amsterram- cour. 2t dogh Rotter

661 2840 2222 195 valtijdts  slimmer et middelborgh meer aengaende

631 2974 2253 222 mijne restanten van laekens allieft togh cost wat

530 3042 2364 205 cost al soude het tot minder prijsen met sappen

652 3179 2234 165 wesen eeneynde te maeken om die reken saogha

666 3277 2224 223 mijne oude boecken te connen sluyten eudeut de

679 3382 2209 164 weerelt tekelpen de naeste weeke dat ue denclen

683 3483 2192 193 paxke addvisseeren en daer van advies geven

688 3607 2200 168 omdat adroitur op Rijsselte versenden en blijve

2934 93 2179 136 Dermonde P.de Bandt  Ady 7 gore 1716

2971 169 2221 198 sende ue heden ir Beursschip dat goet bewaere

2986 281 2249 168 een pasche drooghen wel geconditioneert gemerckt

2961 410 2206 166 Aer ordre en voorliekens van mons Andre

2972 517 2288 180 & lison van Ach dat verhoepe ue wel sal geworden

2988 648 2296 134 ue gelieve sijn ordre te volghen ende het hem cito te

2958 735 1281 163 doen bestellen en bljve

2935 763 2181 251 Dermonde P. de Baudt nost Ady 10 gber 1716

3014 939 2252 154 ie vous ay addressee samedy dernier p Battea n ordinair

2986 1069 2282 183 pour dermonde un pent pacquertnarque  W ordre

2984 1144 2282 209 et pour compme de mons chndre Lison mar mand desth

2968 1272 2229 196 j'espere aut vous lera bien parvenne avantcette la

2943 1385 2171 142 mienne de vous prie d'en avoirsoinz et de vouloir

2962 1464 2261 186 suivre lordre de dit Lieur lison le vous m'obligerez

2964 1593 1297 159 quil su   1615

2949 1639 2168 258 Ghendt Bapt De saedelaer Ady oeber 1716

2947 1816 2323 178 mijnen laesten 1s7 deser met een geacquisteerden wissel

2934 1933 2281 196 rief voor ue nekens st £ 120:14:6  526:9 ƒ 721:16:8

2962 2035 2341 214 ingesloeten dien van 1 135:19: ƒ338: 4 heden gevallen

2952 2172 2312 164 ende nigelijckx door mij voor ue Reken verheert waer voor

2970 2285 2174 179 my aelieve te crediteeren £250:18:10 het briefke ors

2956 2396 2365 175 middelbergh groot ƒ600:- hollants corst hebbe gisteren

2956 2510 2289 174 ingetrocken a 2 prits ue schaede ende ue daer voor

2958 2636 2198 145 goet gedaen vlaems wisselgeld £ 97:8:10 dat aet

2949 2714 2309 190 Rotterdam hebbe noch tot naesten post opgehouden

2974 2801 488 170 blijve

2920 2842 1342 209 Brusselle Boaterd gan de Bedd te

4576 2868 517 192 16 dber 1716

2946 2983 2317 140 Iok en can niet bedencke waerom ue mij de calandisce soo wel als aen

2980 3084 2323 131 een ander niet en belieft te sonnen ick protesteere ue dat ick ue soo goede

2971 3150 2253 87 coop als emant in alles teasien sal bedieneni endie dah ick voo

2986 3235 2323 120 curieuse goederen hebe ges ue nergens sal venden en heeft ue het met

2966 3298 2344 119 het wenter goet niet gelieve te doen soo sal ick hoepe en verwachten

2968 3367 2363 108 dat het sal tegens den sen wesene midde lede tijf peie de libertijt

2957 3422 2343 115 £100 wis op oeck te trecken op 8 daeen iint aend ordre dh

2946 3539 2379 101 Jacomo Rousseau venvepende due geldoff te verheeren en mij te recom

2957 3567 2344 121 mandeeren in alle oecastan datteriet tot ue dienst magh voor val

4246 3648 429 139 die blijve

2949 3667 1238 124 elen want ben van alles wel voor ien

4208 3688 100 103 di

4586 3723 47 65 d
