5455 3959
680 86 2194 191 Ghendt J Bapt De Saedelaer Ad 25 gber 1716

732 170 2151 220 in antwoort op ue aen genaem van gisteren

717 325 2060 135 segghe van Rijssel noch geen advies te hebben

733 419 2100 162 en wel te wesen ue ue mijne trato £275: soude

732 552 2031 168 voldoen daertegens sende ue ingesloeten den

735 676 2171 151 wisselbrief aen laste heden gevallen door mij voor

709 792 2136 162 ue lehele voldaen van gelycke somme s ƒ150

713 871 2179 168 a ƒ 336: £ 275 waer voor mij gelieft te crediteeren

693 981 2211 181 enin alle occasien liber sredisponeeres van die blijve

649 1082 2182 250 Brussel Miusiel van Schoor Ady 25 gber 176

697 1236 2211 157 en weete niet wat dencken ue dd niet  bemwoor

709 1373 2150 136 mijn rief dato 16 cour. & ue gelieve te considereeren

671 1463 2207 137 wat ue mij geschreven heeft. gelieft ue dan niet te

717 1559 2144 184 accepteeren betaelt dan of trcken gelick andere

685 1638 2197 227 vrinden aen mij doen en ick sal 300 prekente

670 1755 2232 222 trecken in gevelle ue niet en gelieft te antwoorde

683 1884 2218 179 en ben mijn leven soo niet gevaleren. icken weete

688 1983 2210 178 niet dat ue anders als dienst gedaen hebbe gelijck ue

692 2093 2206 173 noch peraet ben te doen wat magh he van

692 2189 2177 203 wesen dat ue moveert soo met  de handeler

658 2299 2241 160 en boven dien ncy te abandrande rent dat wensche

633 2398 2142 220 ick maer eens te weeten doet mij dat faveur

648 2519 2136 165 en ick sal het ie danck weeten sal mij hier op

623 2616 1901 188 ver lasten en blijve n aswaghtinge

1900 2730 874 202 Ady 28 gber 1716

611 2723 1101 250 Ghendt JB De Saedelaer

652 2858 2228 187 in antwoort opue aengenaeme van gisteren senden

640 2986 2209 163 ue ingesloeten het briefse sonder acccptatie du retais

653 3075 2235 135 op onter woor sijnde in sijn excreitre en niet sprekeljck

624 3170 2275 181 bij doet segghen het selfde goet te wesen ende daerop hebbe

657 3281 2222 147 2 ais dach van versoogh aengeteekent aen den voet

637 3394 2270 121 van te beljde hebbe heden advies becoemen het packe

629 3481 2273 128 tot Rijssel gearriveert s ditto paser vraeght endorsement

622 3554 2235 155 ende ie hent den iel soo niet is gewoon aenserde

641 3662 2229 108 endorseneerten ordre van betaelinge te schrijven

655 3780 2203 81 aen sijn vrint die voor hem betaelt ende dat dien

2999 108 2005 145 dan mede voor acceptatie tet ue gevernd

2956 202 2118 238 London thomas scawenden Coon 31 Ady 2 xbre 1716

3029 326 2152 154 depuis les agreables vosires 23 gullsett et 13 de toust ie

2974 435 2211 164 nay de vos nouvelles le ballat  m'est parvenue en

2996 577 2205 162 son temps p le hautt cours des fonds pive jays este bien

2984 643 2261 223 incline a vendre mest sn £1000:- dans la compt des jordes

2964 753 2221 179 comme la pluspart dicy a fait mais le bon intresset

2970 858 2223 171 la manque d employe ma resenir cependant comme ie

2961 1017 2278 133 rematque pr la gacette dhollandé qu'il y at apparessce

2973 1080 2159 188 que son diminner a sur les sonds pus ses les urrests

2973 1179 2171 143 ie me trouve oblige a vous escrire pour en avoir

2957 1325 2254 152 declairsissement si cela est seulement sir les fonde du

2962 1406 2154 184 Royaume ou sicela d'etens aussy sur les sonds de

2972 1513 2091 147 conmpagnnes et en sel cas si ie ne serois pas mieux

2981 1625 2258 147 de vendre comme ie nepuis moy mesme mes iutresiz

2966 1699 2310 169 en vos quartiers ie vous recommande le faire pour moy

2969 1798 2055 155 comme pour vous propre et ie vous en au vay

2954 1893 2071 148 tousjours de lobligation me faisant le plaiser

2963 1996 2161 151 aueugne fois a m'escrire un petit mor des lettrez

2987 2108 444 106 ie suit

2972 2122 2221 190 il y en a quils preferent la comp de la mer de sud a

3003 2232 2158 170 celluy des stades disaent que le fond de la derniere

3003 2329 2294 158 et psis asseure ie vous en demande vre advis comme

2986 2437 1397 164 aussy le prixe de olchester bayes

4244 2534 878 160 Ady 2 xbre 1716

2953 2536 922 182 London danell Hays

3009 2651 2194 176 Jay veu p la vre 28 xbre gessiez remboersse de la lettre

2977 2754 2129 190 en protest sur van der trappens £100 a1336:10

2996 2812 2243 177 8 £104:3:- mais il est remarcable que le tireur

2999 2966 2205 135 na point revisite le compte il se rouve nerreur

2958 3068 2281 168 a lon preiudice ett ne doibte spre que  £102:5:10

2982 3178 2262 167 a ƒ  faisant de chz nous £184:2:7 encor moins

2963 3335 2325 141 que je n'en aurois s se e a136:10. si vous ay debite

2967 3378 2257 189 e £20:- pour le divident be la beenque eschen

2970 3503 2348 146 et michiel mais que p la galette lte

2964 3605 2220 133 que son est fusentionnee chee vous a drpssr

2969 3705 2350 154 les intress sr les sonds prittre faittez may le plaise
