5523 3943
417 85 1175 152 de carseren en blijve

484 173 2248 205 soude wel oock eenigene fijne bayen van  36 en 37

498 296 1372 176 van John hadvick begeeren

1912 425 546 108 30 meert 1718

460 395 1259 163 Amsterdam Joan cous Resseau

551 425 2258 223 deen bij ue aengenaeme van 27 deser ue verden op londen

569 533 2187 148 niet hadde afargeven dat mij aengenaem is gemeest oft ue

538 615 2265 198 speculatie oft de mijne sal shadeeren moetdert tijt lee

535 687 2211 200 by provisie ist present al hier advant ageauseren

562 789 2149 151 t ick mijne mesures rects bedroogen want alhier

556 822 2214 190 tot  36 ist soude connen te recht coemen soo dat het

559 951 2242 134 a costy geen ec can geven het is waer dat ick voorde

526 1013 2202 144 weerden van dee st£8 a 900 die ick bij hebbe also

553 1129 2234 139 employe can vinden ingevalle het misluckt ende

535 1204 2224 130 petouren doch dat us buyten mijn speculatie en neefs

510 1277 2279 174 verloopen dat ic daer van ver wachte de soogaet het

532 1375 2268 133 tegens nat ue in alle wessels ende dat bij manquemenst

516 1466 2243 131 van negotie want negotie maeckt de wessel ende

524 1510 2229 186 sonder necotie en can die niet sebisteeren ditono

530 1602 2175 209 ue de experrientie tot ons leet weesen doet leeven

545 1695 2236 182 daerom isser bj mijns gevoeen niets overcels dat ue

475 1769 2274 194 de soctheyt heeft van te vigileeren ende de brieven

529 1891 2239 169 op tijt waer te nemen self tot gerengen intrest daer

544 1977 2258 154 tegens te trecken sicht m casse willen wy eenige cor

528 2068 1534 148 respondentie onderhouden blijve

1859 2128 628 177 39 meert 1716

450 2185 1061 149 Rotterdam Diverburgh

564 2253 2251 160 conform ue aengenaeme 17 court hebbe het pack pr adi

575 2333 2244 121 aen coulimans wel ontfange en versocke de oncest reet

574 2437 2196 115 mij gelieft toe te senden als oock de assignatie op den

558 2501 2223 146 haege ingevalle die niet betaelt en wesen sal mijn

564 2588 2210 143 orent. die wedersonden want hebbe met die vadde niet

550 2700 2264 124 te doen dat de pincenaelen de betaelinge solieuteers

544 2796 2255 111 Iee hebbe liever die sonder betaelinge de retour als dat

554 2856 2266 102 die betaelt warden dan sal ick daer mede niet meer

542 2937 2270 123 belast worden ende daerom versoeke ue als noch sulx

538 3000 2240 118 te vooden voorvallen dat die geprescgseert en gerefie

532 3084 2272 110 seert wondende mij maer in stantelijck mogen wed ergen

535 3164 2267 141 gesonden worden soude wel een oosehooft coutte en

512 3233 2299 139 seen tossaen wijn voor mijne provisie desee van

529 3323 2261 133 het excallenste datter te becoemenis doch pier van

512 3404 2308 117 de dregve sonder dat die souden mogen geholpen we

510 3483 2292 154 andere en begeere die a nul prix gelieft mij eens den

506 3539 2290 181 prijs tot mijn naerricht te noteer en oft ue mij daer

496 3643 2316 160 aen soude connen helpen vanders noteert ue mj e

478 3716 2296 122 veel goetheyt sal hebben van waer te nemen mijnen

2884 135 2320 104 infrest alser iets op tyt v tot avantagie sal voor

2869 201 2329 117 vallen van sufferchtie recommandeeren ue alleen

2867 280 2344 114 dat waer te nemen al wast maer in cleynigheden

2891 361 2235 171 ben te vreden het is beter als lagh te wesen salt

2910 450 2314 147 extimeeren ende ick sal ue door gaent eenge pen

2878 539 2335 160 ningen tot dien eynde met advantagie connende

2885 644 864 184 foremeeren blijve

4663 747 68 93 22

2857 737 2346 225 Brussel Jacomo RoussauAdy  April 1716

2876 876 2367 200 Jay receu l'honneur de deun cheres vostres y es so dernier

2888 1004 2317 190 ie vous ay debite pour les £25 de change que les tsas

2893 1151 2172 148 vous acompte pour mon compte. ie vous prie

2881 1255 2343 162 procurer le payement de lacceptation incluse du 52

2888 1345 2287 173 michiel van schoor ƒ511:14 payable damedy prochain

2882 1480 1323 173 et m'en crediter qui suio

4294 1530 617 189 2 april 716

2890 1591 1024 143 Rotterdam Pionijs sverbeoyth

2910 1694 2350 108 ben verwondert te sien bijne aengenaeme 31 pass denschippe

2888 1754 2367 113 vervraght pretendeert  £15 ick winde op mijne ondehste

2899 1827 2347 118 sien dat colchester breede bayen niet meer en betge

2899 1895 2350 144 len als devrter en ander bayer van londen

2885 1995 2351 152 betaelt te weten 6stuijvers daer sijn 30 ps gwee dat

2904 2082 2345 144 waer ƒ9: soo hij meer preterdeert hij en heeft het maer ue p

2895 2135 2354 157 necht daer toe te doen dvingen want soude anders niet p

2895 2251 2351 128 seeren ue weet datse mij van londen voor 5 a ƒ7 ghel

2901 2372 2360 105 packan laeckens hebbe overgebroent aengaende de men

2921 2406 2317 134 ick verstaen de £150 voor de 2 oor hoofden soo beame

2916 2507 2344 138 als coutteau dat mij gelieft te noteeren als mede dande

2920 2591 2335 118 het reet vande oncosten te senden neven de assyna

2902 2680 2341 96 ties die nntour ingualle onbetaelt wesen ue danmaer de

2900 2742 2352 126 voiren doen aengaende de breeven op teyt neme met ue

2906 2824 2352 123 goede genegentheyt genoegen ende verhoepe datter echter

2870 2904 2344 99 som ljlent ics sal scoemen london comt maer N3518

2885 2974 2266 104 af soo dat a costy present geen reck can geien nochte

2892 3047 2358 107 amsterdam procato men hier doet al hoe wel slechtje

2893 3130 2325 108 noch voor soo veel het af coemt hebbe demewaerte la

2886 3207 2358 100 £800 afgegeven en ben reets mestreffen want mijns or

2851 3291 2403 98 deel laet het hem aensien van nochs meer te sullen daele

2892 3355 2371 125 alses wessels loopen tegens openie en cour op alle plaitse

2908 3452 2302 114 en dest daer en is ppresent niet meer staet op te maecken

2906 3524 2355 119 als opeenige coopmans chappen dat godt beteren want

2879 3600 2367 110 het is een ellendigh leven tegenwordigh voor negete

2894 3689 566 145 anten blijve
