5504 3961
785 96 162 90 dn

474 131 2167 158 Amsterd Franco Rousseau Ady 23 meert 1715

558 248 2226 122 ue aengenaeme 19 en 20 deser wel ontfangen ue tratos

606 333 2053 176 voor Peeter graver en soon £ 200 a 3 ¾breto £194

598 431 2106 131 voldaen als mede die voorludith saudun £200:- vanco

580 544 2214 185 £194 en £ 250: £242:10 voor eruelio du mj ende

598 652 2127 178 ue daervoerens gedebiteert daertegent hebbe ue

581 765 2243 163 remise st £50- aƒ35:3 £546:7:6 banco: no can

565 876 2011 174 het resteerende van mijn ordre mij toesenden

562 988 2219 170 dogh niet veerders nochte tot noogheren cours alsoo ick

592 1088 1994 163 alhier voor ontfangen van de ue noch st £500:

589 1201 2249 186 afgegeven hebbe ende dat om de waerheydt te keyghen

587 1316 2230 167 het mij dunckt london slapper en sapper ascoeurt

601 1420 2139 158 ende ick het niet als in speculat te noodigh hebbe

589 1540 1971 125 daer ick jaerel doude aen comen manneeren

600 1627 2168 171 want het en syn geen coursen prorato het van daer

583 1740 2211 154 met de laeste brieven genoteert worte erpen

582 1832 2243 149 336:3 en Amsterdam £35:9 a 8 soo dat liever habbe

582 1944 2264 191 dat ue my iets van advantagie op tijdt conde jour nier

605 2049 2188 193 ende daertegens trechen al wast noch £1000: - a

590 2167 856 162 £1500:- blijve

1903 2169 617 200 23 mar 1716

485 2246 898 190 Mons J.BLe Bliux

585 2287 2260 204 Depuis les miennes du 6 et 30 gbre dernier n n'ayteu de r

593 2406 2206 145 velles dont je mestonne mes flanelles 3 & larqges dont je vs a

583 2455 2267 201 fait mention sont arrivées grace au seignee et jen oy presen

584 2533 2264 180 sement de diverse prix et de diverse sortes pr vre service

593 2627 2255 161 si bien que de draps de nouvelle couleure a la mode de

595 2724 2236 157 toutte qualite aussy noir et bleux sil vs manque d'asserti

588 2804 2235 137 ment mandez le moy vs serez trisbien servi p viinne en

591 2866 2251 150 mesme temps vs pries de grace a re vouloir faire quils

583 2955 2251 185 remise pr on obligerez partiulierement pr le present et pud

1766 3029 882 218 Ady 28 meert 1716

480 3050 884 173 Leeds thomas Cease

568 3126 2272 237 en twijfele niet oft mijnen laesten dato 31  1515

581 3279 2218 158 if ue wel geworden achtervolgens ue daer bij hebbe

582 3434 2269 106 beloeft soo wille nogh wel eensrisgneeren met ue eene

579 3485 2261 173 preuve te nemen tot dien eiynde soude ue ingesloeten

591 3599 2127 145 staelen op dat ue conform en positief in geene

584 3692 2078 138 andere conleuren soude incoopen seu geneet

630 3754 2211 135 maeken  dossens segghevier entwintigh have ese

2930 103 2319 168 van vier sehellingen rouw twee a dry groot en minder

2922 190 2334 178 oft meerder naer advenandt ue de beste laekens ende de

2940 313 2271 171 beste qualiterdt sal connen aentreken: ditto laekens

2910 416 2267 166 moeten seer veel bereijdt weten gatt het stuck door

2939 536 2301 161 soo als aen het voor eynde wel besecht dat men den

2914 655 2209 183 dralt niet sien en can van goede wolle soublet

2945 768 2243 151 inde kant teekinghe niet dichaehtigh die moeten

2928 895 2219 132 oock 28 onser maeten binnens leyst breet wesen

2937 972 2298 172 de selve moeten met groene gaeren sinten en geene

2918 1077 2328 189 seyde ale in geele tolletten opgemaeckt worden

2935 1233 2287 170 dan niet twee goede carseren  te saemen opb

2917 1295 2336 168 malhanderen in een chinbaeltien opgepacht worden

2941 1423 2244 164 ende dan de twee baeltiens te saemen in een groot

2922 1563 2175 164 pack gemerckt MN1 te versenden p Brugghe oft

2921 1701 2254 116 p Rotterdam naer advenandt de derste en beste

2921 1766 2334 184 occasie van een schips vertreckende sich sal presenteeren

2921 1884 2216 145 het connossement aen ue ordre gemaeckt dat ue

2914 1994 2238 130 aen mij sal endorseeren gelieft goedesorghe te

2918 2092 2277 172 draeghen en mij wel te bedtenen op dat het magh

2909 2177 2268 200 aen leydinghe geven van voordere corsespondentie

2924 2282 2200 171 te onderhouden: sal ue de goederen aen dese

2923 2383 2229 212 seyde sijnde in cort sicht remitteeren soo als ick

2940 2509 2150 174 met mijgie andere vrinden doen blijve e

2900 2616 2131 162 hallo Jan Thomas martin Ady 28 meert 1716

2916 2734 2300 180 ue aengenaeme 21 sber 123 is on beant woort gebleven

2915 2844 2212 133 redene geene goederen noodigh hadde ende dat de

2917 2928 2346 166 prijsen die ue mij daer by noteerde heer excestier waeren

2898 3038 2331 170 avtt hebbe partye carseyen van 3 „15 en Jop un senden

2927 3128 2258 162 tot 41 a 42 van heds becoemen ende ue noteerde die

2927 3229 2281 156 34½ aƒ343:6 mindere qualtteydt en magh ick geene

2903 3323 2296 150 hebben. ick dencke dat die bij dit sanden beeter c0

2904 3421 2356 135 wesen soo sijnde ende dat ue oordeelt de selve op den

2905 3536 2287 126 besten coop te connen in coopen soo soude wet visigh

2897 3595 2345 159 Pieseer alle van Josn leyden desiteeren tot eene prove

2908 3713 2330 101 en hier van vorwante deere van ue antwoort elt rede

2917 3805 2339 70 eene notsse von prijs co ant soo van de bayen als van
