5463 3934
539 71 1179 176 Bruxelles Jacomo Rousseau

1914 72 902 168 Ady 21 Argutt 1716

700 233 2154 125 estant sans lhonneur des vostres de puiz le du courant

655 297 2128 173 que ie me suis donné l'honneur vous escrire celle

659 386 2142 174 sera pour accompagner remises a veuc sur le s ƒ

633 488 2209 197 de toulon de ƒ150 argent cou rant et ƒ600:- de change tons

649 606 2180 180 le S Pison a eschoir le 26 du courant dont ie vous

612 709 2201 200 prie vouloir procurer le requis et m'honnorer d'un

651 809 1335 164 mot d'advis qui suis tous jours

1924 901 775 192 Adij ditto 1716

530 920 1203 202 Brussel nicolay Dousedan

648 1044 2153 198 tot antwoort op ue brief van 17 cour. gelieft mij het

640 1161 2212 176 rattien soo het gemaeckt is te senden ick sal sien wat

645 1260 2137 177 daer van can maeken ick en ben niet gewoot

666 1364 2158 145 rattienen te vercoopen niettemin als ick cans bien

630 1472 2174 198 om die qualiteydt te debiteeren dan sal ick op de

632 1570 2222 158 conditie gelijck ue my schrijft ue geerne laeten wercken

638 1687 2192 147 tot dat ick voldaen ben want ick en wensche maer

657 1814 2143 160 voldaen te connen worden en ue geerne te helpen

645 1903 777 183 daer op blijve

1725 1921 907 241 adj 21d: 1710

532 1984 902 198 Brussel JB Beydaels

630 2043 2166 267 Ick hebbe ue aengenaeme wel ontfangen ick bidde

614 2210 2246 172 ue en weest niet gallarmeert ue weet datgemet een

590 2300 2192 184 heerlijck man te doen hebt ue en sal mij niet meer

612 2450 2174 110 betaelen als de laekens en meeten en weesniet te

583 2509 2006 206 precipitant van mij het derde wederte senden

598 2623 2183 182 ick segghe ue dat ick het altijdst sal wedernemen

597 2716 2239 153 als ue het niet en sal conen ver ue sal daer

585 2805 2223 154 beeter aen vaeren als ue wel mejnt ue en kent de

594 2901 2151 164 sialiteydt noch niet en ue sae me noch dickmaelt

592 3025 2209 153 naer die soorten vraeghen ick hogpe dat ue noch

580 3107 2235 172 al eens salovercoemen in september dan sulen

582 3198 2255 208 wj mach anderen spreken te versche gearriveerde

617 3308 2206 197 goederen blijven tot ostende noch liggleen omdatter

618 3411 2192 201 geen waeser in de comme en is ick verhoepe dat het

604 3522 2213 185 echter p eersien sal gedaen weten — ick groete ue

608 3626 842 173 en blijve

2296 3668 79 131 8

2896 82 967 157 mechelen Jan Betrams

4053 88 945 179 Ady 21 Augusn 1316

2940 186 2308 178 Ick hebbe ue noch al geschreven dogh noeyteffeet becoemen

2930 281 2250 179 evenwel ick bidde ue noch eens dat ue huys vroor we over

2937 394 2318 184 coemende mij eens wilt coemen besoeken sij heeft gellaeght

2925 490 2207 159 van de wee laekens die ick haer eens vercoght hebbe

2927 612 2317 133 ick beloeve ick sal redresseeren en ue te goede coemen

2932 687 2323 162 en ue soo goeden coop als mant in het landt bedienen

2926 797 2299 142 om eens voor goet kenisse te maeken en ooblijve

2905 902 1099 205 nechelen h. Cfaydherbe

4223 911 771 179 Adij 21 xd 1716

2904 1020 2291 186 ick versoeke ue datge do goet wilt wesen van my te

2925 1197 2329 93 betaelen het sommeken dat ue mij de ketis. ick en weeke

2908 1291 2248 128 niet wat het te segghen is dat ick ue in soolange niet

2895 1350 2329 150 over gesien en hebbe isser iets tot ue dienst tegent et

2909 1457 2295 177 afgaen vant jaer gelieft mij maer te coemen desoeken

2905 1552 2317 196 ofte te ordonneeren ben van alles wel voorsien

2912 1644 1803 202 en sal ue erveel bedienen die blije

2909 1770 2121 184 opechelen francois Bosselaer 16 Ady 21 x 1316

2901 1877 2273 217 alhoewel mij niet en gedencht dat ick meer een stuck

2924 1987 2290 211 goet aen ue vercoght hebbe soo soude geerne ue gratte

2891 2125 2309 161 winnen en ie maer versoeken als ue in staet coems

2899 2203 2325 164 van mj te coemen besoeken het is ue  en en

2898 2309 2126 125 het selfde aen wie ue den penninck sout alse maer

2908 2394 2323 185 wel en goeden coop bedient en wort dat presenteere

2910 2503 2303 171 ick ue soo civiel als piandtie het landt sal comen

2908 2599 2048 163 doen ende dat sal ick ue doen ondervinden

2910 2730 2173 137 levendien en sal ue in geene occasien schoonder

2906 2807 2116 164 sortiment as by my vinden die blijve naer

2896 2896 566 131 groetenisse

2899 2939 2298 268 Ghendt Jan agns de Sedelaer Ad 71 Ap 171788

2903 3108 2334 178 gedraeghe mij aen mijnen van gisteren desen tot het

2893 3210 2158 175 opsenden van den ingesloeten brief taen laste

2907 3304 2328 165 heden vervallen ende door mij voor ue reken geacpoit

2902 3425 2146 177 seert van sr £100:12:-ƒ36:11 £185:13:10:

2896 3497 2321 171 waer voor mij gelieve te crediteeren afwachten de

2900 3630 2158 121 conform gisteren ue versocht de noodighe proviste

2894 3720 2348 142 voor de volgende brieven tegens dijnsdagh te betaelen

2930 3789 426 72 soo blijve

3692 3799 676 64 d
