5197 3978
447 79 2176 120 te moogen hebben noopende de wissel loopt alles lim

424 165 2141 120 met en slimmer hebbende hier ste£ voo afgegeven

447 293 2172 140 niet langer connende delayeeren niet te min blijf

451 397 2174 106 ue mijne commisie voor al noch tit 2 a £300 be

457 448 2194 144 voelen sooder veranderinge tot advantagie voorvalle

444 558 2182 153 want tusschen dit en st daegen en 3 weckeen con

443 660 2200 218 mij daer van niet passeren oock en mah ue niet

453 789 2160 212 naer laeten op tijt te remitteeren alst met advante

467 883 2186 245 soude connen geschieden venem geenne ue gedack

482 987 2164 262 ten nopende de wessels en verdere spiccelatie blijv

1785 1113 685 196 16 augusty 1714

319 1109 1185 223 Amsterdam Francois Rousseau

432 1230 2182 249 sijnde sonder d'eere van eenige ier mij altijts seer aenge

408 1360 2211 154 naeme gedraege mij tot mijnen laesten van 15 cour

439 1442 2072 209 daer wort hier gediveelgeert dat de coninckin net

419 1546 2208 182 van groot Brittanien soude over leden wesen dat

401 1646 2166 217 het gemoet van een ider een ala meert ende won

405 1754 2206 265 dere spicclatie baert ende vermits men met dese

426 1865 2202 223 wondere congoniteere van tijde selfs in negoticuet

436 1985 2143 272 genochsaem en can prevoyant wesens soo bidde

430 2110 2131 242 mij van tijt tot tijt te informeeren wat gevoelen

439 2236 2190 185 men daer van a costij is hebbende om een weijnegh

428 2361 2148 202 mijn misures nae advenant te connennemen

442 2457 2112 246 buyten dat ick in engelant geintresseert ben soo

451 2580 2142 181 is mijne principailste negotie in de manusfactier

455 2708 2103 213 gelijek ue bekent is in suleken voorvallen wat op

439 2802 2105 248 sijn hoeden te sijn soude somtijts advantagie son

449 2951 2019 161 nen bij brengen ende schaede voor coemen men

1473 3054 246 79 enselfs

455 3071 2089 133 vraghde  in baleo & op laeste der borse is ser

457 3159 2011 213 tot 3½ pret pampier over gebleven in court

448 3255 2162 204 1 pres verlies voorden brief het laeste op londen

437 3371 2167 216 2 usos gedae  36:8 doch al nugeen gevers genris

431 3513 1013 188 2 usty 78 a 7 t½ blijve

4177 80 627 160 1 baecqusty 1714

2708 80 1114 218 Rotterdam Diorys verbarate

2812 160 2183 181 ue aengenaeme van 2 en7 court hebbe wel ontfangen

2802 261 2205 170 metadris godt danck van schipver wilken sonvan

2801 361 2182 227 hulle met mijn packN2. dat achter volgens

2819 479 2164 240 oock wel hebbe becoemen doch weete niet was

2830 602 2130 232 magh beduyen dat van Jonas dowlandson

2845 684 2164 222 niet en vernemen die behoorden averee

2866 807 2135 217 ten en dencke niet dat hij den laeste stomont

2852 915 2160 222 moet heeft ue eenige tijdinge venemende bidde

2839 1032 2163 297 het selfde mij te communieeeren wenste dat

2863 1123 2143 289 pack te moogen becoemen hoed eerderha

2864 1225 2164 268 liever de oncosten rece over de ree gedepe

2851 1364 2161 249 scheerde packen sorde geerne hebben wensche

2864 1479 2140 261 de godt het soo gelieve te disponeeren datte

2851 1593 2153 246 eens een eynde van mijn malheureu pack

2863 1720 2141 227 magh volgen mee de vulgeert alher oft de

2841 1823 2152 282 coningenne van groet affanneer soude

2832 1953 2046 264 overleden wesen wert welcke doodt voor

2839 2069 2154 291 swaere gevolgen doet vriesen ende de gemoede

2837 2190 2152 231 ren van ider een doit alaimeren welck

2847 2298 2197 271 soo sijnde wenste wel te weten wat gevoe

2824 2396 2207 257 len men daer van a co is hebbende godd

2833 2526 2160 262 wille ons voor nieuwen oorlogh oft swae

2832 2654 2144 212 reghijft bevaeren voorden ingesloeten op

2847 2794 2151 225 lorden recomman dien ue de enne ditte

2778 2940 971 203 Blijve van herte

2711 3009 2235 246 London S. De Dorpere Ady 16 Augusti 1714

2806 3180 2033 196 mijnen laesten aen ue was 11 deser p abus 12

2796 3319 2180 183 pedateert over ostende met remise opmestis

2786 3424 2114 168 Piblglise en testas a costy van 3 deser 2 usos si8

2773 3539 2227 157 £200:- die verhoepe ue wel sal sijn geworden

2775 3641 2171 171 faute van dien nu over hollandt ingesloeten

2812 3753 2089 96 den seconde brief verwaghtende op den irhout
