5463 3934
590 109 2267 96 caepers tot voor tessel coemen boruyssen ende schepen nue

620 151 2224 137 ren geeft mij wat ombragie ende sal doen andere me

638 271 2177 114 sans voor het toe coemende nemen echter wille hoepe

634 340 2221 150 Godt hem voor maeneur sal conserveeren mijn intrest

648 430 2175 167 is een bagatelle doch om het sortiment soude het mij

632 527 2159 164 incomodeeren soo dra ue  vernemt bidde het mij

627 627 2227 146 ter commeneceeren ingesloeten een briufie

622 696 2140 180 op d Jean van meel waer van de accepteate

644 780 2212 176 gelieve te voorderen en mij te renvooseren blijv

1915 886 507 149 14 sber 1716

617 879 705 165 Gent J:B Disaedelaer

632 948 2198 176 referen mij aen mijne beyde 12 deser die niet en twijffelen

649 1081 2163 150 oft sullen ue wel beantsight wesen niet tegenstaende de

648 1118 2199 196 wis: op amsterdam af comt soo ue genote hebbe 2 ½

1625 1213 192 77 net

621 1197 2229 183 banco soo en is heden anders cort secht als 2¼

630 1288 2196 216 pris soo dat ue crediteren voor ue remisses derneiraert

638 1389 2201 236 op s Jean Fiseau banco £150 met 2  £15811:3 en

630 1459 2196 236 voor die van £100 op coenraerd van son ingelijcke

627 1575 2237 225 tot 23: £ 152:7:6 en can mij aldoo de biteren en en all

624 1706 1423 157 occasie des poneren van die blijve

1822 1777 907 205 Adij 14 sber 176

494 1824 1258 186 Brussel Pauls de Broseer

645 1933 2089 229 op ontfanck van de missive van ue huysvrouwe

653 2049 2099 189 van 11 deser hebbe het goet voorleden saturdagh

621 2159 2155 176 scheeft gedaen en ue geconsigueert in een paxke

644 2280 2094 157 gemerckt  & dat verhoepe ue achter volgens

632 2388 2162 154 wel sal geworden: aengaende de laekens hebbe de

626 2506 2178 184 ordre gevolght van ul swaegher van de walle

614 2582 2158 223 het bruyn Ros dat ue hadde uijt geoesen met de

643 2687 2166 143 t weel in het versch paek door ue geteekent ende

616 2798 2174 203 die drij hebbe ue gesonden daer ue voorderscan

631 2896 2149 154 dienen gelieft naer te commandeeren. de

624 3013 2168 192 faenire aen den voer dater ƒ790:10 wisselgelde

641 3109 2163 148 waer voor mij gelieft te crediteeren ue heeft 30:

624 3218 2180 162 voor de carseyen besteet het schijnt dat myn

640 3324 2147 199 goet soo veel niet meer weert is als eens anders

660 3426 2154 156 daer ick nochtans datieere dat schoonder gaen

642 3526 2078 155 nochte schoonder sortiment in Antwerpers te

627 3590 2205 213 becoemen en is dan by mij icn moete pancinie hebben

711 3730 913 115 lest van herten

2911 102 2145 168 Gheudt J Bapt De Saedelaer Ad 16 sber 1716

2912 159 2353 231 refereere mij aen mijnen van 14 deser alhoewel ue

2926 334 2124 121 brieven tot 22pr. hebbe aengenoemen magh us

2916 444 2200 111 segghen dat tot d gte fauter dan betrocken ben

2908 519 2113 163 ende niett pestaen die men genordert hadde de

2905 648 2223 143 wissel van daer als ue genoteert hebbe 12 deser 2

2909 738 2137 144 a ds prete soo coemt die n iet brieven van

2884 839 2305 185 maendagh 2a ½ dit tot ue govnde alsooregdns

2911 939 2323 189 meldt met syne mislve van 14 deser uo ussen

2894 1071 2268 195 sult rmen mache nota van de vallende

2909 1205 2306 118 brieven tien laste by my addres daer by vermeldt

2885 1274 2126 208 ende voor ue remis op jacobus de oninck

2892 1391 2327 194 op d sicht p cusse van £150:-:- bbe betaelluy

2911 1518 2020 179 becoemen ende ue gecrediteert blijve

2875 1583 722 200 Brussel G.t' sas

3898 1633 1071 138 Ady 17 sber 1716

2904 1714 2236 181 Ick verhoepe ne goet retour desen tot advies dat ue

2909 1835 2271 192 goet opgepackt iot een paxke gemerckt  gisteren

2914 1972 2329 159 hebbe scheepgedaen enn om ue te voldoen ende te thoonen

2890 2056 2201 190 dat Ick alles voor ue doen wat moogelijck is soo hebbe

2899 2191 2357 157 het pasxke spaensche laekens open gedaen et het coleursen

2894 2236 2257 217 dat ue soo desireerde toegesonden ue can eent sien

2892 2373 2335 158 wat dat voor een goetis en ue agreerende meerdere

2897 2466 2357 199 obieden aen den voet deser de facture gedraeghende

2915 2544 2276 193 2 wisselgelde ƒ 500:5 waer voor mij gelieft te

2892 2650 2272 197 crediteeren p blyve naer cordiaele groeteuiste

4771 2832 139 58 r

2880 2754 2149 237 Ghendt J Bapt De Saedelger Adj 17 sber 1716

2893 2972 2318 159 gedraeghe mij aen mijnen van gisteren om mijn

2890 3047 2337 232 schoennoeder te accommodeeren tresie hedenigt

2894 3139 2186 252 ue voor ue rekene pary en sonder courtagie

2898 3259 2222 202 £100: wisselgelde dopto sicht aen d'ordre

2892 3413 2231 169 h Domiicus de manter on versochete

2885 3481 1146 158 verheeren blijve
