5445 3960
621 77 966 183 Brusselle J: haegen

2026 97 449 155 23 sber

669 176 2215 178 het en gedenckt mj met dat ick ue oir gesene

686 307 2197 134 ick hebbe ue over eigen tist geschreven ende ge

681 414 2170 164 advisere dat het schongte sortiment hadde

627 528 2248 150 versch gehoegen van alle sorte van goederen

639 612 2234 141 die men met sogen ien conde ue en en ee

689 694 2185 161 wel sorder winter goederen sijnen wenkc

703 829 2176 144 niet onderhoude beter coop en ejne cet

668 942 2183 146 niet dat iemant doet ue etecoop hals

690 1005 2133 180 ick ue en doen en presenteeren daerom

662 1088 2229 187 verwondere het  dat ick niet meer van ue

660 1195 2206 155 calandisie en hebbe ict moete paken bie

663 1337 2214 145 hebbe mets ht godt soo belieft daeren ts ne

676 1426 2203 156 te vercoopen nochte gelt van sijn goedvende

672 1582 2197 121 te ontfange rede waerom ick ue instante

668 1639 2203 202 lijck moete versoecke van de wille op reck

662 1754 2165 179 te wille betaele ƒ 400 oolgelde die sal

681 1866 2189 154 trecke aen dordre Dh Jacomo Rousaeu op

682 1999 2194 200 & daege sicht ue sal mij grootevrens chaip da

696 2135 2196 163 die te verheeren ende te geloovie dat ick bin

716 2243 720 127 in alle occasie

567 2316 1283 197 Brussel le chevalier de will

1993 2302 871 215 Ady 24 xber 171

666 2443 2223 175 heden naer middagh behandight int F Leenaer tsl reden

672 2565 2182 186 sijnde rindispostrie due dmissive dato 15 deser

665 2674 2133 175 dersochte werchstelligh maeken vant passeerende

670 2774 2218 151 adviseeren en in alle occasien thooghn dat ben van

2524 2871 195 125 4

680 2905 349 157 herten

2059 2898 824 170 Al Copmoes Stena

562 2980 1135 197 Bruselles Jacomo Rousseau

2264 3024 495 147 26 bre 1716

714 3100 2155 165 cotant sans aurune de chere vres celle ay gy accompagne

713 3223 2144 116 mee 2 rer traitte a vre ordre ajouhuy a souly de

691 3304 2167 107 vege sur le S Baulo je Brier  00  sar le S Jeanc harges

678 3344 2206 148 ƒ400 enseible 800 de change dont il vs plaira proui

660 3442 2225 147 le reque et estant paye mer donne credit er compte

684 3513 2200 122 de lesme aceptation pr l'incluse sur mad: Christirt

664 3611 2219 119 bauwels in de queltesy de vre ville de  £ 150 pay

683 3721 2194 132 ble en anvers et faute a vec protest de lun et lautres

2972 120 2296 138 vs mobleyerez en sonnent un mot d'avis a celley

2954 189 469 143 que j ditt

2928 224 891 275 russel haeghens

4140 250 935 175 Ady 26 xber 1716

2978 368 2157 214 in antwoort opue van gisteeren het is mij leet te

2960 500 2314 199 vernemen ue hujsvrouwe soo onpasselijck is ick verhoepe

2958 605 2244 206 dat het door Godts gratie sal beteeren it dat ue gelieft

2973 698 2299 171 over te coemen ue sal by my alles vinden dat ue sal noodid

2965 808 2271 156 hebben want en hebbe in langen tijdt gaen schoonder

2953 915 2331 198 gerief gehadt en sal oock niet naer laeten ue wel

2931 1014 2233 209 en goeden coop te sdienen. trecke dan heden op ue

2950 1113 2322 160 op p sicht aen d'orgue jacomo Rousseau de ƒ400:-

2939 1232 2349 165 wisselgelde epreken soo als ue met mijnen voorgaende

2950 1297 2325 175 versocht hebbe biddende die te verkeeren en alwaght

2942 1399 2320 141 sende het faveur van ue overtesien soo blijve

2936 1515 1362 201 Amsterdam francis co Rousseau

4500 1526 521 197 29 sber 1716

2965 1657 2322 127 beyde ue aenge naeme 23 en 28 deser vinde te besentworden

2960 1750 2278 108 ue bief op christina pauwels tot brussel £150

2959 1803 2316 151 is sedert oock geaccepteert en ick comfineee dat

2950 1915 2331 104 de brieve  van salmons sereus comende

3785 1980 143 58 croot

2952 2003 2318 129 te ordeelen hoe  de gratije n begen

2938 2039 2330 185 reden ue diverse acceptante en treckers is hebbend

2939 2121 2346 189 alhoewel de in doss een ende de selve wne

2927 2255 2349 161 vergaende ue 2 remisses voop anthonco selva

2943 2317 2313 205 Castro 28 sber 3 usos op nicolas van den bergetot

2946 2399 2326 226 brussel in antwerpen te betaelen addres jan de dons

2940 2495 2236 252 seo al £400 en £300 saeen £700 aƒ 3½ pert

2945 2581 2176 239 banco bancj £875:10 en is mij den acceptant n

2943 2676 2308 200 bekent sijnde blijve ue volle factisfactie in den trec

2931 2786 2322 200 is hebbende alhoewel reden hebbe te geloove dese accep

2927 2915 2315 155 gatie maer accomodatie voor den acceptant is door

2922 2971 2314 181 dien de provisie door den breker selts getoeer niert

2936 3049 2268 188 woort rede ue tratoo sicht in cadre aen d'ordre ditto

2937 3129 2328 151 anthonia d'asilva y castrs £600: a 2¼ banco £586:10

2950 3246 2277 186 door den selve aen t Jan de doncker geremitteert wesen

2939 3329 2287 180 en soo geloove tot acquitteeringe van brieue van die

2921 3415 2241 174 natere die voor leden degnsdagh avons soude gemot

4621 3491 59 72 d

2919 3486 2132 146 teert gewest hebben om dat daitto doncker niet the

2938 3599 2172 106 wesende mij baet in den avont que me vinde

2933 3667 2219 151 woort van betaelinge af vraege dat heden ter borde

2925 3753 1613 94 ul doen hebbe dit alles tot ue naer recht
