5225 3965
330 108 2295 158 sioff gop. ue arriveerden het spreeck wor seght

382 182 2215 247 post hue occasio calva ende ick vreete het baer

348 298 2222 194 op sal uytdragen. het soude connen gebeuren

366 402 2216 200 dat de handelaers in die goederen p indusitie

340 494 2233 212 die goederen souden doen op loopen om dater

404 598 2192 213 commissies wesen - ichtc het sal sijn swaeg

295 722 2267 279 =heijdt hebben soo ick vreete om tot de

409 835 1998 227 voerigen prijs te comen  aentreffen

415 969 2149 237 recommandeeren ue de saeke tens

419 1078 1950 227 4gterssen Indiengevalle want tot soo

406 1175 2176 231 hooghen cours als in et sonden wij niet

412 1286 2133 253 ressilveeren ue wisselbrief bljft tot ue

397 1428 1992 219 dispositie onder my geaccepteert

399 1554 1269 181 leijve in haeste

365 1667 2188 313 Bruuxelles Jacomo Rousseau Ady 5 xbre 1714

441 1787 2129 291 J'ay les deux agreables voldres du 3 et 9 du

373 1930 2211 240 courant il est bien que les  eflexis payera

397 2045 2187 203 desmain pour vre remise sar mons Jacoxo

396 2144 2228 243 de Pret de s £200:- a 337 £ 3  be change

423 2304 2189 236 ie procureray le necessaire ie vous remette

379 2403 2179 195 cy ineluse au 9 du courant sur le s. Francois

392 2533 2121 207 Ansillion 505 de change que je vous

435 2668 1347 222 recommande et suis

258 2767 2222 264 Dermonde BDe Bat Ady 6 xber 1714

399 2911 2046 224 lende ue st beurtschip voor Dermonde

395 3037 2211 216 voor rekeninge en tolordre van mons. medlis

434 3159 2160 174 francois le lievre van Ath ceet cleyn paxhe

391 3269 2226 193 geynerckt 115E franco het welck wel ontfan

438 3377 2180 156 hebbende sal ue gelieven voorrs te exspedieeren

393 3501 2122 194 op Ath ende de ordre van ditto P le

413 3590 1690 227 & ieire mede te volghen blijve

2673 64 2076 238 Mons D Camott Ady 7 sber 1716

2698 189 2216 279 lay este en espereme de vous voirrr. ieu de jour

2693 347 2293 175 en jour mais @ 9. me donne a connoistre pr la ssenre

2685 516 2257 113 du 5 du courant que cela ne sera pas cette Annee

2713 594 2009 198 cy a cause du peu de debite qu'il y a de vos

2701 663 2237 233 Bartiers estant encor bien pourveue vous en serez

2696 788 2103 186 comme il vous plaira et il nous fault evoir

2691 904 2163 209 paience estant tousjours prest a vous rendre

2690 1050 2291 157 service. r me demande le prix des marchan

2653 1122 2328 217 drles lequel differe beaucourt depuis d

2697 1224 2210 199 en a draps de toutte sorte et rre a l'advenant

2695 1331 2283 189 son prin, comme du passez des mellieures parisees

2695 1438 2229 219 bleer af ƒ35:- les couleures ƒ 30 les rouge  33 les

2710 1545 2273 239 blanches ƒ27:- il, en a des moindres de divers

2717 1653 2159 247 prix unais ie ne vous consellerois pas d'en

2708 1759 2262 271 prendre. les bayes deventer copme vous estez

2697 1896 2283 202 accoustume d'en avoir ie vous les liveray a ƒ 48

2728 1981 2278 205 et ƒ50 pour les nouvelles flannelles de  sienay

2732 2078 2274 262 encor que ne pre payerez non plus que la derniere

2732 2212 2149 224 ƒ48:- mais ie vous consiele d'en faire vre

2719 2356 2256 204 provision car il ay en aura plu avoir si sinnes

2700 2419 2156 208 quelles sont a nil prix de fflannelles croisees

2734 2542 2155 194 1en ay a@ 20 pattais et 25  1'ayt aussy encor

2701 2633 2223 270 partre de flannelles 30 sarges a Lisiere fleuse

2727 2755 2305 232 a vre service a ƒ47 les superfinnes pouvellement

2725 2878 2271 185 arrivées doivent couser ƒ66:- mais c'est tout ce

2730 3013 2204 204 que l'ion puis voir de payes de  30 superfiinnes

2738 3113 2191 161 vaulent bien 30 a ƒ32 et celles de  35 a 36

2793 3200 1958 183 36:- pour les draps que pourries avoir

2727 3267 2303 218 besoing ie prie m'envbyeer quelques eschanti ions

2745 3428 2258 145 car ie ne peu vous envoyeer mes cartes en ayam

2734 3529 2152 149 tres besoing touts les jours en ce quil vous plaira

2715 3629 2219 123 m'ordonner soyes asseure que ie vous serviray de la

2744 3690 2214 128 mellieure calise et de la plus belle marchandise et

2774 3782 2076 85 ue  me payerc non pais comme s serses icy prsnt
