5479 3943
456 105 2226 129 assortiment de marchandise pr le present q lon pues

442 144 2264 163 voire et q je ne manqueray jamais a faire tout mon

433 241 2275 185 possible afin q ns puissions contineuer pr ensemble

461 342 2244 178 je vs prie a vouloir faire de mesme et a me vouloir

460 451 2251 174 remitre a bon comte car il est en crorable q

430 580 2257 166 peure q ns avoois a ramasser le fand quelns faut

424 668 872 192 je sus en attendant

1763 796 511 115 27 mey 1715

398 787 906 161 Amstendam Di Roussseau

443 837 2266 180 met ue aengenaeme van 24 court becoeme de seconder van

434 948 2243 157 2 brieven saemen £900 plaems op gons van bona ock ben

432 1047 2218 146 blijde e nopende den trecken soo veel satisfactie heeft

459 1134 2226 117 ue gelieve hem dan met occasie te seggen ofte te doen seggen

460 1228 2257 162 dat de £600 dat hij abusivelijck den brief van £: 600 boven

1735 1317 376 99 moct wesen

434 1334 2204 154 heeft genoteert 8 augustij vallende dat a 15 julij gelijck

434 1431 2215 178 dien van £300 op den selven dato soo dat de £300 op 21

427 1533 2286 209 julij moeten betael worden op dat hij de provisie dan voor

426 1659 2304 131 sorgen want niet tegen staende hij voorsoo suffisant wort

440 1748 2274 226 gehouden hebbe ditto brieven de oxpectatie van doorgaent

454 1853 2249 177 te moete keeren ende heeft gons wouters bj twie de selve

463 1960 2261 200 addrvis sijn voor desen wet gesijt geene te pretendeeren

468 2067 2249 204 te verheeren ten sij hij van het valle caitaet te sijn

460 2196 2262 201 geproideert tot ue governe de £400 stal op londe suck tegen

456 2291 2259 201 moogen te gemoet wel wenschende ue die onvrij dagh hadde

467 2386 2218 187 gesonden want het en is mijne convinientie niet heer af

464 2491 2243 196 te geven ende die van ue te verwachten door dien ick

450 2609 2264 206 engelant schuldigh ben ende sonder remitteeren niet e

450 2715 2172 179 wille schrijven het gene echter prisseert. dat het en

446 2812 2280 200 advantagieuse negotie was soo en wasser niet aengelegen

463 2925 2251 196 dat hadde ick die salhier maer connen intrecken in us

493 3019 2225 165 dit contrarie sijnde ende alleerom mij te salveen a

463 3108 2245 209 de fatalitijt vande wissel soowaert ongeraetsaemal

463 3227 2254 194 heer noch eens af te geven ue magh vrijelijck in toecoemn

459 3342 2248 145 de beter mesures nemen want ue redene sijn ongefondeert

468 3416 2265 225 en trecken mij provisionelijck als tot preneditie men sight

458 3510 2252 212 de wolle a costi seer in prijs daelen bidde mij dienaen

453 3613 2260 217 gaende eens te informeeren ende ue gedachte te laeten

415 3705 2306 154 foe coemen dat can mij van groot niet wesen soo imng

2838 29 2275 182 e e

2839 138 2272 188 lantsche laeckenen dat mijne apaelte negotie

2833 235 2205 204 is het is oock seer wonder ue mij ne divershe regse

2836 341 2243 146 geschreven heeft sonder cors van wissels te noteren

2860 426 2272 172 doe bidde daer noyt e toecoemende aen te man

2856 580 2239 165 queren en in antwort ue gedachte en speccebatie

2857 637 2206 219 te seggen voor mijn diel ick en sien niet deserver

2861 757 2255 183 anderinge can tondement peme oft continie

2850 872 2258 204 eren ende ben  intintie van tegens naeste

2816 988 2289 244 danderdaghh oft soo het op het laeghte can afmeten

2851 1103 2264 222 1a £2000 af te geven ende ue die te remitteeren

4354 1211 182 84 rip de

2837 1227 2236 212 men canse maer 1a 2 mainden tot

2823 1317 2285 267 liggen en connen aprentelijck goeden intrestren

2827 1460 2253 178 deren waer op mij meeder sal regeeleeren ue ent

2820 1560 2258 210 wort hebbende het is waer de bijde sijn jaor dese

2822 1686 2318 176 laet ende de banqueroeten seer menighvedich

2825 1803 2296 143 maer men is somweylen al te voorbaeregh ende te

2830 1919 2279 183 sijn moedith ende altseerdtiant dat geloove

2854 2008 2277 164 de oodaecke is van de veranderngestiesschen hier

2835 2183 2225 113 en costij het sel dat he crediteeren en fieren

2842 2243 2312 141 doet misent ide een schroomen maer soo den fran

2853 2363 2188 143 schen eclipsees gepasseert sal wes en sal het sign

2819 2448 2295 202 wel als vooren schickern ick en ben niet droof dat

2824 2571 2311 150 ick altijts een aversie van de franche affairens

2823 2677 2306 201 gehadt hebbe het tegenwordigh voor val stel mijdaer

2838 2847 2294 115 in doen volherden want van vranckrijck en hebbe

2843 2903 2269 131 ick noet goeden wint sien waegen oft over coemen

2819 2991 2263 189 dot oft fand rovint men sigh bedrogen godt wille

2829 3104 2314 148 de ingeweckelde vertroorte ende redderin noopene

2829 3209 2320 183 loais jolie tot brugge en wete tot noch toe niets dange

2819 3317 2314 183 reus eu te melde als allien dat icy gesest is andre pegtie

2830 3473 2291 138 bij wee sijn breven addres staen iets van sijn treckin ge

2812 3526 2252 194 addeoitert heeft laeten prrtesteren dat geloove te

2804 3613 2310 155 voorbaereyn ende uyt tenieditijt te wesen sulck en is

2795 3760 2303 122 niet ngk baer maer is mijne onvedentie esit ende
