5331 3972
272 88 2303 184 d'aultre chose en finde la maniere que l'on

330 189 2002 254 agit presentement vous perderez et

305 295 2303 221 ruiieres entierement  commerce ie suis

259 387 2275 296 Bruxelles Jacomo Rousseau Ady 5 gbre 1714

340 545 2258 231 ie vois p l'honneur de la chere vre du 3 du courant

342 704 2206 236 javez payée ma traitte de ƒ150:- courant. ie

347 784 2259 258 vous jen ay credite pour £21:8:7 de change

357 898 2157 180 c'estoit pour accommoder ma belle mere

364 1027 2090 182 ie voys envoye cy incluse ume quittence

363 1138 2216 193 a charge de vre ville de ƒ112:  courant. ie vous

375 1284 2190 202 prie d'avoir la bonte d'en faire recevoir la

378 1380 2197 177 valeur on a reduit les dittes rentes de 4 a 3½ p

364 1517 2195 168 mais ce la ne commence g'apres cette dem

352 1619 2259 195 Annee selon que ie suis convenue avec celuy

386 1713 2249 221 qui at eu la commission. ie prenne la liberte

381 1814 2206 209 vous en advertif en cas que le receveur seroit

390 1940 2241 174 obstaele de la payeer. oultre voicy deum petittes

397 2067 2218 175 lettres ƒ 181:8 sur le s JBetleais et ƒ170:12:

372 2181 2229 227 Sur les B Beeckmans ensemble ƒ352:½: de

412 2325 2217 184 change dont il vous plaira procurer le necessaire

437 2418 2060 205 et me crediter il ny a amais rien quil

406 2536 2213 178 me pressevous ne pouvez remettre quant

422 2667 2211 162 vous renconstreres de lettres4 vre saisfaction

421 2782 2209 143 ie vous ay bien de l'obligation et ne souhaitte

384 2900 2213 225 que pouvoir vous rendre reesproque service

432 3020 1704 195 est vous tesmoigner que ie suis

348 3130 2278 202 Bruxelles Jacomo Rousseau Ady 6 gbre 1714

396 3225 2232 227 j'espere que ma lettre dhier vous sera bien rendue

378 3368 2260 148 avec ma quittence a charge de vre ville de ƒ112:-

397 3472 2255 190 court et d'eux pesittes remises sur le Sr. Jean Beeck

386 3601 2252 158 mans et J 7etlcais. depuis J'ay recces sanreable

424 3702 1673 138 vre de cmesme datcavec remide de

433 3728 2193 164 change a 2 jours de veus a charge le. Fhancos

2666 75 2369 190 reuymnchx re la feray presenter et i'en procurere

2673 195 1662 152 le necettaire me disant du coeur

2675 305 2200 228 Ghendt JacobBant Ady 6 gber 1714

2682 443 2338 200 sijnde sonder eenige iet aengenaeme dient desen

2676 583 2267 163 tot advies dat heden op ue hebbe getrocken aen

2701 698 2271 156 d'ordre Jacomo vernimmen £350:- vlaems

2691 808 2357 192 wisselgelde d' sicht p casse die versoeke conform

2692 970 2326 176 gelieve te verheeten endet commaneeren

2671 1082 2109 125 die ben in alle occasien naer minsaeme

2691 1176 691 189 groetenisse

2667 1234 2173 229 Mons J Joseph mailleAdy 6 gber 1713

2672 1423 2270 164 I jay reeep lhonneur de la vre du 28 xbre avez

2689 1567 2354 123 remise de ƒ400:- a charge louis mattneye  jours

2681 1645 2281 152 de vene en son temps i'en procuseray le requis

2697 1740 2245 170 voicy eschanti llions des trois ballott des draps

2704 1870 2317 144 de toutte sorte de s couleures a la mode vous aure

2695 1952 2186 168 la bonte d'en faire choin et me les renvoijce

2710 2072 2190 161 dito possibles. ie vous prie ny pas mang en

2702 2194 2273 148 car sans eschantillions ie ne me puis servin de

2691 2288 2240 170 mes marchandises a cause que ces ballots sont

2704 2407 2192 160 peetcer les draps sont des tres bonne qu'alste

2713 2503 2251 164 i'apprend avee regrest lincommodite sur venue

2716 2676 2235 127 a vre espouze d jespere que d jeu la soulagere

2734 2742 2210 163 car e't une aff srendu trergrande ie vous

2693 2865 1114 168 salve et sut

2715 2950 2127 238 Mons J P. Desmare Ady 6 gbre 1714

2748 3096 2258 203 vllvand ie ne nduve encos nne foiu obleye a

2714 3228 2222 198 vous escrire non obsoant que ie vous as tam

2737 3334 2322 208 inssament prie p ma dernier e i9 sbre que ne

2748 3512 2246 135 voudriel pas manquer & tenir oossile et me

2736 3552 2220 156 remett vre pour la fin d'octobre deiay fait fond

2725 3679 2264 133 sur vos promesses et nonobstant ie me trouve

2766 3779 2190 82 asmis lese monsieur ie vous prie dor cxsur a me
