5369 3972
372 95 2238 227 Mons JP. desmare Ady 17 gbre 1714

424 295 2264 152 ie trouve vos maisieres d'ap fort estonnames

419 365 2270 210 vous m'amises sencor une fois pr la vre dernieres

455 472 2219 225 8 du courant p abus dun 18 dbre i'ay bien

435 633 2081 159 vor eu me regler a l'advenant et avoir

427 727 2242 235 patience mais ie vois qu'il py at aucune

439 837 2207 205 raison. ie pretende vous avoir rendre

424 1002 2119 186 service et que ie n'ay rien gagne apres

414 1118 2146 182 les marchandises que ie vous ay livre

430 1192 2193 240 considerant lintrest que i'ay desia souffers

426 1340 2185 173 ie n'ay besoing des compliments mais de

406 1484 2222 192 me fault de l'argent et satisfaction -

434 1573 2164 206 ie vous le demande done encor une fois

419 1702 2153 192 avec honnestere et Amine carie doibt

418 1832 2147 223 paycer et p. consequence le tirer doire

442 1972 2243 164 trouve bon ie vous prie done vous regler

427 2052 2148 216 a l'advenant et me vouloir remettre ce

404 2199 2152 179 que me devez et dont vous m'avez assey

390 2282 2005 221 dilayce. en attendant ie medit

346 2420 2250 252 Rotterdam Dionys verburgh Ady 29 gber 1712

445 2563 2161 204 ue aengenaetme van 18 en 16 cour hbb op sijnen

305 2701 2211 181 tijde ontfangen waer by ue mij adviseeree het

419 2800 2172 192 arrivement ende versendinghe vant pack B N6-

420 2885 2261 182 dat niet als op gisteren middagh en hebbe ontfangen

439 3012 2224 165 bidde mij de oncost reken gekenden nte de

426 3093 2270 237 sacke v malheurens pack wat ter herten te nemen

453 3205 2188 182 tepoubdeeren en eijnde te crijghen want die

411 3296 2248 257 gredeve laekens en connen niet onteshaedight

397 3413 2301 205 blijven —. ick recommandeere het ue uyterlijk

460 3554 984 148 t blijve

2718 83 2232 204 Bruxelles Jacomo Rousseau Ady 29 gbre 1714

2748 239 2326 193 depuis la chere vre du 13 du court, je n'ayt er de

2761 326 2315 210 oos nouvellea ie vous vienne prier p cette avoir

2747 456 2141 134 labonte procurer le nccessaite de deux

2763 570 2250 173 neluses remises une payabee lamedy sou

2753 720 2367 151 wichiel van schoor de ƒ300:- et ƒ 300:- sur le

2754 827 2318 217 S segers et en mnt reeu la volur me

2746 932 2338 196 crediter es honnorer d'eur mot d'advis qui

2744 1040 1044 195 suis pat taittemens

2744 1164 2040 225 Ath Joseph Danlmerie Ady 4 xbre 1714

2811 1320 2238 181 Bons responce de l' honneur de la vre du 26 du prisse

2805 1441 2297 202 J'ay des beaux draps en grande quantite mais lussemant

2771 1569 2137 161 pat ein contorin en coulux a vre eschantillion

2775 1639 2204 219 aussy fault il que ie vous dit que ie n'en ay pas de

2776 1756 2209 229 moindre prix que d'un escy 50 pattars ƒ54:56 a 58

2771 1884 2312 221 les melicures frisettes blanches vaulent presentement

2770 2001 2152 210 au moins 13 pattars la couleures t rouges 15

2766 2103 2275 207 les melliefres carisees blanches ƒ30:- couleures ƒ33

2764 2209 2145 183 rouges ƒ34 bles ƒ 36:- il est vray il y en a les

2778 2296 2277 209 moindre prix mais la qualite de la marchandise

2768 2458 2193 139 est a lhovenant et selle jamais ie ne poudrois

2782 2539 2246 185 debiter oultre parce que la saison est si avancee

2761 2659 2338 181 on en trouve fort pleu tient et accommodee comme

2769 2772 2250 167 il fault vous ne scaurier croire comme tot

2782 2852 2244 183 est cher et medioere en qualiu pour son prix

2782 3004 2157 139 on a de la peine et on la peint a se restndre

2763 3110 2272 143 pour faire venir des marchandises car il ny a

2758 3207 2285 158 pas moyen de gagner en les debstant vous me

2766 3291 2238 181 trouveres toebfours prest pour vous servir et

2741 3424 2297 150 si accommodable que pas sonme au monde en

2769 3533 1242 134 touttes occasions est suis
