5463 3934
618 100 2214 123 soo bidde mij ue sentiment te laete toe coemen met het

652 189 2167 115 gene voorders van ue dienst  me

644 261 2172 123 voorvalle sullenden ue altijt trouw en wel bediene

607 350 2158 163 die van ales ten reytersten wel voors een ben alle

589 427 1020 147 versche goederen blijve

2080 489 728 167 7 au gusty 1718

502 515 1314 170 Brusselle Nicolae Dousedan

590 601 2220 174 het is heden est een maent dat ick ue hebbe geschreve en

581 718 2196 139 tot verwonderenge nochte effect van ue beloffen nochte

605 766 2202 167 antwort becoemen men nock sijn patientie verliet

590 899 2238 129 als men fect en onder vint dat men de menschen wel

575 982 2243 133 doet ende daer tegens quaglijck beloont wort e geleft

590 1076 2208 191 sijn sivoere gedachte daer een te laeten overgaen

578 1185 2252 146 en oft ue belieft dat ick andere  middele genot

578 1273 2234 182 saickt worde te gebruycken oft niet desen sa par v0

603 1353 2175 237 uyt reden dat ue dien pr boeden niet en herft ge

598 1478 1426 189 antwort blijve met impatientie

614 1550 2120 247 hall nicolas van den Berghen Ady 11 od. 1716

608 1750 2220 122 ues twee aengenaeme van 13 julij en 6 deser hebbe wel

610 1811 2201 191 ontfangen: de bayen ende de carseyen sijn geverft en

612 1920 2191 200 gereet dogh het adrap dedamme noch niet sal die

587 2036 2244 200 levenwel sonder faute dese weeke met Godts gratie met

580 2132 2237 170 het geperst laeken de serges van mijn broederende

573 2287 2242 177 de toffen van Coppal met den boede Jonaert & ssenden

576 2369 2207 173 mijne bayen ende carseyen sijn Godt danck alle tot

593 2488 2166 138 dstende gearriveert verwaghte die p. eersten nu

519 2605 2098 187 hier dat ue gelieft gereet gemaeckt te hebben

565 2715 2219 186 en heeft ue my maer te vordonneeren en staelen

574 2820 2160 194 van te senden: ingesloeten de assignatie daer ue

564 2928 2249 209 mij om geschreven heeft ick groete ue en blijve

474 3028 2274 186 Brugghl Gillis van Appersilles Ady ucuyil 1716

585 3150 2133 199 ued aengenaeme van6 cour. hebbe wel oenfangen,

524 3319 2235 146 en gesien o 1o sun stutting Jan huel alleen voor mu

579 3365 2211 208 gearriveert sijn brs met 48 witte buden oude de

563 3499 2253 184 p te aentegeven als mede r9 van ditte merck met

548 3610 2266 182 18 wiitte carseyen onder de ƒ40:  N2 met 24 enchell

604 3700 2149 131 gemengelde dosjnsiens couleure onder de ƒ 40:-

2898 93 2352 178 volgens de ingeleyde certificatie laete officieren

2896 200 2325 220 soo moeyelijck wesen als so willen sij hebbente maer

2869 313 2202 203 aentes laen Ick sal geldt ontfangen: nota datris

2886 450 2351 194 2 bayen meer heeft tot fardulure 9 pree carseyen

2885 577 2200 216 En dr 23 carsegen biy de laekens us fardulure

2906 701 2189 183 tot ue governo. de dosijnnens sijn van de

2890 834 2126 210 andergeringhte soorte ingevallehet schip bij

2880 984 2334 174 pratynement van waeten nt en can opcoemen

2905 1083 2310 169 en het noch lanck soude tardeeren st y leet die

2902 1217 2334 157 packen op hollandtn iet en hebbe doen afscheepen

2892 1299 2184 221 ben daer bj seer geprisseert e soude die naer

2883 1435 2289 215 u den schjt casick hier gehadt hebben: blijveen

2867 1540 2264 252 Bruxelles Jaeomo Rousseau Ady 2 brende£ 1716

2905 1672 2200 228 eyt exe deux jour hors de la ville hayt a respondre

5078 1777 118 127 d

2871 1805 2251 175 a deux cheres vostres 6 et 5 du courant ensuitte a la

2896 1911 2156 213 premiere. ie vous ay dex pour £40: de change

2895 2013 2178 208 que me marquee avoir geceu du s. van denhecke

2868 2121 2198 180 pour mon compte j'espere que le s. PBaydalls at

2874 2274 2224 183 lacquittee ma traitte d ƒ400:- de change puis

2867 2369 2194 234 que ne m'en faittez mention p la detniere jay

2872 2477 2116 239 vre remise a charge le S ebolen de £300:18

2864 2599 2331 202 a jours de veud allesptce cesourd dons jauray soing

2870 2713 2041 210 den procurer lxeu. ie me ditr &

2877 2832 2047 224 Brussel rancois van den heeke Ady 11d

2878 2931 2359 198 heer JRousseau adviseert mij ue aen hem voor mijne

2869 3058 2176 220 Reneul heeft getelt ƒ 240:- wisselgelde die £40:-:

2888 3185 2164 207 hebbe ue conforen met dncksegginge daer voor

2864 3297 2383 174 gecrediteert verhoepe ue r eersien dtaet over te cweme

2897 3401 2000 188 recommandariet en ofter van dieust le
