5046 3998
396 101 2117 111 tiennent leure resedence a bruyes et enflandrez et tour

413 205 2099 115 nidtent tout le pays ce quil ne leurs seroit passi

409 262 2092 172 faule sils n'avoient point moy en d'avoir leure

437 350 2041 182 marchandise pr oostende vs patisses pr cesmess

463 441 2056 160 si bieng ns loyce en bien asseure pr moy jene

438 569 2081 144 veut avoir charge possi tevenent mes marchan

427 641 2065 160 dises  sur rotterdam je seray dont en attendant

430 764 2021 159 de obsinouvelles pr voir ce quil je passe je suis

427 854 2026 130 mary q vs vs trouvez prcommode jespere qua

426 950 1982 116 vre retour de bath vs vs torporterez meex je

470 1029 1922 188 vs addrise celle oy sur londres tous couverte de

433 1127 2053 162 mons vre frere avec remise duno avri l usenss

396 1229 2109 147 sur clelent bochm de Londres de  £200 gsavan

383 1345 2048 159 a il vs plaira d'en procecurer le necessaire et

390 1445 1995 178 ume crediter pr l'avener je vs escriviray sur

394 1529 2035 198 liedr esperant q serez la en peu de joursje

419 1666 228 132 ees

1551 1713 549 168 16 may 1714

313 1703 911 194 londer John Cockson

437 1799 2065 225 pr ordre de mons vre frere William Bockson

470 1947 1968 160 de lieds ie vs addresse pr luy cette inclose

445 2047 2070 186 la quelle je vs prie de luy faire tenira caus

455 2141 2035 192 quilte qui de remises de sans vs m'obligeres

486 2285 367 113 que ques

1854 2275 433 156 16 meij 171

273 2350 782 186 Gent JBo desaedelaer

418 2382 2024 221 In gevolge ue laeste van 30 meert hebbe verwacht ick

410 2513 2041 127 van vercochte laeckens soo als ue mij daer bij belooft

412 2630 2073 127 hadde als oock hoe ue gevaeren soude sijn wegens het

441 2682 2032 176 laeste gesondene drap dhomme ende mijne resterende

428 2773 2009 193 goederen ue hadde my venders hoepe gegeven datte

424 2852 2033 148 met het te genavordegh sacsoen its vande bief soude

425 2947 2018 170 hebben voor gevallen ende gevenwel en sien geen

413 3035 2096 182 de minste effet het sijn voor waer droeve en l

428 3115 2085 134 tijdene dat men present bij allen sijnen arbijt geen

414 3209 1990 143 lempelen intrest van fijn gelt can maecken

443 3287 1997 189 het is waer ick can het abandonneeren als my

435 3371 2070 195 belieft maer het is te seer droevigh voor onse ane

418 3463 2060 190 brijders en ververs die alle ten onderen geraecken

434 3544 2028 203 waer het moogelock dat ue eenigh verteer conde

418 3638 2082 187 vinden ick soude daer door passeeren de ncken

468 3709 1878 141 de dat die ame luyden dan mede de n

2636 93 2216 131 soude wjgen ende daerom me recommandeere

2683 151 2222 183 ue noch eens pertelijck de saecke ssijnde van herte

4229 235 478 157 17 meij 1714

2622 246 1221 169 Amsterdam Francois Rousseau

2734 318 2171 235 Ingevolge ue voorleden & postdagh adviseerde hadde

2734 427 2103 184 ue N2000: tot dijnsdagh over gehouden om tot de

2738 517 2142 162 67¼ te bedinchen doch als danster sorse neet meer

2756 600 2108 194 dan het t connende obtineeren ende ue ordreheb

2754 709 2091 195 bende positiet die inte trecken hebbe sulkx

2740 792 2139 249 gedaen ende ue daer voor op sijne rick geerede

2744 895 2181 243 seert voor £5160:8:4 met de fransche brieven

2753 997 2165 269 woons dagh aengecoemen isser veranderinge

2744 1109 2150 234 en wort op usoo van daer 67 genotert soo dat

2740 1233 2173 245 parys al hier monteert ende men ne voor cort

2762 1327 2120 258 brieven boven de 6yt soude obtineeren dat

2764 1444 2090 251 niet en hadde verwacht nochte connen

2740 1547 2188 240 afmeten van gelijcken wasser maendagh op

2741 1667 2173 223 costy in banco pam peer tot 3 piet heden nuet

2742 1761 2191 240 onder de 3 & soo dat ue gelieve mij te advisere

2760 1875 2167 239 op wat maniere ick ue sijn advance magh

2756 1998 2165 216 remitteeren ick hebbe de principaeltte maec

2754 2110 2187 213 seclaers last gegeven tegens morgen voor brieven

2747 2233 2137 222 op Padie seville oft madvid te invigileeren

2731 2348 2170 164 maer ick vreese datter geene te becoemin sullen

2724 2464 2234 173 wesen wordende de selve van alle quastie

2742 2585 2199 179 naer cooty gesonden om aldaer te laeten intree

2738 2663 2151 210 aen het sijn vremde tijden en vremde negoti

2747 2760 2172 161 ende daer en ns nergens met trondement stoet opte

2733 2896 2183 178 to maeckens alles bestaet tegen woordigh inttrouf

2738 2968 2198 218 leeren der speties daer  et echter niet mede

2724 3110 2181 142 willen bemoijen niettemen den cours der selveal

2738 3173 2186 215 hier heeft ue newens de notitie derwissels aenden

2737 3276 2179 180 vort deser tot ue governo voor de gedachter die

2746 3359 2168 219 ick nu hebbe sal parys merckelijck monteeren

2732 3497 2179 136 ick winste wel dat onse corpespondentir te ae

2722 3615 2202 84 men voor ue en mijne as van ce vanwat meerder

2701 3656 2153 135 niet mochte wesen ende daerom bidde soo goet

2700 3741 2081 111 te wesen bij voor vallen de tele gentheyt van
