5369 3972
403 109 2270 185 te reguleeren int uyt vercoopen vant gene ue bi heeft

398 189 2293 230 ick groete ue te saemen van herten nevens mijn huysern

407 341 769 140 en blyve

1474 327 1056 260 Adij 23 gbe 1716

319 392 1034 227 Ath Rosep Demerie

503 491 2019 221 Jay receu p la c here vre du 15 du court remise

409 606 2239 275 paijable le 23 de cemois ches le sr franc. vanden

412 713 2229 211 wijngaert de ƒ194:10 argent de change dontri'ay

437 838 2180 206 obrenue payement et de charge vre compt celle

433 949 2193 243 cy vous servant d'acquis de tout compte que nous

410 1016 2241 264 avons en p ensemble iusques a ce jour 23 gbre 1714

417 1123 2275 301 ie m'imagine vous avoir bien servien t outtes occasion

391 1259 2229 305 quil vous apleu m'employeer et ie souhaitte a

415 1393 2269 254 pouvoir continueer p Ensemble ne sachants pons

415 1500 2225 274 quelle raison mad mois. vre m'este ne m'est prs

405 1576 2188 274 venue voir a son dernier voyage quelle a fait

394 1698 2179 274 pour faire vre emploitte. i'en ay esse sur pris

387 1801 2239 212 car ordinairement on trouve les assortimems

414 1925 2144 247 quon a besoing ou on ne les change pas et si

401 2011 2202 222 elle m'auroit fait cet honneur la recroy que

417 2135 2269 210 vous n'auriez pas mal trouve vre compte car d'ayt

415 2247 2123 190 eu un considefable assortiment d'avane que ie

423 2384 2231 199 pouvois vendre  un aubtre ne pouvoir faire a

392 2463 2214 177 lcause que les marchandises d'Anglete rre sontsr

422 2577 2154 180 cheres et enck eissent encr de tout en jour die

429 2692 2219 189 vous prie de grace quant l'occasion le presente

451 2798 2175 200 a spouvoir ent resenir nre vielle compois sece

282 2883 2416 188 ie ne mannierat pas de ma paert acno bueer

438 2952 2228 195 tout ce quil me sera possible estant avec offre

426 3069 2253 248 de mes services en touttes occassons et cela de bon

453 3256 257 150 EAs

1535 3215 1026 254 adj 37 ditto 1716

330 3268 861 223 MonseA. Gellopen

409 3392 2287 195 ie m'estonne de vois p la chere vre du 23 du courtent

412 3557 2284 125 l'obiection que me faittez d'aultant que v a m'a renvoye

452 3604 2188 173 mas eschantillions sans en avoir fait choix et p

439 3726 2260 158 apres m'avoir ordonnée de vous envoyeer de un presue

2770 85 2292 215 ou plus just prin ce que i'ay fait vous assaurant

2774 238 2244 195 que ne me payez pon plus que ceux de vre ville

2772 360 2307 212 qill ont este icy et les ont marchands oultre

2763 496 2296 189 vous n'avez encorpamais eu des draps de moy

2768 603 2215 171 de mellieure vealise pour leur frix que ces

2757 731 2284 175 deux piesces non obstant que les marchan

2738 910 2305 157 dises sont si cheres et wellet encherie lent

2775 964 2269 224 encor touts le 1jours si vous m'auries fait

2753 1122 2320 152 lhonneur a venir p. icy de scay que vours en

2765 1256 2272 173 serde tres content car vous n'avez aueun

2775 1382 2111 154 suiet de vous plaindre pour la caisee

2774 1477 2310 182 clancke de pent reprendrois point presen

2746 1599 2303 170 lement vous en livrer pariellis en longeur

2744 1764 2238 132 laisne et calite a ƒ30½ que vous ne me

2773 1830 2308 212 payere£ 4ƒ 28:-  ie voudrois pouvoir donner

2767 1952 2182 166 les marchandises au viel roex mais les

2776 2084 2253 157 devoir acmpter c  mese peu faire

2778 2215 2268 144 ie vous ayt adversi en temps que neferige

2800 2318 2180 219 par mal a faire quelque provision v

2765 2438 2242 207 m'a souhaitte le saire. vous le payerz bien

2790 2600 2242 180 d'avantage pour l'asvenir et vous voyeres

2785 2719 2257 168 seffect demondire ie suis tous sonrs prest

2775 2809 2329 181 a servir mes Amis le mieux possibee et vous

2767 2944 2205 175 maures jamais aieu a vous plaindre de moy

2796 3052 671 176 ue

2803 3123 2254 277 ie vous prie rendre l'incure a ½  mains

2754 3346 2283 164 proippes en demander responce et me le

2772 3395 1012 192 vouloir envoyeer
