5509 3934
2251 78 558 152 27 Juin 1716

569 77 1185 162 tournay la veutve le donne

594 183 2245 163 Jay receu pr lhonneur de la vre 24 de count avec a

585 264 2266 173 mises de 23 a 10 jour de date a charge le  B maisschaz

569 388 2255 142 de ƒ8000 de change jauray soing d'en procurer le ne que

597 463 2198 124 ie vs en ay de l'obligation no sommes meserable de

588 565 2263 113 mesme pr icy largent ne roulle pas et il ny a point

597 661 2233 119 de debite du tout jespere quil era onieux vers lz

595 744 2253 139 ver et apris la moiss on et que changerez de ne lu

581 806 2261 138 tion de ne vouloir rien achepter le  dieu veu

586 892 2230 181 agant les plus jolce assortiments de toutte sortes de

573 986 2189 173 marchandises d'angleterre et draps noirs et bleu

589 1088 2139 185 que on puis voir tous jours a vre service et quoy

590 1182 2180 157 quil ne seroient que de bagatelles come il manque

574 1329 2207 120 ordinaihement de temps en temps dans le bouteque

581 1392 2071 178 faittez moy la grace me l'ordonner et je tachera

584 1479 2252 171 tous jours vs bien servis et entre tinir la connoissena

588 1625 459 151 gesmedit

1736 1649 560 191 27 Juin 1716

539 1725 737 177 Mons et Daoust

589 1800 2211 210 pr lhonneur de la vre 23 court jay receu la re mese

612 1876 2214 197 a usence de veu a charge le Sr Walkier a Gand le

600 1969 2235 219 quelle jayt envoyce pr en avoir acceptations jay livre

579 2079 2263 177 hier e messager ballas dans un petit pacquet marque A

588 2195 2228 172 unne bonne p de Drapnoing sc avoir N354 a 45 a ƒ4:10

571 2276 2213 196 ƒ211:10 de change il ma promes que vs l'aurez pr leindy

566 2441 2230 134 sans faute au regard du drap de domme pr avoir quelq

570 2487 2266 179 chose de beau il y faut mettre  18 p a 12 vs estiez d'avis

542 2592 2278 152 a continueer avec moy et a me faire venire je ne men

586 2704 2224 128 queray jamais a vs servir a si Rast pris quil me sera

565 2774 2213 185 possible et a livrer de la belle marchandises estant

590 2883 2171 174 pourveu de touttes sortes pr vre service ie suis oblige

576 2980 2248 184 vs importuner et vs renvoyeer la lettre de change a

563 3073 2250 172 charge le Sr Joseph de behault il faut quil marque

568 3185 2281 138 le jour du quil il l'at acceptee et quil mes l'eedres

551 3273 2287 163 se ou l'on trouvera l'argent en quoy il la man

541 3365 2228 209 quer je vs prie me la renvoyeer ce to possible ce

560 3490 2252 181 n est pas pr moy mais pr faire plaisir a un

566 3557 1735 181 de nos marchandsje v salue et s

2893 95 2257 163 Brussel frederieus vander Becken Ady 28 Juni 1716

2938 197 2266 219 tot antwoort op ue aengenaeme sal geerne die commissie

2940 327 2329 215 volbrenghen maer ick sende ue eerst den wisselbrief wederim

2930 440 2249 173 ue helft hem qualyck geendoiseert het moet wesen aen

2932 573 2251 147 min ordre te betaelen en niet aen mosset hullin want

2946 701 2257 169 het is mons. hellin die den wisselbrief moet betaelen en ick

2944 791 2275 194 ontfangen. sal den wisselbrief in antwoort verwaghten

2925 898 543 152 en blijvee

3586 946 94 118 2

4314 986 854 187 mne Jale 1710

2911 995 949 198 Mlissae thomas martin

2936 1100 2292 167 J'ay receu la vre 8 jin avecf acture du ballot N8 acue

2941 1200 2310 145 5o de bayes de diverse sortes et prix que vs avez envoye

2920 1281 2292 178 hull ye l'attendray a suitte p le prenier e 7age et le pre

4605 1389 95 59 te

2947 1385 2251 138 mier  vraseau soit r rotterdaim  pr ed

2923 1465 2268 157 & vs prie quil ny eu point de manque et que je piees

2924 1544 2301 166 recevoir ce connoissement en temps il me  5 pr

2917 1634 2354 166 de carirces si vs scavez trouver le meilliser nes me que

2925 1738 2330 147 lite de sosae tylden meillioer marcheil m est tous

2920 1846 2310 156 un je ne me foucce point de la parque si noil

2929 1919 2337 184 me faut avoir patience et passer parle  pie

2933 2028 2369 192 donnez 43 agelle de sosua sey den pourveu quelsone

2924 2155 2295 103 de la meillieur laines et sorte et envoyez le mo

2916 2219 2351 177 possille je vs remetter ay come je fai a mas autrs ame

2930 2324 2331 131 a couts jours du a vec cans faute debordque les neir

2925 2418 2318 161 chandises seront aivee de cette ceste en attendant

2975 2520 441 148 je meder

4192 2556 616 156 1 Julle 1716

2911 2592 686 135 Gent J:B: Saedelaer

2915 2707 2351 89 in ant wort ep ue aingenaeme van gisteren bedinecke ue voor de

2918 2759 2312 154 genoeme moeijte wegens het laeten accepteren vant briefse op

2886 2847 2296 112 esseurs het is secker het tegens den stiel is maermen heeft

2910 2925 2358 151 geen oblegatie van de moeten laeten accepteeren maer alleen

2906 3009 2358 125 van ten verv laege prompt in te voederen oot te motes

2896 3117 2284 113 teenen over sulckx salt onder mij houden maer die in

2892 3159 2399 173 plaissche acceptert behoorde ten minsten bij absentee

2914 3270 2349 157 met proceratie te accepteren maer hiet soo als men

2932 3347 2328 113 aen ue gedaen heeft aengaende de provesie daer ee

2921 3453 2346 103 melt sal niet ¼ pret te veden wesen ende ue gehe be

2921 3521 2337 176 dienen voort gene tot ue dienst sal voor vallen blijve
