<?xml version="1.0" encoding="UTF-8"?>
<alto xmlns:xsi="http://www.w3.org/2001/XMLSchema-instance"
      xmlns="http://www.loc.gov/standards/alto/ns-v4#"
      xmlns:page="http://schema.primaresearch.org/PAGE/gts/pagecontent/2013-07-15"
      xsi:schemaLocation="http://www.loc.gov/standards/alto/ns-v4# https://www.loc.gov/standards/alto/v4/alto.xsd">
   <Description>
      <MeasurementUnit>pixel</MeasurementUnit>
      <OCRProcessing ID="IdOcr">
         <ocrProcessingStep>
            <processingDateTime>2022-02-11T21:33:12.053+01:00</processingDateTime>
            <processingSoftware>
               <softwareCreator>READ COOP</softwareCreator>
               <softwareName>Transkribus</softwareName>
            </processingSoftware>
         </ocrProcessingStep>
      </OCRProcessing>
   </Description>
   <Layout>
      <Page ID="Page1" PHYSICAL_IMG_NR="1" HEIGHT="3943" WIDTH="5523">
         <TopMargin HEIGHT="0" WIDTH="5523" VPOS="0" HPOS="0"/>
         <LeftMargin HEIGHT="3943" WIDTH="0" VPOS="0" HPOS="0"/>
         <RightMargin HEIGHT="3943" WIDTH="0" VPOS="0" HPOS="5523"/>
         <BottomMargin HEIGHT="0" WIDTH="5523" VPOS="3943" HPOS="0"/>
         <PrintSpace HEIGHT="3943" WIDTH="5523" VPOS="0" HPOS="0">
            <TextBlock ID="region_1638874031631_661"
                       HEIGHT="3722"
                       WIDTH="2360"
                       VPOS="64"
                       HPOS="490">
               <Shape>
                  <Polygon POINTS="490,64 2850,64 2850,3786 490,3786"/>
               </Shape>
               <TextLine ID="region_1638874031631_661l1"
                         BASELINE="516,208 574,210 633,210 692,210 750,210 809,209 868,208 926,208 985,208 1044,207 1103,206 1161,206 1220,204 1279,204 1337,202 1396,202 1455,200 1513,200 1572,198 1631,197 1690,196"
                         HEIGHT="184"
                         WIDTH="1203"
                         VPOS="94"
                         HPOS="501">
                  <String ID="string_region_1638874031631_661l1"
                          HEIGHT="184"
                          WIDTH="1203"
                          VPOS="94"
                          HPOS="501"
                          CONTENT="Leede Jamet Ibbettson"/>
               </TextLine>
               <TextLine ID="region_1638874031631_661l2"
                         BASELINE="1820,198 1865,202 1911,206 1956,208 2002,209 2047,210 2093,210 2138,210 2184,210 2229,208 2275,208 2320,206 2366,205 2411,204 2457,202 2502,202 2548,202 2593,202 2639,202 2684,202 2730,202"
                         HEIGHT="155"
                         WIDTH="940"
                         VPOS="94"
                         HPOS="1805">
                  <String ID="string_region_1638874031631_661l2"
                          HEIGHT="155"
                          WIDTH="940"
                          VPOS="94"
                          HPOS="1805"
                          CONTENT="Adij 22 April 1716"/>
               </TextLine>
               <TextLine ID="region_1638874031631_661l3"
                         BASELINE="616,338 726,336 837,335 948,334 1059,332 1170,330 1280,328 1391,328 1502,326 1613,324 1724,324 1834,322 1945,322 2056,322 2167,324 2278,324 2388,326 2499,329 2610,332 2721,336 2832,342"
                         HEIGHT="175"
                         WIDTH="2245"
                         VPOS="213"
                         HPOS="602">
                  <String ID="string_region_1638874031631_661l3"
                          HEIGHT="175"
                          WIDTH="2245"
                          VPOS="213"
                          HPOS="602"
                          CONTENT="mijnen laesten is dato 11 cour. waer aen mij gedraege"/>
               </TextLine>
               <TextLine ID="region_1638874031631_661l4"
                         BASELINE="612,452 717,448 822,444 927,442 1032,438 1137,436 1242,434 1347,434 1452,432 1557,432 1662,430 1767,430 1872,428 1977,428 2082,428 2187,426 2292,424 2397,424 2502,422 2607,420 2712,416"
                         HEIGHT="121"
                         WIDTH="2130"
                         VPOS="340"
                         HPOS="597">
                  <String ID="string_region_1638874031631_661l4"
                          HEIGHT="121"
                          WIDTH="2130"
                          VPOS="340"
                          HPOS="597"
                          CONTENT="verwaghte nu peersten staelen facture ene "/>
               </TextLine>
               <TextLine ID="region_1638874031631_661l5"
                         BASELINE="632,550 742,548 852,546 963,544 1073,544 1184,542 1294,542 1404,540 1515,540 1625,538 1736,538 1846,538 1956,536 2067,536 2177,535 2288,534 2398,534 2508,532 2619,530 2729,528 2840,528"
                         HEIGHT="140"
                         WIDTH="2236"
                         VPOS="451"
                         HPOS="617">
                  <String ID="string_region_1638874031631_661l5"
                          HEIGHT="140"
                          WIDTH="2236"
                          VPOS="451"
                          HPOS="617"
                          CONTENT="connostement niettwijfelende oft de geordonneerte"/>
               </TextLine>
               <TextLine ID="region_1638874031631_661l6"
                         BASELINE="602,670 709,664 817,658 925,654 1032,652 1140,648 1248,646 1355,644 1463,644 1571,642 1679,642 1786,642 1894,642 2002,642 2109,642 2217,642 2325,642 2432,642 2540,642 2648,640 2756,640"
                         HEIGHT="111"
                         WIDTH="2184"
                         VPOS="584"
                         HPOS="586">
                  <String ID="string_region_1638874031631_661l6"
                          HEIGHT="111"
                          WIDTH="2184"
                          VPOS="584"
                          HPOS="586"
                          CONTENT="sijn voor nu claer en gereet om afte scheepen "/>
               </TextLine>
               <TextLine ID="region_1638874031631_661l7"
                         BASELINE="604,754 712,752 820,752 928,750 1036,750 1144,750 1252,748 1360,748 1468,748 1576,748 1685,746 1793,746 1901,746 2009,746 2117,744 2225,744 2333,742 2441,740 2549,738 2657,736 2766,734"
                         HEIGHT="117"
                         WIDTH="2192"
                         VPOS="674"
                         HPOS="589">
                  <String ID="string_region_1638874031631_661l7"
                          HEIGHT="117"
                          WIDTH="2192"
                          VPOS="674"
                          HPOS="589"
                          CONTENT="desen dient tot advies dat ue dan nogh 24 ps"/>
               </TextLine>
               <TextLine ID="region_1638874031631_661l8"
                         BASELINE="656,870 764,866 872,864 980,861 1089,858 1197,856 1305,854 1414,852 1522,850 1630,848 1739,848 1847,846 1955,846 2063,846 2172,846 2280,848 2388,848 2497,850 2605,852 2713,854 2822,856"
                         HEIGHT="164"
                         WIDTH="2196"
                         VPOS="756"
                         HPOS="642">
                  <String ID="string_region_1638874031631_661l8"
                          HEIGHT="164"
                          WIDTH="2196"
                          VPOS="756"
                          HPOS="642"
                          CONTENT="can in coopen op de selfde staelen ende conleure "/>
               </TextLine>
               <TextLine ID="region_1638874031631_661l9"
                         BASELINE="664,986 772,981 881,976 990,972 1098,968 1207,965 1316,962 1424,960 1533,958 1642,956 1751,954 1859,954 1968,954 2077,954 2185,954 2294,954 2403,956 2511,958 2620,960 2729,962 2838,966"
                         HEIGHT="200"
                         WIDTH="2205"
                         VPOS="851"
                         HPOS="648">
                  <String ID="string_region_1638874031631_661l9"
                          HEIGHT="200"
                          WIDTH="2205"
                          VPOS="851"
                          HPOS="648"
                          CONTENT="ten prijse van ƒ33:6 a 39 a ƒ34 niet excedeerene "/>
               </TextLine>
               <TextLine ID="region_1638874031631_661l10"
                         BASELINE="634,1114 739,1107 844,1100 950,1093 1055,1087 1161,1082 1266,1078 1371,1074 1477,1071 1582,1068 1688,1068 1793,1066 1898,1066 2004,1064 2109,1066 2215,1066 2320,1066 2425,1068 2531,1070 2636,1072 2742,1074"
                         HEIGHT="186"
                         WIDTH="2138"
                         VPOS="962"
                         HPOS="619">
                  <String ID="string_region_1638874031631_661l10"
                          HEIGHT="186"
                          WIDTH="2138"
                          VPOS="962"
                          HPOS="619"
                          CONTENT=" te conditioneeret als de eerstegegevene "/>
               </TextLine>
               <TextLine ID="region_1638874031631_661l11"
                         BASELINE="616,1220 724,1212 832,1206 941,1198 1049,1194 1158,1190 1266,1186 1374,1184 1483,1182 1591,1180 1700,1178 1808,1178 1916,1176 2025,1176 2133,1176 2242,1175 2350,1174 2458,1174 2567,1172 2675,1172 2784,1170"
                         HEIGHT="182"
                         WIDTH="2199"
                         VPOS="1068"
                         HPOS="599">
                  <String ID="string_region_1638874031631_661l11"
                          HEIGHT="182"
                          WIDTH="2199"
                          VPOS="1068"
                          HPOS="599"
                          CONTENT="ordre gelieft te refteeteeren dat chter noyt "/>
               </TextLine>
               <TextLine ID="region_1638874031631_661l12"
                         BASELINE="628,1312 736,1308 845,1305 954,1302 1063,1298 1172,1296 1281,1294 1390,1292 1499,1290 1608,1288 1717,1288 1825,1286 1934,1284 2043,1282 2152,1281 2261,1279 2370,1277 2479,1274 2588,1272 2697,1270 2806,1266"
                         HEIGHT="141"
                         WIDTH="2207"
                         VPOS="1194"
                         HPOS="613">
                  <String ID="string_region_1638874031631_661l12"
                          HEIGHT="141"
                          WIDTH="2207"
                          VPOS="1194"
                          HPOS="613"
                          CONTENT="meen als eene taele in een schipen wille"/>
               </TextLine>
               <TextLine ID="region_1638874031631_661l13"
                         BASELINE="596,1416 698,1412 801,1410 904,1408 1007,1406 1110,1404 1213,1402 1316,1400 1419,1398 1522,1396 1625,1394 1727,1392 1830,1390 1933,1388 2036,1386 2139,1382 2242,1378 2345,1374 2448,1368 2551,1363 2654,1358"
                         HEIGHT="131"
                         WIDTH="2090"
                         VPOS="1294"
                         HPOS="580">
                  <String ID="string_region_1638874031631_661l13"
                          HEIGHT="131"
                          WIDTH="2090"
                          VPOS="1294"
                          HPOS="580"
                          CONTENT="afgelaed en hebben vant gene gepassiente"/>
               </TextLine>
               <TextLine ID="region_1638874031631_661l14"
                         BASELINE="620,1524 696,1520 773,1516 850,1514 927,1510 1004,1508 1081,1508 1158,1506 1235,1504 1312,1502 1389,1502 1465,1500 1542,1500 1619,1498 1696,1497 1773,1495 1850,1493 1927,1491 2004,1488 2081,1484 2158,1480"
                         HEIGHT="178"
                         WIDTH="1572"
                         VPOS="1394"
                         HPOS="602">
                  <String ID="string_region_1638874031631_661l14"
                          HEIGHT="178"
                          WIDTH="1572"
                          VPOS="1394"
                          HPOS="602"
                          CONTENT="verwaghte advies en blijveee "/>
               </TextLine>
               <TextLine ID="region_1638874031631_661l15"
                         BASELINE="1948,1596 1975,1595 2003,1594 2031,1592 2059,1592 2087,1590 2114,1590 2142,1589 2170,1588 2198,1588 2226,1586 2253,1586 2281,1586 2309,1586 2337,1586 2365,1585 2392,1584 2420,1584 2448,1584 2476,1584 2504,1584"
                         HEIGHT="154"
                         WIDTH="585"
                         VPOS="1503"
                         HPOS="1934">
                  <String ID="string_region_1638874031631_661l15"
                          HEIGHT="154"
                          WIDTH="585"
                          VPOS="1503"
                          HPOS="1934"
                          CONTENT="22 april 1716"/>
               </TextLine>
               <TextLine ID="region_1638874031631_661l16"
                         BASELINE="556,1644 597,1642 638,1642 679,1640 720,1638 762,1638 803,1635 844,1634 885,1632 926,1632 968,1630 1009,1628 1050,1628 1091,1628 1132,1626 1174,1626 1215,1626 1256,1626 1297,1626 1338,1628 1380,1628"
                         HEIGHT="162"
                         WIDTH="853"
                         VPOS="1520"
                         HPOS="541">
                  <String ID="string_region_1638874031631_661l16"
                          HEIGHT="162"
                          WIDTH="853"
                          VPOS="1520"
                          HPOS="541"
                          CONTENT="London Daniel Kuy"/>
               </TextLine>
               <TextLine ID="region_1638874031631_661l17"
                         BASELINE="570,1722 681,1720 793,1718 905,1716 1017,1715 1129,1714 1240,1712 1352,1710 1464,1708 1576,1708 1688,1706 1799,1704 1911,1702 2023,1700 2135,1700 2247,1698 2358,1696 2470,1694 2582,1693 2694,1692 2806,1690"
                         HEIGHT="159"
                         WIDTH="2264"
                         VPOS="1603"
                         HPOS="555">
                  <String ID="string_region_1638874031631_661l17"
                          HEIGHT="159"
                          WIDTH="2264"
                          VPOS="1603"
                          HPOS="555"
                          CONTENT="voi les secondes lettres des premieres que je vs ay remis le "/>
               </TextLine>
               <TextLine ID="region_1638874031631_661l18"
                         BASELINE="606,1814 713,1810 820,1806 928,1802 1035,1800 1143,1797 1250,1796 1357,1794 1465,1792 1572,1790 1680,1790 1787,1790 1894,1788 2002,1788 2109,1788 2217,1788 2324,1786 2431,1786 2539,1786 2646,1784 2754,1784"
                         HEIGHT="161"
                         WIDTH="2178"
                         VPOS="1688"
                         HPOS="590">
                  <String ID="string_region_1638874031631_661l18"
                          HEIGHT="161"
                          WIDTH="2178"
                          VPOS="1688"
                          HPOS="590"
                          CONTENT="20 du court pvoye dhollande dant je mes refere eften"/>
               </TextLine>
               <TextLine ID="region_1638874031631_661l19"
                         BASELINE="622,1906 683,1903 744,1900 805,1896 866,1894 927,1892 988,1890 1049,1888 1110,1888 1171,1886 1233,1885 1294,1884 1355,1884 1416,1882 1477,1882 1538,1880 1599,1880 1660,1878 1721,1878 1782,1876 1844,1876"
                         HEIGHT="148"
                         WIDTH="1254"
                         VPOS="1791"
                         HPOS="607">
                  <String ID="string_region_1638874031631_661l19"
                          HEIGHT="148"
                          WIDTH="1254"
                          VPOS="1791"
                          HPOS="607"
                          CONTENT="dant lhonneur de vos aves et suis"/>
               </TextLine>
               <TextLine ID="region_1638874031631_661l20"
                         BASELINE="2040,1964 2068,1961 2097,1959 2125,1957 2154,1956 2182,1954 2211,1954 2239,1954 2268,1954 2296,1954 2325,1954 2353,1954 2382,1955 2410,1956 2439,1956 2467,1956 2496,1956 2524,1956 2553,1956 2581,1956 2610,1954"
                         HEIGHT="182"
                         WIDTH="602"
                         VPOS="1837"
                         HPOS="2024">
                  <String ID="string_region_1638874031631_661l20"
                          HEIGHT="182"
                          WIDTH="602"
                          VPOS="1837"
                          HPOS="2024"
                          CONTENT="22 april 1716"/>
               </TextLine>
               <TextLine ID="region_1638874031631_661l21"
                         BASELINE="510,2006 566,2004 623,2002 680,2000 736,1998 793,1996 850,1996 906,1994 963,1992 1020,1992 1077,1990 1133,1990 1190,1988 1247,1988 1303,1986 1360,1985 1417,1984 1473,1982 1530,1980 1587,1978 1644,1976"
                         HEIGHT="162"
                         WIDTH="1163"
                         VPOS="1888"
                         HPOS="495">
                  <String ID="string_region_1638874031631_661l21"
                          HEIGHT="162"
                          WIDTH="1163"
                          VPOS="1888"
                          HPOS="495"
                          CONTENT="Bruselle Michiel van Schoor"/>
               </TextLine>
               <TextLine ID="region_1638874031631_661l22"
                         BASELINE="612,2078 723,2078 835,2078 947,2076 1059,2074 1171,2072 1282,2068 1394,2066 1506,2062 1618,2058 1730,2056 1841,2052 1953,2050 2065,2048 2177,2045 2289,2044 2400,2042 2512,2042 2624,2044 2736,2046 2848,2048"
                         HEIGHT="132"
                         WIDTH="2266"
                         VPOS="1976"
                         HPOS="597">
                  <String ID="string_region_1638874031631_661l22"
                          HEIGHT="132"
                          WIDTH="2266"
                          VPOS="1976"
                          HPOS="597"
                          CONTENT="ick verhou dat het packeM15 conform ue ordre voorle"/>
               </TextLine>
               <TextLine ID="region_1638874031631_661l23"
                         BASELINE="614,2162 725,2160 837,2158 949,2156 1060,2154 1172,2152 1284,2150 1395,2148 1507,2144 1619,2142 1731,2140 1842,2138 1954,2134 2066,2132 2177,2130 2289,2128 2401,2126 2512,2124 2624,2124 2736,2122 2848,2122"
                         HEIGHT="118"
                         WIDTH="2264"
                         VPOS="2063"
                         HPOS="599">
                  <String ID="string_region_1638874031631_661l23"
                          HEIGHT="118"
                          WIDTH="2264"
                          VPOS="2063"
                          HPOS="599"
                          CONTENT="den saterdagh p beurtschip afgeschept en ue gecondigaeet"/>
               </TextLine>
               <TextLine ID="region_1638874031631_661l24"
                         BASELINE="630,2240 740,2238 850,2237 961,2236 1071,2234 1182,2232 1292,2230 1402,2228 1513,2228 1623,2226 1734,2224 1844,2224 1954,2222 2065,2222 2175,2222 2286,2222 2396,2222 2506,2224 2617,2226 2727,2228 2838,2230"
                         HEIGHT="93"
                         WIDTH="2236"
                         VPOS="2170"
                         HPOS="616">
                  <String ID="string_region_1638874031631_661l24"
                          HEIGHT="93"
                          WIDTH="2236"
                          VPOS="2170"
                          HPOS="616"
                          CONTENT="ue wel sal sijn geworden ingesloeten de facture wil sal"/>
               </TextLine>
               <TextLine ID="region_1638874031631_661l25"
                         BASELINE="598,2332 709,2332 821,2330 932,2328 1044,2326 1155,2324 1267,2322 1378,2318 1490,2316 1601,2314 1713,2310 1824,2308 1936,2308 2047,2308 2159,2308 2270,2310 2382,2312 2493,2316 2605,2322 2716,2328 2828,2336"
                         HEIGHT="143"
                         WIDTH="2260"
                         VPOS="2230"
                         HPOS="582">
                  <String ID="string_region_1638874031631_661l25"
                          HEIGHT="143"
                          WIDTH="2260"
                          VPOS="2230"
                          HPOS="582"
                          CONTENT="getde ƒ1810 waer voor n gelieft te crediteren soo drans"/>
               </TextLine>
               <TextLine ID="region_1638874031631_661l26"
                         BASELINE="586,2434 698,2432 811,2430 924,2427 1037,2426 1150,2423 1262,2421 1375,2419 1488,2417 1601,2416 1714,2414 1826,2412 1939,2410 2052,2408 2165,2408 2278,2407 2390,2406 2503,2406 2616,2406 2729,2406 2842,2406"
                         HEIGHT="189"
                         WIDTH="2286"
                         VPOS="2311"
                         HPOS="572">
                  <String ID="string_region_1638874031631_661l26"
                          HEIGHT="189"
                          WIDTH="2286"
                          VPOS="2311"
                          HPOS="572"
                          CONTENT="pende ue affairens van th'eogels sal tijdinge becoeme"/>
               </TextLine>
               <TextLine ID="region_1638874031631_661l27"
                         BASELINE="610,2526 721,2524 832,2524 943,2522 1055,2520 1166,2518 1277,2516 1389,2514 1500,2510 1611,2508 1723,2506 1834,2503 1945,2500 2056,2498 2168,2496 2279,2494 2390,2493 2502,2492 2613,2490 2724,2490 2836,2490"
                         HEIGHT="129"
                         WIDTH="2254"
                         VPOS="2417"
                         HPOS="596">
                  <String ID="string_region_1638874031631_661l27"
                          HEIGHT="129"
                          WIDTH="2254"
                          VPOS="2417"
                          HPOS="596"
                          CONTENT="dat as e laeste van de ser weeke sal wesen en sal"/>
               </TextLine>
               <TextLine ID="region_1638874031631_661l28"
                         BASELINE="592,2608 702,2608 813,2608 924,2608 1035,2606 1146,2602 1256,2600 1367,2596 1478,2593 1589,2590 1700,2586 1810,2584 1921,2580 2032,2578 2143,2578 2254,2578 2364,2578 2475,2580 2586,2582 2697,2587 2808,2594"
                         HEIGHT="90"
                         WIDTH="2245"
                         VPOS="2546"
                         HPOS="576">
                  <String ID="string_region_1638874031631_661l28"
                          HEIGHT="90"
                          WIDTH="2245"
                          VPOS="2546"
                          HPOS="576"
                          CONTENT="niet naer laeten ue prompt advie te geven in alles"/>
               </TextLine>
               <TextLine ID="region_1638874031631_661l29"
                         BASELINE="614,2696 724,2696 834,2694 944,2694 1055,2691 1165,2689 1275,2686 1386,2684 1496,2680 1606,2678 1717,2676 1827,2674 1937,2672 2047,2670 2158,2670 2268,2670 2378,2670 2489,2672 2599,2674 2709,2678 2820,2682"
                         HEIGHT="176"
                         WIDTH="2236"
                         VPOS="2593"
                         HPOS="598">
                  <String ID="string_region_1638874031631_661l29"
                          HEIGHT="176"
                          WIDTH="2236"
                          VPOS="2593"
                          HPOS="598"
                          CONTENT="daer capabel ben ue dienst te doen gelieft maer te "/>
               </TextLine>
               <TextLine ID="region_1638874031631_661l30"
                         BASELINE="610,2798 635,2796 661,2793 687,2790 713,2790 739,2788 765,2788 790,2786 816,2786 842,2784 868,2784 894,2782 920,2781 946,2778"
                         HEIGHT="164"
                         WIDTH="372"
                         VPOS="2689"
                         HPOS="590">
                  <String ID="string_region_1638874031631_661l30"
                          HEIGHT="164"
                          WIDTH="372"
                          VPOS="2689"
                          HPOS="590"
                          CONTENT="geouden"/>
               </TextLine>
               <TextLine ID="region_1638874031631_661l31"
                         BASELINE="2120,2804 2145,2803 2170,2802 2195,2802 2221,2802 2246,2802 2271,2802 2296,2802 2322,2800 2347,2800 2372,2800 2397,2800 2423,2800 2448,2800 2473,2800 2498,2800 2524,2800 2549,2800 2574,2800 2600,2800"
                         HEIGHT="180"
                         WIDTH="511"
                         VPOS="2691"
                         HPOS="2104">
                  <String ID="string_region_1638874031631_661l31"
                          HEIGHT="180"
                          WIDTH="511"
                          VPOS="2691"
                          HPOS="2104"
                          CONTENT="22 april 1716"/>
               </TextLine>
               <TextLine ID="region_1638874031631_661l32"
                         BASELINE="554,2890 603,2887 653,2882 702,2880 752,2877 801,2874 851,2872 900,2870 950,2868 999,2865 1049,2863 1098,2862 1148,2860 1197,2859 1247,2858 1296,2856 1346,2854 1395,2854 1445,2852 1494,2850 1544,2848"
                         HEIGHT="166"
                         WIDTH="1021"
                         VPOS="2754"
                         HPOS="537">
                  <String ID="string_region_1638874031631_661l32"
                          HEIGHT="166"
                          WIDTH="1021"
                          VPOS="2754"
                          HPOS="537"
                          CONTENT="Brusselle B: van deflooster"/>
               </TextLine>
               <TextLine ID="region_1638874031631_661l33"
                         BASELINE="650,2944 759,2944 868,2944 977,2942 1086,2940 1195,2938 1304,2934 1413,2932 1522,2928 1631,2924 1740,2921 1849,2918 1958,2916 2067,2914 2176,2914 2285,2914 2394,2916 2503,2920 2612,2924 2721,2930 2830,2938"
                         HEIGHT="165"
                         WIDTH="2211"
                         VPOS="2801"
                         HPOS="634">
                  <String ID="string_region_1638874031631_661l33"
                          HEIGHT="165"
                          WIDTH="2211"
                          VPOS="2801"
                          HPOS="634"
                          CONTENT="de 3 laeckens sende die heden p beurtscheys in een paske geme"/>
               </TextLine>
               <TextLine ID="region_1638874031631_661l34"
                         BASELINE="630,3020 713,3020 796,3018 880,3018 963,3018 1047,3016 1130,3016 1213,3016 1297,3014 1380,3014 1464,3012 1547,3012 1630,3010 1714,3010 1797,3008 1881,3006 1964,3004 2047,3004 2131,3001 2214,2998 2298,2996"
                         HEIGHT="146"
                         WIDTH="1699"
                         VPOS="2926"
                         HPOS="615">
                  <String ID="string_region_1638874031631_661l34"
                          HEIGHT="146"
                          WIDTH="1699"
                          VPOS="2926"
                          HPOS="615"
                          CONTENT="8VC de faiture in gevloeten bedraegen de wisis "/>
               </TextLine>
               <TextLine ID="region_1638874031631_661l35"
                         BASELINE="2558,3016 2585,3016 2612,3016 2640,3018 2667,3021 2695,3023 2722,3025 2749,3026 2777,3027 2804,3028 2832,3026"
                         HEIGHT="128"
                         WIDTH="306"
                         VPOS="2938"
                         HPOS="2542">
                  <String ID="string_region_1638874031631_661l35"
                          HEIGHT="128"
                          WIDTH="306"
                          VPOS="2938"
                          HPOS="2542"
                          CONTENT="waer voor"/>
               </TextLine>
               <TextLine ID="region_1638874031631_661l36"
                         BASELINE="628,3096 738,3094 848,3091 959,3090 1069,3088 1180,3086 1290,3086 1400,3084 1511,3084 1621,3084 1732,3084 1842,3086 1952,3086 2063,3086 2173,3088 2284,3088 2394,3090 2504,3090 2615,3092 2725,3092 2836,3094"
                         HEIGHT="96"
                         WIDTH="2239"
                         VPOS="3042"
                         HPOS="612">
                  <String ID="string_region_1638874031631_661l36"
                          HEIGHT="96"
                          WIDTH="2239"
                          VPOS="3042"
                          HPOS="612"
                          CONTENT="mij geleeft te crediteeren geijce ue sich bevint soo can ue maer "/>
               </TextLine>
               <TextLine ID="region_1638874031631_661l37"
                         BASELINE="622,3170 732,3172 843,3170 954,3170 1064,3170 1175,3170 1286,3168 1396,3168 1507,3166 1618,3166 1729,3164 1839,3164 1950,3164 2061,3164 2171,3164 2282,3166 2393,3166 2503,3168 2614,3170 2725,3174 2836,3178"
                         HEIGHT="102"
                         WIDTH="2241"
                         VPOS="3099"
                         HPOS="609">
                  <String ID="string_region_1638874031631_661l37"
                          HEIGHT="102"
                          WIDTH="2241"
                          VPOS="3099"
                          HPOS="609"
                          CONTENT="weeser koemen het goet moet sijn serven prijsen ende ick en vrae"/>
               </TextLine>
               <TextLine ID="region_1638874031631_661l38"
                         BASELINE="642,3246 750,3246 859,3246 968,3245 1077,3244 1186,3242 1295,3240 1404,3240 1513,3238 1622,3236 1731,3236 1839,3234 1948,3234 2057,3234 2166,3234 2275,3234 2384,3236 2493,3237 2602,3240 2711,3243 2820,3248"
                         HEIGHT="93"
                         WIDTH="2207"
                         VPOS="3203"
                         HPOS="627">
                  <String ID="string_region_1638874031631_661l38"
                          HEIGHT="93"
                          WIDTH="2207"
                          VPOS="3203"
                          HPOS="627"
                          CONTENT="gemaer de preferentie ick hebbe sotiet van avles dat "/>
               </TextLine>
               <TextLine ID="region_1638874031631_661l39"
                         BASELINE="616,3320 726,3323 837,3324 947,3324 1058,3322 1168,3320 1279,3318 1389,3313 1500,3310 1610,3306 1721,3302 1831,3300 1942,3298 2052,3296 2163,3296 2273,3298 2384,3300 2494,3305 2605,3313 2715,3323 2826,3336"
                         HEIGHT="163"
                         WIDTH="2239"
                         VPOS="3245"
                         HPOS="603">
                  <String ID="string_region_1638874031631_661l39"
                          HEIGHT="163"
                          WIDTH="2239"
                          VPOS="3245"
                          HPOS="603"
                          CONTENT="gesien heeft ende ick asseureere als ue met mij gelieft ve"/>
               </TextLine>
               <TextLine ID="region_1638874031631_661l40"
                         BASELINE="638,3424 748,3423 859,3420 969,3418 1080,3414 1190,3410 1301,3404 1411,3401 1522,3396 1632,3392 1743,3388 1853,3384 1964,3382 2074,3380 2185,3380 2295,3382 2406,3385 2516,3390 2627,3396 2737,3406 2848,3416"
                         HEIGHT="144"
                         WIDTH="2240"
                         VPOS="3303"
                         HPOS="622">
                  <String ID="string_region_1638874031631_661l40"
                          HEIGHT="144"
                          WIDTH="2240"
                          VPOS="3303"
                          HPOS="622"
                          CONTENT="handilen dat ickralles sal doen wat oo  coop man im"/>
               </TextLine>
               <TextLine ID="region_1638874031631_661l41"
                         BASELINE="630,3502 740,3500 850,3496 960,3494 1070,3490 1180,3485 1290,3481 1400,3476 1510,3472 1620,3470 1730,3466 1840,3464 1950,3462 2060,3460 2170,3460 2280,3460 2390,3463 2500,3466 2610,3471 2720,3478 2830,3486"
                         HEIGHT="116"
                         WIDTH="2228"
                         VPOS="3399"
                         HPOS="616">
                  <String ID="string_region_1638874031631_661l41"
                          HEIGHT="116"
                          WIDTH="2228"
                          VPOS="3399"
                          HPOS="616"
                          CONTENT="de weerelt sal connen doen daerm in gevalle ue binnen"/>
               </TextLine>
               <TextLine ID="region_1638874031631_661l42"
                         BASELINE="648,3592 756,3586 865,3581 973,3575 1082,3570 1191,3566 1299,3562 1408,3558 1516,3556 1625,3552 1734,3550 1842,3548 1951,3546 2059,3546 2168,3546 2277,3546 2385,3546 2494,3548 2602,3550 2711,3552 2820,3556"
                         HEIGHT="175"
                         WIDTH="2201"
                         VPOS="3466"
                         HPOS="632">
                  <String ID="string_region_1638874031631_661l42"
                          HEIGHT="175"
                          WIDTH="2201"
                          VPOS="3466"
                          HPOS="632"
                          CONTENT="&amp;d staet over te coemen gelieft maer naer te coemen"/>
               </TextLine>
               <TextLine ID="region_1638874031631_661l43"
                         BASELINE="656,3658 764,3652 873,3648 982,3644 1090,3640 1199,3636 1308,3634 1416,3631 1525,3628 1634,3627 1743,3626 1851,3624 1960,3624 2069,3624 2177,3622 2286,3622 2395,3622 2503,3624 2612,3624 2721,3624 2830,3626"
                         HEIGHT="130"
                         WIDTH="2201"
                         VPOS="3554"
                         HPOS="643">
                  <String ID="string_region_1638874031631_661l43"
                          HEIGHT="130"
                          WIDTH="2201"
                          VPOS="3554"
                          HPOS="643"
                          CONTENT="en by mij ue sortiment te nemen ende ue sal in alles "/>
               </TextLine>
               <TextLine ID="region_1638874031631_661l44"
                         BASELINE="644,3748 706,3746 769,3742 832,3739 895,3736 958,3733 1020,3730 1083,3728 1146,3725 1209,3723 1272,3720 1334,3718 1397,3716 1460,3714 1523,3712 1586,3710 1648,3708 1711,3708 1774,3706 1837,3704 1900,3704"
                         HEIGHT="173"
                         WIDTH="1289"
                         VPOS="3633"
                         HPOS="627">
                  <String ID="string_region_1638874031631_661l44"
                          HEIGHT="173"
                          WIDTH="1289"
                          VPOS="3633"
                          HPOS="627"
                          CONTENT="genoogen vinde en soo bliuve "/>
               </TextLine>
            </TextBlock>
            <TextBlock ID="region_1638874036119_664"
                       HEIGHT="3762"
                       WIDTH="2391"
                       VPOS="99"
                       HPOS="2890">
               <Shape>
                  <Polygon POINTS="2890,99 5281,99 5281,3861 2890,3861"/>
               </Shape>
               <TextLine ID="region_1638874036119_664l1"
                         BASELINE="2910,210 2938,207 2966,205 2994,202 3022,201 3051,199 3079,196 3107,196 3135,195 3163,194 3192,194 3220,193 3248,192 3276,192 3304,192 3333,190 3361,190 3389,188 3417,188 3445,186 3474,184"
                         HEIGHT="172"
                         WIDTH="593"
                         VPOS="95"
                         HPOS="2895">
                  <String ID="string_region_1638874036119_664l1"
                          HEIGHT="172"
                          WIDTH="593"
                          VPOS="95"
                          HPOS="2895"
                          CONTENT="Loeven Pujs"/>
               </TextLine>
               <TextLine ID="region_1638874036119_664l2"
                         BASELINE="3952,198 3999,201 4047,204 4095,206 4143,208 4191,209 4238,210 4286,210 4334,210 4382,210 4430,210 4477,210 4525,209 4573,208 4621,208 4669,208 4716,208 4764,208 4812,208 4860,210 4908,210"
                         HEIGHT="158"
                         WIDTH="987"
                         VPOS="103"
                         HPOS="3936">
                  <String ID="string_region_1638874036119_664l2"
                          HEIGHT="158"
                          WIDTH="987"
                          VPOS="103"
                          HPOS="3936"
                          CONTENT="Ady 24 April 1716"/>
               </TextLine>
               <TextLine ID="region_1638874036119_664l3"
                         BASELINE="2940,304 3054,304 3169,304 3283,304 3398,304 3512,304 3627,304 3741,304 3856,306 3970,306 4085,307 4199,308 4314,310 4428,312 4543,314 4657,316 4772,318 4886,322 5001,326 5115,330 5230,334"
                         HEIGHT="199"
                         WIDTH="2321"
                         VPOS="193"
                         HPOS="2924">
                  <String ID="string_region_1638874036119_664l3"
                          HEIGHT="199"
                          WIDTH="2321"
                          VPOS="193"
                          HPOS="2924"
                          CONTENT="in antwoort omne aengenaeme 14 deser salee het swest"/>
               </TextLine>
               <TextLine ID="region_1638874036119_664l4"
                         BASELINE="2932,398 3038,400 3145,402 3252,403 3359,404 3466,404 3573,406 3680,406 3787,406 3894,406 4001,408 4107,408 4214,408 4321,410 4428,410 4535,412 4642,414 4749,416 4856,418 4963,421 5070,424"
                         HEIGHT="150"
                         WIDTH="2166"
                         VPOS="309"
                         HPOS="2918">
                  <String ID="string_region_1638874036119_664l4"
                          HEIGHT="150"
                          WIDTH="2166"
                          VPOS="309"
                          HPOS="2918"
                          CONTENT="laeken tusschen de ƒ12 a p alleen dan afsenden soo"/>
               </TextLine>
               <TextLine ID="region_1638874036119_664l5"
                         BASELINE="2952,498 3058,498 3165,498 3272,500 3379,500 3486,502 3592,504 3699,505 3806,507 3913,509 4020,511 4126,514 4233,514 4340,516 4447,518 4554,518 4660,518 4767,518 4874,518 4981,516 5088,514"
                         HEIGHT="163"
                         WIDTH="2167"
                         VPOS="422"
                         HPOS="2936">
                  <String ID="string_region_1638874036119_664l5"
                          HEIGHT="163"
                          WIDTH="2167"
                          VPOS="422"
                          HPOS="2936"
                          CONTENT="haest het gereet sal wesen waer op ue staet magh"/>
               </TextLine>
               <TextLine ID="region_1638874036119_664l6"
                         BASELINE="2934,606 3038,602 3142,598 3246,598 3350,596 3454,596 3558,598 3662,598 3766,600 3870,602 3975,605 4079,608 4183,610 4287,612 4391,614 4495,614 4599,616 4703,616 4807,614 4911,612 5016,610"
                         HEIGHT="130"
                         WIDTH="2113"
                         VPOS="517"
                         HPOS="2918">
                  <String ID="string_region_1638874036119_664l6"
                          HEIGHT="130"
                          WIDTH="2113"
                          VPOS="517"
                          HPOS="2918"
                          CONTENT="maeken. iets voorders tot ue dienst voorvallende"/>
               </TextLine>
               <TextLine ID="region_1638874036119_664l7"
                         BASELINE="2960,698 3070,700 3180,700 3290,702 3400,702 3511,702 3621,702 3731,702 3841,702 3951,702 4062,702 4172,702 4282,702 4392,702 4502,704 4613,706 4723,708 4833,710 4943,713 5053,717 5164,722"
                         HEIGHT="155"
                         WIDTH="2233"
                         VPOS="627"
                         HPOS="2946">
                  <String ID="string_region_1638874036119_664l7"
                          HEIGHT="155"
                          WIDTH="2233"
                          VPOS="627"
                          HPOS="2946"
                          CONTENT="houte my gerecommandeert want ick sal ue altijdts"/>
               </TextLine>
               <TextLine ID="region_1638874036119_664l8"
                         BASELINE="2958,802 3048,800 3139,798 3229,796 3320,796 3411,796 3501,796 3592,796 3682,796 3773,796 3864,796 3954,796 4045,796 4135,796 4226,796 4317,796 4407,794 4498,793 4588,790 4679,788 4770,784"
                         HEIGHT="159"
                         WIDTH="1842"
                         VPOS="705"
                         HPOS="2943">
                  <String ID="string_region_1638874036119_664l8"
                          HEIGHT="159"
                          WIDTH="1842"
                          VPOS="705"
                          HPOS="2943"
                          CONTENT="wel en goeden coop bedienen die blijve"/>
               </TextLine>
               <TextLine ID="region_1638874036119_664l9"
                         BASELINE="2900,920 2937,916 2975,914 3012,913 3050,912 3087,912 3125,912 3162,912 3200,912 3237,912 3275,914 3312,914 3350,914 3387,914 3425,914 3462,914 3500,912 3537,910 3575,908 3612,904 3650,898"
                         HEIGHT="166"
                         WIDTH="780"
                         VPOS="808"
                         HPOS="2884">
                  <String ID="string_region_1638874036119_664l9"
                          HEIGHT="166"
                          WIDTH="780"
                          VPOS="808"
                          HPOS="2884"
                          CONTENT="mons eA De toust"/>
               </TextLine>
               <TextLine ID="region_1638874036119_664l10"
                         BASELINE="4086,940 4129,938 4172,938 4215,936 4258,936 4302,936 4345,936 4388,936 4431,936 4474,936 4518,936 4561,936 4604,936 4647,936 4690,936 4734,936 4777,936 4820,936 4863,936 4906,936 4950,936"
                         HEIGHT="190"
                         WIDTH="894"
                         VPOS="803"
                         HPOS="4070">
                  <String ID="string_region_1638874036119_664l10"
                          HEIGHT="190"
                          WIDTH="894"
                          VPOS="803"
                          HPOS="4070"
                          CONTENT="Ady 24 d. 176"/>
               </TextLine>
               <TextLine ID="region_1638874036119_664l11"
                         BASELINE="2952,1028 3063,1030 3174,1030 3285,1032 3396,1034 3508,1036 3619,1037 3730,1038 3841,1041 3952,1042 4064,1044 4175,1046 4286,1048 4397,1048 4508,1050 4620,1050 4731,1050 4842,1050 4953,1050 5064,1050 5176,1048"
                         HEIGHT="160"
                         WIDTH="2254"
                         VPOS="937"
                         HPOS="2936">
                  <String ID="string_region_1638874036119_664l11"
                          HEIGHT="160"
                          WIDTH="2254"
                          VPOS="937"
                          HPOS="2936"
                          CONTENT="J'ay receu la vre 25 mars dernier deux de vos petittes "/>
               </TextLine>
               <TextLine ID="region_1638874036119_664l12"
                         BASELINE="2912,1138 3023,1138 3135,1140 3246,1141 3358,1142 3470,1144 3581,1146 3693,1150 3804,1152 3916,1154 4028,1156 4139,1158 4251,1160 4362,1162 4474,1162 4586,1164 4697,1164 4809,1164 4920,1164 5032,1164 5144,1162"
                         HEIGHT="188"
                         WIDTH="2263"
                         VPOS="1044"
                         HPOS="2897">
                  <String ID="string_region_1638874036119_664l12"
                          HEIGHT="188"
                          WIDTH="2263"
                          VPOS="1044"
                          HPOS="2897"
                          CONTENT="leffres sont payee mme de ƒ67:10 pas laquelle ie vous "/>
               </TextLine>
               <TextLine ID="region_1638874036119_664l13"
                         BASELINE="2912,1250 3025,1250 3138,1254 3252,1256 3365,1258 3479,1262 3592,1264 3705,1266 3819,1270 3932,1272 4046,1274 4159,1276 4272,1276 4386,1276 4499,1276 4613,1276 4726,1274 4839,1272 4953,1268 5066,1262 5180,1256"
                         HEIGHT="150"
                         WIDTH="2297"
                         VPOS="1162"
                         HPOS="2897">
                  <String ID="string_region_1638874036119_664l13"
                          HEIGHT="150"
                          WIDTH="2297"
                          VPOS="1162"
                          HPOS="2897"
                          CONTENT="renvoye cy incluse priant d'en de charger mon compte "/>
               </TextLine>
               <TextLine ID="region_1638874036119_664l14"
                         BASELINE="2926,1366 3036,1366 3146,1366 3256,1368 3366,1370 3476,1371 3586,1373 3696,1376 3806,1378 3916,1378 4026,1380 4136,1382 4246,1384 4356,1384 4466,1384 4576,1382 4686,1382 4796,1379 4906,1375 5016,1372 5126,1366"
                         HEIGHT="132"
                         WIDTH="2230"
                         VPOS="1283"
                         HPOS="2911">
                  <String ID="string_region_1638874036119_664l14"
                          HEIGHT="132"
                          WIDTH="2230"
                          VPOS="1283"
                          HPOS="2911"
                          CONTENT="il est estonnant que n'avez vren tire depuis si long"/>
               </TextLine>
               <TextLine ID="region_1638874036119_664l15"
                         BASELINE="2910,1478 3024,1476 3138,1478 3252,1478 3366,1480 3481,1482 3595,1483 3709,1486 3823,1488 3937,1490 4052,1492 4166,1493 4280,1494 4394,1496 4508,1496 4623,1496 4737,1494 4851,1494 4965,1490 5079,1486 5194,1482"
                         HEIGHT="184"
                         WIDTH="2313"
                         VPOS="1382"
                         HPOS="2896">
                  <String ID="string_region_1638874036119_664l15"
                          HEIGHT="184"
                          WIDTH="2313"
                          VPOS="1382"
                          HPOS="2896"
                          CONTENT="temps. ie vous pried entrese nir la connoissence Jay les"/>
               </TextLine>
               <TextLine ID="region_1638874036119_664l16"
                         BASELINE="2926,1606 3039,1602 3153,1598 3266,1594 3380,1592 3493,1592 3607,1592 3720,1592 3834,1594 3947,1596 4061,1598 4174,1600 4288,1602 4401,1604 4515,1606 4628,1606 4742,1606 4855,1606 4969,1606 5082,1603 5196,1600"
                         HEIGHT="194"
                         WIDTH="2301"
                         VPOS="1472"
                         HPOS="2910">
                  <String ID="string_region_1638874036119_664l16"
                          HEIGHT="194"
                          WIDTH="2301"
                          VPOS="1472"
                          HPOS="2910"
                          CONTENT="plus beeux draps de bas prix de toutte couleure que lon"/>
               </TextLine>
               <TextLine ID="region_1638874036119_664l17"
                         BASELINE="2920,1722 3032,1714 3144,1710 3256,1706 3368,1704 3481,1702 3593,1702 3705,1704 3817,1704 3929,1706 4042,1708 4154,1710 4266,1714 4378,1715 4490,1716 4603,1718 4715,1718 4827,1718 4939,1716 5051,1714 5164,1710"
                         HEIGHT="200"
                         WIDTH="2274"
                         VPOS="1594"
                         HPOS="2905">
                  <String ID="string_region_1638874036119_664l17"
                          HEIGHT="200"
                          WIDTH="2274"
                          VPOS="1594"
                          HPOS="2905"
                          CONTENT="puis voir draps d'un escu presentement rougese"/>
               </TextLine>
               <TextLine ID="region_1638874036119_664l18"
                         BASELINE="2936,1832 3046,1826 3157,1822 3268,1820 3379,1818 3490,1818 3600,1818 3711,1820 3822,1822 3933,1826 4044,1828 4154,1831 4265,1834 4376,1836 4487,1838 4598,1839 4708,1840 4819,1838 4930,1836 5041,1834 5152,1828"
                         HEIGHT="169"
                         WIDTH="2246"
                         VPOS="1746"
                         HPOS="2922">
                  <String ID="string_region_1638874036119_664l18"
                          HEIGHT="169"
                          WIDTH="2246"
                          VPOS="1746"
                          HPOS="2922"
                          CONTENT="bleur stanlelles d 3&amp; thouvelles de ƒ43:50 aƒ 66"/>
               </TextLine>
               <TextLine ID="region_1638874036119_664l19"
                         BASELINE="2916,1942 3026,1937 3136,1933 3246,1930 3356,1928 3467,1928 3577,1928 3687,1930 3797,1931 3907,1934 4018,1936 4128,1938 4238,1940 4348,1942 4458,1944 4569,1946 4679,1946 4789,1946 4899,1944 5009,1940 5120,1936"
                         HEIGHT="134"
                         WIDTH="2233"
                         VPOS="1816"
                         HPOS="2902">
                  <String ID="string_region_1638874036119_664l19"
                          HEIGHT="134"
                          WIDTH="2233"
                          VPOS="1816"
                          HPOS="2902"
                          CONTENT="les suporfiemes et autir assortimentt a ladvenant "/>
               </TextLine>
               <TextLine ID="region_1638874036119_664l20"
                         BASELINE="2920,2050 3011,2048 3103,2046 3195,2042 3287,2040 3379,2039 3470,2037 3562,2036 3654,2034 3746,2034 3838,2034 3929,2034 4021,2034 4113,2034 4205,2034 4297,2034 4388,2036 4480,2037 4572,2038 4664,2040 4756,2042"
                         HEIGHT="163"
                         WIDTH="1866"
                         VPOS="1914"
                         HPOS="2904">
                  <String ID="string_region_1638874036119_664l20"
                          HEIGHT="163"
                          WIDTH="1866"
                          VPOS="1914"
                          HPOS="2904"
                          CONTENT="pour vre service ie vous salue es suis "/>
               </TextLine>
               <TextLine ID="region_1638874036119_664l21"
                         BASELINE="4262,2122 4291,2122 4320,2122 4349,2122 4378,2122 4407,2122 4436,2124 4465,2124 4494,2124 4523,2124 4552,2124 4581,2124 4610,2124 4639,2124 4668,2123 4697,2122 4726,2122 4755,2122 4784,2122 4813,2121 4842,2120"
                         HEIGHT="108"
                         WIDTH="610"
                         VPOS="2055"
                         HPOS="4246">
                  <String ID="string_region_1638874036119_664l21"
                          HEIGHT="108"
                          WIDTH="610"
                          VPOS="2055"
                          HPOS="4246"
                          CONTENT="24 april 1716"/>
               </TextLine>
               <TextLine ID="region_1638874036119_664l22"
                         BASELINE="2920,2148 2958,2147 2997,2144 3035,2144 3074,2142 3113,2140 3151,2139 3190,2138 3228,2136 3267,2136 3306,2135 3344,2134 3383,2133 3421,2132 3460,2132 3499,2130 3537,2130 3576,2128 3614,2128 3653,2128 3692,2126"
                         HEIGHT="160"
                         WIDTH="806"
                         VPOS="2045"
                         HPOS="2902">
                  <String ID="string_region_1638874036119_664l22"
                          HEIGHT="160"
                          WIDTH="806"
                          VPOS="2045"
                          HPOS="2902"
                          CONTENT="Gent J:B: Desaedelaer"/>
               </TextLine>
               <TextLine ID="region_1638874036119_664l23"
                         BASELINE="2918,2254 3029,2248 3141,2242 3253,2238 3364,2233 3476,2230 3588,2228 3699,2226 3811,2224 3923,2222 4035,2222 4146,2220 4258,2220 4370,2218 4481,2216 4593,2216 4705,2212 4816,2211 4928,2207 5040,2204 5152,2200"
                         HEIGHT="134"
                         WIDTH="2265"
                         VPOS="2147"
                         HPOS="2902">
                  <String ID="string_region_1638874036119_664l23"
                          HEIGHT="134"
                          WIDTH="2265"
                          VPOS="2147"
                          HPOS="2902"
                          CONTENT="h leonardo de Bie heeft de goetheyt gehadt ue voor mij om"/>
               </TextLine>
               <TextLine ID="region_1638874036119_664l24"
                         BASELINE="2976,2326 3089,2322 3202,2319 3315,2316 3429,2314 3542,2312 3655,2312 3769,2310 3882,2308 3995,2308 4109,2306 4222,2306 4335,2304 4448,2304 4562,2302 4675,2301 4788,2300 4902,2298 5015,2296 5128,2295 5242,2294"
                         HEIGHT="123"
                         WIDTH="2295"
                         VPOS="2251"
                         HPOS="2961">
                  <String ID="string_region_1638874036119_664l24"
                          HEIGHT="123"
                          WIDTH="2295"
                          VPOS="2251"
                          HPOS="2961"
                          CONTENT="occeptatie te senden prief van  £230 op dh de walte a "/>
               </TextLine>
               <TextLine ID="region_1638874036119_664l25"
                         BASELINE="2950,2410 3066,2406 3182,2404 3299,2402 3415,2400 3532,2398 3648,2396 3764,2394 3881,2392 3997,2390 4114,2388 4230,2387 4346,2386 4463,2384 4579,2382 4696,2381 4812,2380 4928,2378 5045,2376 5161,2374 5278,2372"
                         HEIGHT="167"
                         WIDTH="2358"
                         VPOS="2290"
                         HPOS="2934">
                  <String ID="string_region_1638874036119_664l25"
                          HEIGHT="167"
                          WIDTH="2358"
                          VPOS="2290"
                          HPOS="2934"
                          CONTENT="coftij ende hij buyten stadt gaende heeft hede my laeten te "/>
               </TextLine>
               <TextLine ID="region_1638874036119_664l26"
                         BASELINE="2944,2488 3056,2484 3169,2480 3282,2478 3395,2476 3508,2473 3621,2472 3734,2470 3847,2468 3960,2466 4073,2464 4185,2464 4298,2462 4411,2462 4524,2460 4637,2460 4750,2458 4863,2458 4976,2456 5089,2454 5202,2454"
                         HEIGHT="132"
                         WIDTH="2289"
                         VPOS="2376"
                         HPOS="2929">
                  <String ID="string_region_1638874036119_664l26"
                          HEIGHT="132"
                          WIDTH="2289"
                          VPOS="2376"
                          HPOS="2929"
                          CONTENT="van ue dien aengaende edvis te hebben dat h de weette"/>
               </TextLine>
               <TextLine ID="region_1638874036119_664l27"
                         BASELINE="2948,2564 3062,2562 3176,2560 3290,2558 3404,2556 3519,2554 3633,2552 3747,2549 3861,2547 3975,2544 4090,2543 4204,2540 4318,2538 4432,2538 4546,2536 4661,2534 4775,2534 4889,2532 5003,2532 5117,2532 5232,2532"
                         HEIGHT="130"
                         WIDTH="2314"
                         VPOS="2458"
                         HPOS="2932">
                  <String ID="string_region_1638874036119_664l27"
                          HEIGHT="130"
                          WIDTH="2314"
                          VPOS="2458"
                          HPOS="2932"
                          CONTENT="tot heden heeft ue tstel gevraeght ende ue gelage ces dat "/>
               </TextLine>
               <TextLine ID="region_1638874036119_664l28"
                         BASELINE="2942,2640 3056,2640 3170,2640 3285,2640 3399,2638 3514,2636 3628,2634 3742,2632 3857,2630 3971,2628 4086,2626 4200,2622 4314,2620 4429,2618 4543,2616 4658,2614 4772,2612 4886,2612 5001,2610 5115,2610 5230,2610"
                         HEIGHT="132"
                         WIDTH="2318"
                         VPOS="2535"
                         HPOS="2927">
                  <String ID="string_region_1638874036119_664l28"
                          HEIGHT="132"
                          WIDTH="2318"
                          VPOS="2535"
                          HPOS="2927"
                          CONTENT="mij voemt voor coemtt ick benom alle menschen diens tte"/>
               </TextLine>
               <TextLine ID="region_1638874036119_664l29"
                         BASELINE="2912,2742 3025,2739 3139,2735 3253,2732 3366,2729 3480,2726 3594,2723 3707,2720 3821,2718 3935,2716 4049,2714 4162,2714 4276,2712 4390,2710 4503,2710 4617,2710 4731,2708 4844,2708 4958,2708 5072,2708 5186,2710"
                         HEIGHT="140"
                         WIDTH="2303"
                         VPOS="2634"
                         HPOS="2897">
                  <String ID="string_region_1638874036119_664l29"
                          HEIGHT="140"
                          WIDTH="2303"
                          VPOS="2634"
                          HPOS="2897"
                          CONTENT="doen doch sonder mij n schaede de wesscl op hollant"/>
               </TextLine>
               <TextLine ID="region_1638874036119_664l30"
                         BASELINE="2944,2820 3057,2817 3171,2814 3284,2812 3398,2808 3512,2806 3625,2804 3739,2802 3852,2800 3966,2798 4080,2797 4193,2796 4307,2796 4420,2796 4534,2796 4648,2796 4761,2796 4875,2798 4988,2798 5102,2800 5216,2802"
                         HEIGHT="134"
                         WIDTH="2303"
                         VPOS="2722"
                         HPOS="2928">
                  <String ID="string_region_1638874036119_664l30"
                          HEIGHT="134"
                          WIDTH="2303"
                          VPOS="2722"
                          HPOS="2928"
                          CONTENT="gaet present scheedil eker ende dat van post tt post"/>
               </TextLine>
               <TextLine ID="region_1638874036119_664l31"
                         BASELINE="2930,2896 3044,2894 3158,2892 3273,2888 3387,2885 3502,2882 3616,2878 3730,2876 3845,2873 3959,2870 4074,2868 4188,2868 4302,2866 4417,2866 4531,2868 4646,2870 4760,2872 4874,2877 4989,2883 5103,2890 5218,2900"
                         HEIGHT="166"
                         WIDTH="2318"
                         VPOS="2801"
                         HPOS="2916">
                  <String ID="string_region_1638874036119_664l31"
                          HEIGHT="166"
                          WIDTH="2318"
                          VPOS="2801"
                          HPOS="2916"
                          CONTENT="des avantageeuser soo dat ick meri ben van daer bj"/>
               </TextLine>
               <TextLine ID="region_1638874036119_664l32"
                         BASELINE="2948,2986 3058,2982 3169,2978 3279,2974 3390,2970 3501,2966 3611,2963 3722,2960 3832,2956 3943,2954 4054,2952 4164,2950 4275,2948 4385,2948 4496,2948 4607,2950 4717,2951 4828,2953 4938,2956 5049,2960 5160,2966"
                         HEIGHT="178"
                         WIDTH="2243"
                         VPOS="2871"
                         HPOS="2932">
                  <String ID="string_region_1638874036119_664l32"
                          HEIGHT="178"
                          WIDTH="2243"
                          VPOS="2871"
                          HPOS="2932"
                          CONTENT="ops de wissel te verliesen in e valle dj de walle d"/>
               </TextLine>
               <TextLine ID="region_1638874036119_664l33"
                         BASELINE="2960,3074 3073,3071 3187,3068 3300,3063 3414,3058 3527,3054 3641,3049 3754,3046 3868,3041 3981,3038 4095,3034 4208,3031 4322,3029 4435,3028 4549,3026 4662,3028 4776,3028 4889,3031 5003,3035 5116,3040 5230,3046"
                         HEIGHT="146"
                         WIDTH="2298"
                         VPOS="2956"
                         HPOS="2946">
                  <String ID="string_region_1638874036119_664l33"
                          HEIGHT="146"
                          WIDTH="2298"
                          VPOS="2956"
                          HPOS="2946"
                          CONTENT="brief laet keeren ende niet en accepteert daerom hadde "/>
               </TextLine>
               <TextLine ID="region_1638874036119_664l34"
                         BASELINE="2944,3154 3058,3152 3172,3151 3286,3149 3400,3145 3514,3142 3628,3138 3742,3132 3856,3128 3970,3122 4084,3118 4198,3114 4312,3109 4426,3106 4540,3104 4654,3102 4768,3102 4882,3102 4996,3104 5110,3108 5224,3114"
                         HEIGHT="99"
                         WIDTH="2309"
                         VPOS="3070"
                         HPOS="2929">
                  <String ID="string_region_1638874036119_664l34"
                          HEIGHT="99"
                          WIDTH="2309"
                          VPOS="3070"
                          HPOS="2929"
                          CONTENT="het wel geconvenieert ue faute van acceptatie hadde"/>
               </TextLine>
               <TextLine ID="region_1638874036119_664l35"
                         BASELINE="2944,3234 3059,3234 3175,3234 3290,3232 3406,3230 3522,3228 3637,3224 3753,3220 3868,3216 3984,3212 4100,3208 4215,3205 4331,3202 4446,3200 4562,3198 4678,3198 4793,3199 4909,3202 5024,3205 5140,3209 5256,3216"
                         HEIGHT="195"
                         WIDTH="2342"
                         VPOS="3098"
                         HPOS="2928">
                  <String ID="string_region_1638874036119_664l35"
                          HEIGHT="195"
                          WIDTH="2342"
                          VPOS="3098"
                          HPOS="2928"
                          CONTENT="laeten protesteeren ende dan soude ick ul van voorlieden"/>
               </TextLine>
               <TextLine ID="region_1638874036119_664l36"
                         BASELINE="2944,3318 3060,3324 3176,3328 3292,3328 3408,3328 3524,3326 3640,3323 3756,3318 3872,3313 3988,3308 4104,3302 4220,3297 4336,3292 4452,3288 4568,3286 4684,3284 4800,3286 4916,3288 5032,3294 5148,3301 5264,3310"
                         HEIGHT="158"
                         WIDTH="2348"
                         VPOS="3211"
                         HPOS="2930">
                  <String ID="string_region_1638874036119_664l36"
                          HEIGHT="158"
                          WIDTH="2348"
                          VPOS="3211"
                          HPOS="2930"
                          CONTENT="porte ditto protest hebben gonnen op amsterdam afsende"/>
               </TextLine>
               <TextLine ID="region_1638874036119_664l37"
                         BASELINE="2948,3408 3061,3411 3174,3412 3287,3412 3400,3410 3513,3408 3626,3404 3739,3398 3852,3394 3965,3388 4078,3382 4191,3378 4304,3373 4417,3370 4530,3368 4643,3366 4756,3368 4869,3370 4982,3376 5095,3384 5208,3394"
                         HEIGHT="138"
                         WIDTH="2293"
                         VPOS="3293"
                         HPOS="2931">
                  <String ID="string_region_1638874036119_664l37"
                          HEIGHT="138"
                          WIDTH="2293"
                          VPOS="3293"
                          HPOS="2931"
                          CONTENT="van waer ick dit remige hebbe becemen reden ick mij "/>
               </TextLine>
               <TextLine ID="region_1638874036119_664l38"
                         BASELINE="2934,3492 3050,3492 3167,3492 3284,3492 3400,3490 3517,3487 3634,3484 3750,3481 3867,3478 3984,3474 4101,3471 4217,3468 4334,3466 4451,3464 4567,3462 4684,3462 4801,3464 4917,3466 5034,3471 5151,3477 5268,3484"
                         HEIGHT="170"
                         WIDTH="2364"
                         VPOS="3361"
                         HPOS="2918">
                  <String ID="string_region_1638874036119_664l38"
                          HEIGHT="170"
                          WIDTH="2364"
                          VPOS="3361"
                          HPOS="2918"
                          CONTENT="verobligeert vinden ue te versoecken soch niet te dikayeren"/>
               </TextLine>
               <TextLine ID="region_1638874036119_664l39"
                         BASELINE="2952,3582 3067,3584 3183,3582 3298,3582 3414,3580 3530,3577 3645,3574 3761,3571 3876,3568 3992,3564 4108,3561 4223,3558 4339,3556 4454,3554 4570,3552 4686,3552 4801,3552 4917,3554 5032,3558 5148,3562 5264,3568"
                         HEIGHT="128"
                         WIDTH="2341"
                         VPOS="3508"
                         HPOS="2938">
                  <String ID="string_region_1638874036119_664l39"
                          HEIGHT="128"
                          WIDTH="2341"
                          VPOS="3508"
                          HPOS="2938"
                          CONTENT="op dat ick die voor sondagh becoemen het so geprotestert"/>
               </TextLine>
               <TextLine ID="region_1638874036119_664l40"
                         BASELINE="2940,3660 3055,3662 3171,3664 3287,3664 3403,3662 3519,3660 3634,3658 3750,3654 3866,3650 3982,3646 4098,3643 4213,3640 4329,3636 4445,3634 4561,3632 4677,3632 4792,3632 4908,3634 5024,3636 5140,3642 5256,3648"
                         HEIGHT="156"
                         WIDTH="2344"
                         VPOS="3550"
                         HPOS="2926">
                  <String ID="string_region_1638874036119_664l40"
                          HEIGHT="156"
                          WIDTH="2344"
                          VPOS="3550"
                          HPOS="2926"
                          CONTENT="ste ge accep tert op ue laes te messue dato 11 mers laest"/>
               </TextLine>
               <TextLine ID="region_1638874036119_664l41"
                         BASELINE="2964,3742 3077,3742 3190,3742 3303,3740 3416,3740 3529,3738 3642,3736 3755,3734 3868,3730 3981,3728 4095,3726 4208,3724 4321,3721 4434,3720 4547,3718 4660,3716 4773,3716 4886,3714 4999,3716 5112,3716 5226,3718"
                         HEIGHT="142"
                         WIDTH="2291"
                         VPOS="3658"
                         HPOS="2948">
                  <String ID="string_region_1638874036119_664l41"
                          HEIGHT="142"
                          WIDTH="2291"
                          VPOS="3658"
                          HPOS="2948"
                          CONTENT="gegeven mij deere ue te antword en dat het mij ceet is het "/>
               </TextLine>
               <TextLine ID="region_1638874036119_664l42"
                         BASELINE="2956,3836 3070,3838 3185,3838 3299,3836 3414,3834 3528,3832 3643,3828 3757,3824 3872,3820 3986,3816 4101,3812 4215,3807 4330,3804 4444,3802 4559,3800 4673,3800 4788,3800 4902,3802 5017,3805 5131,3812 5246,3818"
                         HEIGHT="133"
                         WIDTH="2321"
                         VPOS="3710"
                         HPOS="2940">
                  <String ID="string_region_1638874036119_664l42"
                          HEIGHT="133"
                          WIDTH="2321"
                          VPOS="3710"
                          HPOS="2940"
                          CONTENT=" de negotie soo slecht gaet men moet patientie hebben "/>
               </TextLine>
            </TextBlock>
         </PrintSpace>
      </Page>
   </Layout>
</alto>
