5259 3983
340 92 2268 180 en cherie comme il vous est comme maiselles devien

309 199 2307 217 dront bien plus cheres comme vous voyerez p la

345 342 2177 176 suitte pour ce que pourries avoir besoing ie

348 446 2261 193 fachetray de vous rendre de ontent qui suis

263 564 2156 298 Mons Bdesmarch Ady 19 xbre 1714

364 685 2188 256 ie vois p lhonneur de la vre du 13 gbre que

415 853 2196 178 vous me remetteress pour la fin doctobre ce que

380 936 2157 197 D.9 m'estredevable puis que i'ait en tant de

368 1051 2228 238 =patience et que ie ne souhaitte jamais donner

349 1168 2088 202 aieu des plaintes a mes chalands ie suis

396 1283 2105 194 content dattendre mais ie vous prie quil

404 1387 2097 202 ny en point de pranque car vous pouvez

399 1511 2103 190 bien croire que nous a vons astez besoing

404 1653 2115 160 de nre argsent et nro negoce et que nous

412 1724 2222 234 avons du mal asse d'en tirer ou nous trouvour

393 1860 2226 217 bon. sil y a quelque chose pour vre service

409 1975 2167 211 de vous prie me commander. ie sacheray

395 2079 2079 233 toutfaurs a vous bien servir et suis

274 2196 2062 277 Mons Ble Bleur Ady 13 ditto

374 2340 2193 300 Je nay receu l'honneur de la vre du 12 du court

442 2495 2062 155 que samedy dernier. le messager virnon

435 2588 2105 176 eso parti a lmprovisi dimanche tellement

394 2726 2162 203 que ie ne peu vous envoyeer la marchandise

416 2820 2179 222 que me demander  a son premier voyage

409 2945 2201 160 1 dont pouvez faire fond quils ny aura point

385 3051 2163 250 de manque. sil y at aultre chose pour vre

393 3193 2095 187 servire vous n'avez pa me commander

426 3270 2087 186 ie vous recommande les ineluses at wort

401 3448 571 152 ie sui

2716 94 2244 196 Hall nicolas van den Berghen Ady 20 sber 1714

2777 265 2254 192 ue van 29 juls en 16 deser hebbe wel ontfangen

2759 417 2071 153 het goet ul geverft en alles sal op ue ordre

2751 484 2175 249 gereet wesen: verwaghte het faveur van

2723 615 2167 208 meirte. ue beminde hier testen Jacques

2760 752 2246 200 de dre heeft mij voor ue reken geeet in dato

2742 895 1928 246 30 Augusih ƒ 118:19 wisselgelde naer

2765 1037 1942 226 minsaeme groetesoe nevent myn

2737 1187 1578 199 huysvrouwe blijve altijdts &

2685 1342 2155 165 Mons A De toust Ady 21 sbre 1714

2785 1481 2174 130 Ensuitte a ma derniere du 14 din courant ie vous

2760 1600 2223 194 envoyce cy ipcluse eschantillions de quatre ballots

2741 1723 2300 134 des draps de toutte sorte des couleures et divers prix

2759 1888 2223 112 sinour n'estions pas si bons etmis ie ne le perois

2766 1888 2279 230 pas car cela me cause trop de preindice oultre

2769 2081 2121 146 que i'ay quantite des draps au magasin il me

2738 2151 2232 207 faudra de faire quatres ballos pour vous livrer

2765 2274 2186 201 vre assortiment ie vous prie d'en faire choix

2784 2391 2112 206 et me les renvoyeer lito possible car ie nay

2724 2520 2286 198 plus d'aultres d'eschantillions in d'aultres ballon

2722 2644 2157 137 t serces a la maison que ces qu'atres et un de

2793 2763 2206 136 couleures touttes brannes scavoir de cette qualite

2741 2869 2118 209 si vous avez besoing de flannelles 3 a larges

2755 3010 2283 140 superfin net bayes ou bayes deventer ie vous prie

2747 3096 2261 172 me commander. pour les eschantillions des

2765 3231 2258 192 draes communs bleux et voures il sera encos

2765 3376 2063 193 byen jours avant que ie vous les pourray

2786 3472 1965 176 envoyeer en attendant o. ie needie
