5479 3943
501 47 2215 181 eeren aen d ordre dh Jacomo Rousseau en

472 197 2237 206 de ue te saemen wenschende het saligh hoogh

466 275 1231 215 tijt van paesschen blijve

1902 422 793 218 17 april 1715

384 431 950 223 Brusselle C zegers

489 567 2204 179 tis mij lief om sien bij ue aengenaeme 14 deser dat

478 672 2207 178 ue mijne laste gesondene i cout d'accor

487 800 2192 218 heeft bevonden de £300 wis op reck die ue

483 909 2206 240 mij ordonnert trecke hede in assignatie

485 1069 2218 182 te betaelen aen d'ordre Dhr Jacomo rousseau

510 1177 2190 230 die dan conform gelieft te verheeren ut

483 1323 2229 234 pack laeckens en hebbe niet doch hebbe een

502 1461 2150 227 pack van  50 stucke witte carseyen be

2038 1589 323 109 alroock

513 1607 2171 226 comen met bayen en voordere sjne en

481 1766 2213 231 mindere als oock gemeyne spaense ende

497 1897 2221 230 geperste laecken van alle prijse becoem

470 2056 2241 213 tot ue dienst ue magh wel geasseureet wese

466 2182 2250 205 dat ick tegen woordigh soo schoene sortiment

443 2306 2247 236 hebbe als ue noch oyt sal gesien hebbe ende

460 2444 2232 178 dat ick niet en trachte als d'eere van ue

490 2574 2213 219 calandisie te mogen onderhoude sijnde na

493 2706 2226 234 reciproquelijck toewenschinge van het aen

482 2886 2178 171 staende hoogheijte van passchen van herte

338 2975 1378 198 Brusselle Jacomo Rousseau

1951 3001 723 182 17 april 1715

509 3135 2149 179 en suitte a l'agreable vre 29 mars jespere q le

493 3212 2186 156 s haegens aura satisfait ma traitte de ƒ300

504 3320 2163 225 de change je vs en remette autre si incluse sier

502 3442 2175 208 sur mons B Zegers de ƒ 300 de change vs

482 3551 2201 190 priant d'en procurer le payement et me

468 3654 2236 157 crediter le ditte  me marque q l'argent est

2793 141 2318 158 prest je vs souhaitte les bonne festes de pac

2788 178 635 188 ques et suis

2749 292 1366 160 Brusselle Michiel van Schoor

4353 325 687 175 17 april 1715

2811 426 2262 217 op sijnen tijde hebbe ue aengenaeme 17 Janury

2815 553 2234 201 laest wel ontfange met ue acceptatie daer by

2818 687 2215 186 vermelt voor de goederen ue gelevert sedert

2801 801 2244 191 hebbe het geluck al verwacht van ue eens

2816 928 2278 227 hier te sien toch tot mijn verwonderinge

2828 1042 2207 165 niet becoeme met dit voor jarver

2818 1163 2288 189 trouwe al iet tot ue dienst sal voor val

2813 1289 2271 231 tot dien eynde come ue adviseeren dat

2842 1399 2262 245 un partije versche ende schoone moede

2860 1535 2267 252 couleure spaense ende geperst hebbe ont

2848 1672 2200 230 fange al oock andere goederen naer

2861 1785 2254 202 advenant heeft ue ick noodigh bede my

2851 1923 2237 209 deere aen te doen van eens te coemen

2862 2062 2245 203 besoecken en ick sal wel maecken dat

2851 2186 2224 268 mij te saemeen wel sullen accorderen

2836 2323 2216 178 want ick en wensche niet als onse be

2839 2459 2276 241 gonnen kennisse te moogen onderhoude

2811 2575 2302 180 ende vermeederen ende naer wenschingg

2834 2695 2267 254 van het saligh hoogheyt van paesschen

2813 2875 545 218 soo blijve

2778 3004 2304 205 Brusselle Nicolaes vande Borgh  april 1715

2820 3116 2318 203 alhoewel wy te saemen niets en hebbe connene

2822 3248 2209 121 doen doen ue laest hier over was ende dat ue

2817 3340 2292 175 my seyde naer paesschen noch eens te sulle e

2818 3436 2298 188 coemen soo neme de libertijt ue te adviserre dat

4547 3541 379 102 Ilaen

2828 3552 2269 204 de spaensche ende oock de geperste met pa

2833 3711 2181 158 tye carsyen en bayen daer ue de staelen
