5423 3972
422 99 2112 145 lcaurois faire mon argent ie vous remette cy

427 236 2149 157 inclusse  £140:8:6 ceiourd huy 2 issences

440 325 2250 172 a charge Edward frouwd in london dont il

440 429 2230 173 vous plaire proocurer de necessaire et me

412 551 1217 205 Ccndirer qui suis

409 630 2185 225 Lier Jan de Sinder Ady 23 mars 1715

448 789 2208 220 Ick hadde verkoopt het gelyck te hebben van

458 884 2181 188 ue Beminde dese weeke hier te sien om haer

450 997 2247 154 het facuerien vant geleverde laeken dat dincke

438 1080 2091 207 ue wel is geworden te behandighen sijnde

477 1216 2224 166 1s paensch N286 a 28 a 30 ¼ a ƒ 3:15 ƒ 139:13½

446 1308 2263 178 wisselgelde. voor het gene voorders tot ue dienste

458 1421 2249 171 magh voorvallen can ue geasseureert wesen

455 1532 2153 194 dat ue nergens schoonder soatiment en sal

485 1626 2030 201 vinden gelijck ue beminde uyt mijne

452 1736 2258 176 etaelen gesien heeft en oock dat ue niemandt

494 1829 2212 188 beeter en sae bedienen sijnde van herten

2054 1936 599 144 25 meert 1705

404 1943 1365 190 Amsterdam Francois Rousseau

488 2026 2218 209 ue 12 aengenaeme 15 en 21 court hebbe wel ontfange

470 2139 2230 184 laesten de remeses als van den selve dato 2 uros op dhh

465 2246 2242 175 fm: meiller £250 aƒ 5 p £236:11:3 die geaccepteert

486 2323 2213 230 heeft van dondere van 18 dato £500 aƒ 5 pt £ 475

482 2435 2221 227 op louis holle sal d'acceptatie pmoeureeren tebbende

515 2553 2186 245 present geen occasie adroiteur te schrijven dh mule

514 2651 2202 227 daer ue naer vraeght is mn vrint en mij seer wel

508 2763 2152 250 bekent hijer een seer eerelijck en deughraem man

503 2857 2212 281 groot fond en is bij hem niet dit tot ue naeright hedt

492 2968 2215 237 heijlerte dagh sijnde ende voorleden saterdagh een ge

483 3086 2213 255 broecke post en hebbe niets connen aentreffen om ue

507 3204 2186 216 remittteeren te meer geene corte brieven ick en

477 3337 2231 236 offeerden en op eenige daege dato niets als tot 4

494 3425 2203 245 te becoemen waeren soo dat geraetsaem hebbe geoon

511 3532 2201 253 tot donderdagh aen te sich ick bidde ue als ue goe

507 3660 2203 210 occasie voore oemt die waer te nemen ende daer

2774 89 2346 166 tegens maer secht pr casse te trecken andere vrain de

2805 194 2219 165 doen dat somwijlen advant agieeser als men hier

2809 320 2243 160 comt af te geven aengaende het werck op brugge

2820 425 2302 149 daer ick ue de dato 4 deser van hebbe geschoeven

2822 570 2234 150 en dunckt mij niet raetsaen dat ue sich stercke

2812 648 2296 251 soude engageeren nieft dat ick sedert het menste

2808 798 2260 203 iets naerdeeligh hebbe vernomen maer om dat

2794 918 2300 214 het betrecken wat see sterck is onde de tijden wij

2818 1042 2291 240 nigh negotie hier te lenden verlienen niet en

2820 1157 2287 225 een penetreeren waer sulkx eenen wilt gaet

2816 1284 2308 259 fonden festineeren ick mede niet by die peo

2831 1418 2263 206 te wesen doch ick recommandeere ue eens voor

2828 1547 2278 240 al mijne adachters en spiccilatier mogen secrer

2828 1688 2288 220 blijven anders en soude in consientie soo te beniet

2750 1802 2364 232 vermoogen te schrijven want het crediet prixcipae

2778 1935 2327 224 aen persoonen die sonder dat niets nen een

2787 2062 2302 174 teere materie is het is een wandere saecke van de

2789 2193 2322 212 wissel op vrancker ick soo de dimiennetie voorts

2806 2310 2310 219 saen ende geen alteratie voorvalt soude brieven

2808 2415 2235 245 in schij nie ofte geven schoone reck connenren

2807 2550 2269 229 deeren ick en hebbe mij noyt derrewaerts deve

2776 2669 2232 232 in weckelen uytgenomen die sijn alle wissels

2791 2791 2309 226 soo hoogh en blijven stanthouden als met bijmen

2773 2914 2328 252 schen gedencken gesien heeft ende sijn oorsaecke datter

2775 3053 2345 231 in coopman schanen  weynigh te employeerene

4278 3176 93 61 2

2797 3171 2033 163 valt ben van herte londen os  37:4

4183 3289 776 163 25 mee 1715

2766 3311 1092 182 Rotterdam ionys verbeugh

2813 3394 2208 153 conform de messeve 15 court door h van meel ue

4274 3509 135 71 het

2796 3506 2296 198 schoon soon hebbe het pack p pueter willems wel ont

2762 3619 2305 198 fange van N2 af gelaeden in sendert van den hooe

2786 3744 2311 151 soo als ue dato 19 deser mij adviserten hebbe nae
