5401 3972
380 89 2288 213 Rotterdam Dongs verburgh Ady 21 februaris 1711

377 161 2270 189 datis nu oeterom als 20 daeghen dat ue geeerde van 8

403 287 2224 201 dessr ontfinge sonder voorders van mijne droevighe

419 413 2246 156 affairensiets te verneemen de attestatie dat men van

387 445 2312 243 sn memorabele tijden: goede maete ten incoop in Englend

387 593 2290 175 heeft en genadr heeft ja dichmaels naer de uyt sekennge

406 677 2244 188 dier geerden noch over maere sal ue van alle engelsche

439 784 2105 168 wolle handelaers in holandt becoemen en oock in

422 876 2238 183 Engelandt die ue sal besorghen nevens van onse coop

362 1005 2297 152 lheden alhier alst daer maer op aen en coemt ende

390 1071 2286 162 soo veer gevoordert is maer ick sien de saeke in den

425 1189 2260 145 selfden staet gelijck als den eerstendagh ende dat het

423 1275 2279 136 voor mij te duchten is dat men mijn goet wilt saertieen

433 1346 2275 151 om de formaliteydt tusschen de t wee compmesen

432 1454 2252 177 generaels daer ue van meldt vermits men soo verre

409 1547 2253 151 coemt dat mende reden geen plaetsche geeftende de

413 1615 2296 222 goederen niet en wilt laeten beneticeeren ende volghen

422 1723 2286 148 onder borgh soght oft consignatie der penningen set

414 1832 2250 159 ist emijschien omdatte het op de weerde vant aengeven

420 1901 2288 168 van sƒ1200:- fteekent men sal hun volle ƒ1500:- consiqueed

412 1980 2296 170 ende dat maer om t e appstael te salveeren want voorder

423 2092 2141 162 coemende ende de saeke in mijn tavin eijndighende

441 2174 2264 186 wat soude mj dat baeten als de goederen souden gemeett

431 2269 2258 148 en bedorven wesen wat profijdt hebben die mets sas

445 2378 2235 158 met de saeken sley pen te honden ende die goederen sien

440 2467 2244 170 te bederven tot schaede van inner even mensch die hijn

455 2538 2246 178 hun leven niet eenstrove in hunnen wegh geleydt heef

423 2644 2253 159 dat het containten waeren ende dats daer mede costen

403 2748 2276 173 speelen pinterim dat soude een andere affaire de wesen

418 2828 2245 161 maer hier in en is voor in niet een dtydt wane

403 2914 2191 186 de twee baelts oft  s meeten ten eynden uijt

415 3003 2267 175 en opt aldernauwsse a  566  op de Engelsche

419 3136 2186 139 maete ende gelyck die alleen dujdelijck betaelt wesen

411 3196 2255 232 g. 0 21 ½ a 324. ick hebbe aengegeven op 18 p. rder

397 3314 2301 189 volgens de ordannantie en gebruyck a 6 8 maeck

450 3435 2264 154 aen cost s £91: 18d ander £99:2 de sijn aengegeven

441 3524 2161 165 £1200:-- dat scvaen ue conduite hebbe gelaeten

421 3575 2277 158 raern can ick beschuldight worden gespandeert te hebben

443 3705 2182 137 het waer a goet den staet hergens min als in dese

2762 127 2096 126 a ffaire gefrandeert wirde viss met droevigh soo

2765 190 2274 169 getraeteert te worden en droe vigher dat men heden

2788 296 2216 163 daeghs geen middel meer en heeft om gehoort oft

2787 395 2243 195 gehelpen te connen wordent den raedt van dite

2771 498 2322 191 affaire kennisse hebbende diende expeditiet verleenen

2743 614 2380 184 met is wel waer het voor ue d sackeus is maer noch

2771 724 2076 188 facheuser voor mij en soo lanck dit traineers

2770 837 2166 138 veroorsaeckt het meer en meer moegelijck heden

2747 939 2188 176 daerom helpt my maer daer yt op deen oft

2747 1029 2370 181 dandere maniere het en can nmet te comp quieng

2757 1139 2286 178 wesen want daer en is geen materie en boven

2782 1242 2089 148 een ps op 45dk geen excressenrie p 24

2777 1364 2299 186 wwilinte het benaederen sij en hebben maer de

2765 1479 2113 144 weerde met de angmesta te betallen

2784 1565 2234 201 oft te caccordeeren want den tijdt loopt te veer

2760 1667 2184 133 eenis buyten alle forme van recht groete ue

2763 1773 1057 170 vindelygh en blijve

2771 1863 2182 233 Brussel  RusselsAdy 2 meerj 1815

2753 1982 2346 182 ick verhoepe ue welvaerenen getontheydt als oock van

2758 2091 2371 151 Merg ue Beinde het schijnt dat het spreck voors

2765 2228 2293 153 waer is uyt de ooghen uyt der hertenen hebbe in

2772 2332 2333 115 lange d'eere niet gehadt ue te sien en noch langer tge

2775 2425 2355 133 aen ue te conmen vercoopen. ick hebbe al gedaght dat

2767 2519 2249 139 door den tijdt in ue goede gratie soude geraeckt hebben

2750 2617 2105 120 maer ue schijnt mij gants te willen vergeeten

2752 2725 2361 142 de reden en aen ick niet bevroegen ick moete patnennie

2766 2813 2328 137 hebben ende ue verseekeren dat altjdts senden ue

2771 2951 2288 100 te dienen alst ue sal goet vinden de negoseis

2768 3037 2317 103 slecht het is waer achter soo lanck als de menschen

2759 3090 2219 130 naecht ter weereldt coeen oeten die geeleedt

2770 3209 2238 120 worden soo dat het de walle manfacu negotie

2756 3328 2286 150 het soo lanck sal uythouden alter men ichen wisen

2792 3428 2245 112 ende daerin moogen wij onse couragie nem

2779 3518 2336 116 ende vertrouwen als den peys ent vast sal wesen

2759 3596 2313 130 dat wij de oyde florisantie sullen sien herleven

2748 3726 2084 138 mijddeller wijl het voorsaisoen is aenstaende
