5509 3934
616 64 1987 157 tot blouw nevens de twee bayen tot couleur soo

558 186 2258 129 haest die gereet wesen sal ue die met  drapdedamme

586 311 2188 101 toesenden. en als mijn carsey en gearriveert sullen

549 400 1987 137 wesen sal dan oockscouleure doen verven

554 484 2074 139 ingesloeten het staeltien daer ue naer vraeght

551 586 2173 145 in alle doccasien gelieft liber te commandeeren

825 681 162 104 11

492 683 2202 201 Amsterd franc. Rousseau Ady 9 Julii 1716

611 809 2176 192 naer ue geschreven te hebben 6 deser becoeme ick iu

598 929 2112 175 aengenaeme van sefden dato op het geadvanceerde

608 1025 2141 148 sal mij eens veraeden en p naesten myne resolutie

601 1138 1920 146 schrijven middellerwiste soo blijve

2066 1268 509 145 10 July 1716

540 1266 798 176 Brusselle h. Rpsels

582 1343 2209 142 soo als ue laesten hier sijnde versocht hebbe nime devrgheytheden

570 1445 2135 118 op ue te trecken ƒ300 wis: op reck op 8 dage sicht aen d'ordre D

588 1516 2258 137 Jacomo jouss cau die gelieft te verkeeren icl en can niet bedencken waertn

588 1597 2222 146 dat ue mij den penninck soo wel als aen een ander niet en sort sckversi

565 1731 2223 104 seere ue dat ge op een ander niet beter coop als bij mij en sult coopen ende dat

558 1774 2243 145 Ick oock al soecke de negotie te onderhouden, oft het godt een beliefde dat het

564 1873 2210 91 eens moghte beteeren ic recommandeere mij valter iets voor tegens het naer

547 1969 2182 104 gaer ende ick sal ue wel en naer ue contentement trachte bedienen die

548 2028 1014 142 blijve van herten in alle occasien

1888 2111 481 155 10 Jullet 1715

515 2136 771 156 Brusselle D: Rousseau

525 2278 2280 110 jay receu en son temps lhonneur de la vre 19 juin je vs remitte ce incluse

561 2341 2103 112 2 de mes traittes en vres faveur a 8 jours de veu sur le s Beckmans et

535 2390 2246 125 Rijssels de 300 chacque ensemble ƒ500 de change vs priant tres humblement

569 2492 2243 117 den vouloin faire procerer acceptation et en suitte le payement me crediter

540 2561 966 141 et croire que ie suis pasfaitement

526 2653 967 160 tournage  Stevenars

1786 2654 662 173 Adj 10 d

530 2788 2267 134 je nay pas fait responce a la vre 16 suin derner pour

538 2886 2232 176 vre acceptation sa bon compte de ƒ 300- que m'avez

551 2973 2275 163 envoyée p la surditte il vous faudra perdre  pour ces

558 3084 2190 173 au contraire vous gagnerez en me remettant la

576 3193 2088 152 valeur sur le change ce pour quoy ie trouve bon

565 3308 2166 138 vous prier a me remettre la valeur et ie vous

575 3358 2168 205 remtogeray en eschange vre acceptation ce que

553 3490 1969 193 ie suis attendant en responce de cette

4310 83 524 130 11 Jullet 1716

2894 70 796 153 flisax thomos martin

2913 168 2310 180 seme refere ama derniere du primiere du court gerge halle s¼

2915 298 2327 108 aive a ostende et join froster a Rotterdam ce suisste pris que le

2914 352 2328 142 ballot de bayes N8 n'est pas danst un ne l'autre de vaisseau

3873 452 49 50 N

2907 441 2325 144 ou i'en suis si pressez et q'ave escrept q mr John Colingsduill

2915 529 2299 117 n'aurois pas manque a le me donne peude courage caru

2890 591 2316 178 j avois eeu les bayes p cette occasion ie les aurois debite et

2910 689 2340 161 peut estre vs en ordonne d'avantage asseur jacela vre

3034 796 2179 120 de passe aoec factured'un ballot N9 de 5t de caridies

2883 832 116 140 9d

2915 849 2322 174 30 Josuaoyf seilden et 20 N4 5 la marque de AK nest pas

4975 946 74 60 adij

2885 953 2334 158 d bonne qualite que josux fayl den et ie ne vray pas donne

2903 1024 2337 177 cette ordre ne manquez pas d'escrire a vre a mis sticelle afin

2914 1119 2337 203 quil eu soing d'espedier ces 2 ballots a cu  plus tot poose

2899 1250 2344 148 ble soyes bienas seure que r cson e m el betson auront

2896 1305 2221 193 connoissince de nre comspondence je suis en attendant

4326 1401 557 157 d1 Jullet 1716

2900 1450 549 151 eedsW: Corlison

3556 1461 309 129 41t

2893 1470 2361 216 Jay receu les 2 vres 19 25 du posse john forster est bien arrive

2906 1583 2299 197 grace au faigneur a rotterdam avec le b allot & N21 come le

2903 1692 2311 121 change est encorenne fois baisse es quelion tire de lon

2897 1735 2359 165 dres ji advant agieuse il n'est pas nescessaire que je vs remett

2891 1826 2303 184 et que vs attendue 2 mois apres vre argent ce pr quoy faittes tirer

2883 1900 2334 235 130  je dit £130 a veu ourveu pr caisse et point autrement

2884 2024 2302 184 ils y en a quils mont dit d'estre tire   :7 vs le fer

2900 2096 2347 166 dont plus advantagieusement a veu pr caesse je vois o procure

2893 2179 2342 168 raz les bayes vs ordonné tachez d'avoir de la belly marchandis

2884 2273 2334 183 t. tout a qui il y a de belle et biau il me laisse parter

2899 2351 2267 204 en un ballot les fraise sont trop grand eccasse il faut

2895 2483 2296 203 rop de farduliere pren faire 2 ballot je youhaitte assy

2883 2546 2325 179 encor  pr dossen tous de f lacouleure

2886 2616 2325 208 mush et point d'autre couleure en suitte l'eschantillion

2883 2709 2307 257 icy inluse conforme le  ballst  N9 de  3:6 a 14

2887 2790 2359 226 n'excedant pas vs le pactere en 2 a l'ordinaire tache

2892 2899 2356 232 d'avoir soiny pr de bon draps b'ien large et bien oppreste

2908 2987 2259 195 tme les envoye bien tot jay asse de raison de me

2885 3041 2350 244 plaindre et vs p me recompenge entre dant je medit

4335 3189 360 142 11 gulle

2896 3229 780 131 Mons Anthone d'houss

2898 3279 2323 148 je meretere a ma derniere 6 du court sespere que fereez j

2883 3338 2357 167 e que je vs ay dit carfincerement le drap et son  t beau pr son

2885 3450 2359 125 prex apaise vs et voycez ce quilen ay et ji ne le pouvez vendre

4830 3559 59 64 £

2882 3493 2355 149 e le reprendrez tous jours je jeay en mon ame que je vs ay bien serve

2883 3572 2335 141 sure la vre du 5 du court je vs ay envoye au joirrd uy pr ballas

2893 3637 2357 132 le drop de damme quil estoit presst et pas que dans un petit

2884 3707 2363 134 pacque marque  jespen quil vs parvundra bien et que jen au

4608 3775 624 76 c die loccange
