5299 3972
394 94 2169 204 vous me dirier avoir grande raison en fin celu

397 251 2162 155 est passe. tachez me le remedier pour l'asvenur

390 354 2162 215 et tousjours prendre esquard a l'apprest. ie

407 491 2182 211 vous remette cy incluse  £1751:- du 4 dece

375 635 2144 167 mois Vusences sur theodorjanssen a Londres

381 778 1115 193 ie suis en attende ne

301 873 2317 245 Mons la femme eA De fourt Ady 6 xbre 1717

424 1048 2136 207 fay l' honneur de deux cheres vostres du 27 du

368 1134 2084 246 spatse et 4 du court vous pouvez bien estre

404 1264 2155 221 asseure que ie ne vous demande pas d'avantage

389 1411 2195 222 que ieme les vende regulierement mesme

368 1514 2192 191 iey aux marchands de nre ville quils ont le

356 1653 2241 207 loisir d'aller de magasin en magasin oultre

377 1755 2166 266 que pour parsonne ie e ouvrerois point un

401 1859 2143 203 affertiment de 48 p en quatre fallots pour

396 1992 2065 221 dPr. si on me voudroit donner m. 3p d

403 2141 2162 168 d'avantage en fin iy passe oultre det ie vous

415 2251 2191 231 les envoye leiourd huy au rom de Dieu 1p las

390 2356 2222 182 barque marchande pour Bruxelles a laddres

424 2490 2167 205 dhenry de Pauw a la taiste d'or au marche

413 2634 2195 168 au grain dans un ballot marque 415 en suitte

422 2757 2162 200 a vre ordre le ballot sera pr la grace de Dieu

378 2887 2244 163 mardy prochain il vous plaira mettre ordre

381 3001 2236 212 et pailer a quely chartier quil sy va prendre

405 3123 2165 186 sar le s: de Pauw a peu du soing pour ce la

364 3247 2180 237 pour les bayes vouges et jausne vous me divez

353 3380 2119 151 marquer de quel pord et calite que vous les

369 3498 2111 210 souhaitter a cela vous avez manque. il vous

353 3618 2267 213 plaira faire rendre les incluses e ½ port et me

424 3718 1904 164 remettre les ƒ600:- estant dey ixur

2803 85 1417 134 Le ballot AE contienne

2771 105 2268 268 7 p des draps. 2 flannelles de 36 sarges 2 caries

2766 294 2256 231 blanches 2 bleuet grouge eti superfinne baye

2786 418 2236 187 b lanche 15p ensemble p prochainne voos

2742 549 2228 240 en aurez la facture. si vous lounaittes des bayes

2739 681 2128 223 deventer j'en ay aussy a vre service ie suis

2654 824 2281 203 Mons Jan Bapte le LeurAady 6 xbre 1714

2735 988 2257 165 en responce a l'honneur de la vre du 19 du passe

2753 1104 2228 214 ie vous ay envoyée le 27d. pr. moblager vignou

2745 1214 2178 216 la marchandise que m'ave   ordonnée dans

2750 1355 2200 206 nne rolle marque LBL:B. i'espere quelle vous

2759 1514 2226 184 st bien parveniue en son temps au pied de

2689 1587 2173 229 la lettrre vous en avez fachure portante de

2757 1729 2226 184 change ƒ163:- pour quelle somme il vous plaira

2744 1823 2086 223 me crediter et commander en tout ce quil

2726 1972 2235 227 sioffre pour vre service soyez assentre que les

2748 2066 2154 221 manufactures de viendront pluscheres

2787 2197 2138 246 i'eesfere que vous avez rendue l'imluse a

2758 2340 2072 210 mons Jalopin que ie vous ay envoyee la

2776 2466 2080 211 derniere fois ie ie seay ce quil veu dire

2764 2593 2200 223 que ie n'ay point de responce ayez la bonte

2764 2741 2002 192 1 le luy drie de moepart te messager

2800 2835 2214 208 vignon m a compte les ƒ130: de change comme

2799 2951 2082 186 vous aurez veu p. ma quittence que ie

2712 3102 2139 191 luy en ay donne mais mons. vous devez

2769 3212 2291 166 de avoir que les aultres marchands me remettent

2745 3345 2004 144 tousjours et que nous ne sommes pas

2745 3445 2194 210 obligee a payeer le port ie vous saluver

2759 3583 513 187 sur
