5259 3975
408 92 2009 187 Tournage Aduhu Ady 21 sbre 1712

381 220 2193 216 Jespere le bon retour de mad. vre compayne

377 341 2235 192 ay comp. de mons: vre fils et que jouvtrez danne

369 481 2247 234 parfaitte samse aussij que le ballot de marchan

345 608 2263 191 dises quelle m'at cecheptee vous soit bien parienie

400 733 2131 232 pour le present car ien ayt eu soing dessez et

396 855 2044 196 P'assea brecommande au S Jean francois

384 974 1991 207 Wildeg de Gand apres quil estoit pari ou

407 1091 2160 238 embarque les Jvan de sande me vint dire de

433 1214 1972 216 la part de madmois vre esponze pour

369 1359 2144 231 prend ie un pasport a dvoinis sur fournage

413 1475 2144 165 il vous fault scavoir que cela nese peu pas

411 1583 2191 206 cela est bon pour les manu factures du pays

401 1721 2128 211 lesquelles voust transito et ne payent vrien

407 1855 2068 146 comme il vous vende ces manufactures

394 1970 2178 170 mais les manu factures d'Angleterre som

410 2079 2123 208 obligees a payéer le tholl ou elles pastent

393 2198 2142 248 que ie vtous ay consiellee de les mettre sirs

404 2316 2210 221 le Battean c'est pour vous faire es parque

407 2436 2188 237 les fraix car pour nous il nous est stont u

470 2578 1989 220 jespere que serez tres content de la

415 2710 2156 177 marchandise que i'ayt eu lhonneur de

425 2840 2100 209 vendre a mad. vre espouze car c'est

428 2930 2153 240 tout ce quil yoat avoir de beau incluse

391 3089 2217 151 la facture portante en argent de change

373 3188 2170 246 ƒ 1627:3½ pour quelle somme il vous

397 3355 2208 262 plaira me credirer et commander pour

424 3456 2186 199 tout ce quil le puis offrir pour ve service

434 3595 2134 222 escrivez moy seulement ett ie vous aerviray

426 3732 1904 141 si bien comme si serves icy present

2677 87 2292 196 it vous manque p le temps des draps noirs

2711 198 2252 233 on bleux. ie ne vous ay jamais mal servi

2714 335 2241 227 etie ne feray pas encor faittez sond la

2743 479 2147 166 dat sus et que ie suis de tout mon ceur

2673 597 2128 201 Leeds William Cookson Ady 22 sber 1714

2767 721 2130 212 vous aurez veu p. ma derniere 13 du courant vrre

2726 859 2207 195 hollande le suiectendi ay si lony temps tarde a

2746 962 2187 162 vous envoyeer les t £200:- estant la mala die

2732 1087 2278 160 de ma femme laquelle commence presentement

2736 1192 2095 169 a se remettre grace au legneur. vous avez icy

2740 1291 2072 146 incluse la seconde lettre de la ditte remise

2718 1355 2283 238 £200 du 13 sbre 2usences sur messss scawen

2752 1537 2116 128 et stockdale a Londres asteur iiay receu les

3658 1620 602 95 25 detoust

2733 1619 2211 171 deux cheres vostres 5 zbre et 8 ditto p la

2744 1706 2159 249 premiere le connossement du ballot N4

2726 1829 2041 238 charge dans le vaisseau de thomat £aud

2739 1955 2182 170 Dien le conduise et donne quil arve bien toss

2745 2091 2212 150 i'espere que ne chargere mon plus en luz que

2766 2138 2208 190 le ballot car ie n'aime pass de courir tant de

2770 2267 2202 186 risque principalementten cette caison laquelle

2766 2372 2134 194 laus beaucoup de tempestes p. vre seconde

2769 2483 2218 210 vous m'envoyez eschantillions et lacture du ballet

2736 2591 2194 205 N5 sesquels ne plaisent beaulourp mieun que

2786 2700 2261 232 ceux de N4: j'aspere que prendrez mieux es and

2793 2805 2229 244 pour le dernier restant car comme ie vous ay dit

2762 2914 2230 211 les couleures du premier N4 sont touttes presque

2796 3035 2238 176 contraires a mon ordre. ou Resgnard de l'apprest

2803 3164 1989 151 ou pretage quant ce la manqhe il nous estt

2786 3227 2263 193 impossible les vendre et sil y a deux ou troit prescs

2808 3346 2105 189 oy cela arrive elles nous restent sur les bras

2773 3457 2072 235 pr Consequence c 'est a cela quil vous lault

2794 3561 2179 210 appliuer. il est vray que c'est me misere

2810 3730 2174 141 e considerer quel porst que le hault change
