5401 3972
462 82 2204 155 wesen ende dat ue mij by het beginnen van de

426 182 2242 135 aenstaende maende de rekeninge staet te senden

412 291 2281 138 die met plaisir verwaghte hoeveerder hoe lieven

448 366 2256 152 alsoo wat besigh ben in mij ne boecken ende nu den

432 481 2262 146 tijdt hebbe om die met eenen naer te sien ende te

426 551 2270 155 connen sluyten: de ƒ400: - wisselgelde trecke hed en

442 657 2158 146 in ue op 3 a½ d sicht aen d'ordre Deschacob

423 769 2284 156 Bant te betaelen die conforn dan gelieft te verheeren

448 866 2051 168 het is mij lief ue nu taemelijck hersteltis ick

420 967 2184 138 verhoepe dat ue sijnen voorighen staet met het

443 1063 2195 159 aen staende voorsaer sal recspereeren. het gaet

439 1164 2191 172 hier met allen negotie soo slien en slecht als het

447 1269 2196 141 a costy can wesen sa geloove noch erger ende de

441 1353 2239 151 lliinste van allen in de wolle negotie en hoe can

439 1449 2250 188 dat mijnder wesen ½ partijen Engelscheen hollanders

449 1552 2256 182 Ja imborghers die gants ons landt afloopen dat

472 1658 2163 131 noeydt en voorgaende tijden geweest is daer byde

472 1780 2230 133 excessijve hooghe wissel endierte der wolle goederen

465 1860 2239 135 ende den goeden coop daer de menschen op gevendt sijn

457 1968 2252 133 ende de Bradeerders het in houden moet noorsaehelijck

443 2062 2262 149 het soo onder den voer houden het is wel gelijck

444 2177 2252 133 ue seght beeter stil te sitten als leege wercken te

444 2261 2256 143 doen: ick hebbe mijne mesures daer op al genoemen

454 2359 2258 133 want in een jaer a wee en hebbe nu geen dest weynige

442 2448 2262 218 bayen trissaerden en cassey en gchadt oft ouboeden

441 2563 2169 177 en met diergeljcke smalle goederen en wille niet

453 2672 2194 179 meer te doen hebben met de laekens blijve ick het

444 2752 2250 178 eraem onderhouden om te sien oft het sal beeteren

469 2896 2226 101 oft niet oeter geen beeter molte soo maet het me

455 2993 2233 140 tijdt oock al seabandonneert worden blijve van

434 3090 359 170 herten

368 3116 2270 236 Brussel vannes Beckmans Ady J Janua1715

441 3259 2167 191 Conform ue my laest hier sijnde gerecommandeert heeft

437 3349 2265 169 soo sende ue nu ingesloeten ue reken courant waer by

453 3464 2135 147 ue sal vno en mij p saldo te goet coemt £121:6:8-

448 3558 2259 141 vlaems wisselgelte bidde mij een rekeninght hen te senden

469 3655 2241 111 van het cleest dat ue mij gelevert heeft ende te permitte

478 3740 2094 131 =peu dat ick £50:-:- op rekeninge magh trecken

2763 87 2316 118 voor het resteerende dan can ue mij een brieken seckenen

2774 163 2201 147 als ue salovercoemen als wanneer wij alles sullen

2774 289 2310 121 adivisteeren ende een nieuwe  beginnen waer toe

2762 377 2290 136 ue mijnen dienst presenteere en goederen hebbende

2774 488 2311 130 een seer schoon sortiment versche goederen onfan

2766 572 2255 171 =jeu van nieuwe moede couleure geperste en

2753 685 2291 192 spaensche laekens en noch partijes onderweeghen

2746 839 2317 102 tegens den vasten soo schoone gerief als ue noch

2757 896 2146 144 beydt sal gesien hebben blijve van herten

2747 1037 2264 200 Rotterdam wed Jeken van der herden Dn Jan a 17:15

2750 1125 2289 145 in antwoort op ue geeerde 15 deser wille ue wel segghen

2745 1253 2149 121 dat ue mij mal avoropos accableert met schrijven

2753 1321 2090 162 ue heeft mij versocht extraet van mijne boecken

2772 1453 2193 129 ick hebbe ue dat gesonden van alle partijen oejdt

2769 1539 2287 140 met der ue man gedaen. ick doen daer goet he aeste

2756 1648 2342 191 pack ƒ52:14 wat valt dienaengaende dan te dispiteeren

2766 1736 2065 151 e en can niet aet wijsen dat ick ergens hebbe

2752 1794 2262 210 naergelaeten ue te crediteeren het gene minder

2762 1953 2276 162 coemt als ue my vraeght coemt voorts nyt begaene

2758 2042 2270 178 erreuren die hem telkens hebbe aen geweesen men

2757 2145 2202 164 =tioneerende dar delijck dat hem niet meer en soude

2780 2291 2319 116 vergoeden als hem noteerde dat ick hem in rekeninge

2762 2345 2180 153 crediteerde ditto myne missiver heeft ue en can ue

2787 2437 2324 167 naersien. neemt resteetie in mijne gesondene rekkninge

2765 2531 2244 182 op de posten waersin wj differeeren wat daeo ick

2754 2641 2282 136 hm daer voor crediteere soecht de missves op van

2780 2753 2259 143 die tijdt daer ontrent en ue sal mijne gealle ueerde

2775 2859 1985 148 heden connen naersien en vinden hj eet

2770 2933 2313 172 meenighmael te veel betaelt aen vraghten bje ick hebbe

2768 3056 2294 123 het hem aen gewesen hu conde sijn quarant op de

2777 3132 2232 184 schippers hebben gevonden  dan watser geen reden

2768 3241 2132 149 van te moeten verliesen ick magh met recht

2790 3347 2188 120 erreuren aenwijsen ende en moete niet betoelen

2788 3471 2253 125 daer men my mal apropos mede chargeert hadde

2786 3531 2325 177 hij mij het sijnen tijde banlast dan souden wij precietelijck

2796 3639 2294 162 hebben geaccordeert en over lanck hebben gadicisteert

2814 3734 2198 108 ias en wille mij met geene chiehannes behelpen maer
