5445 3934
2097 86 478 172 19 sber 1716

589 73 1279 175 Amsterdam Francises Rousseau

638 195 2238 146 alhoewel van ue geen advis en hebbe soo en twijffele echter

656 309 2151 101 niet oft mijnen 15 court is ue wel geworden met remises

646 395 2134 132 op lauwerent sweert 11 gevallen  47½

650 486 2205 121 banco £237:10 daer op ontfange ue aengenaeme van

616 567 1091 156 selve dato met remises op

1385 670 214 86 24 sber

630 670 2232 174 Pedro Meulenaer 5 sber 2 usos £340:17 36:5- - £620:12:

640 799 2214 75 op Christaen auwels ditto 2 usos 150. 36:6.. 273:15

647 869 2225 118 op Pedro van Diest ditto 2½ usos .. 97:1:2.36:7 .. 177:10:7

1530 945 278 86 22 sbre

676 939 869 158 op Jan B: vande sande Junior

1522 957 1350 152 3 sber 2 usos 86 .. 36:7 . 157:8:2

2439 1047 413 143 1229:4:4

669 1077 2214 230 dico £1229:4:8 a 3 pe banco £1183:3:10 de 3 wissell

691 1184 2116 151 op antwerpen sijn geaccepteert de vierde op brussel

659 1248 2168 203 sal met de eerste occasie om acceptatie sende my

668 1352 2175 170 en dunckt niet al hadde ue om £100000 brieven van

660 1474 2194 107 die nature loopen ue eens behoorde beducht te

683 1573 2191 110 wesen want ue heeft treckers ende en accepta

700 1637 2162 115 diverse die in goede reputatie wesen maer het is

669 1705 2198 189 voor mij packtens weerdeyk telleken bij my remitte

670 1803 2186 159 soo daenige retourne te becoemen daer ick niet en

698 1911 2174 169 ders als mijn eyge gelt becoemen schyvede ende

1981 1992 154 89 met

1791 1999 159 89 2 a

690 2031 2182 151 moeyte voor niet doende met 2½  disbourse

684 2109 2157 127 te wesen daer is geremitteert op eenige daege 3¼ en op

686 2192 2192 152 6 weeken tot 3¼ en dat hadde ick ue oock versocht als

696 2289 2107 149 ue prorato den tijt en conde aentreffen ue wis te

711 2397 2094 143 wel dat het gelt mij 2¾ met cortagie 2  coste

695 2491 2185 161 ue tratos op & daege dato voor Dh thoma marisas

664 2595 2212 167 £200 a 2½ bano £ 95 sal ick prompt verhueren ue

683 2728 2194 118 can en moet onder vinde dat ue beter behoorde te

700 2805 2165 103 als ick can remitteeren ende dat gelieve ue waer te nem

663 2896 1426 119 om my te soulageren en soo blijvve

594 2926 2220 255 GhendtJ Bapt De Saedelaer Ady 19 sber 1716

628 3074 2217 205 met ue aengenaeme van gisteeren becoemen remises

614 3198 2170 156 als sicht  Casse op Jacomo de Cleves £100:- en as

635 3296 2223 200 Pater wood jesiet ƒ800:- wisselgelde van 13 deser

656 3411 2200 159 waer voor het noodighe sal besorghen. ne trato sicht

633 3520 2225 189 voor Joachim de Saedelaer £47:6: wisselgelde hebbe

648 3617 2022 141 heden aen jfr. marta de Bie voldaen en ue

681 3677 2180 162 gedebiteert  in alle occasien geleve maer liber

2978 100 2148 173 te disponeeren: aen den voer deser den cours der

2969 182 2116 168 wissels soo als alhier heden gedaen is. gelyck ick wel

2965 298 2156 190 op hollandt  hede als ick de brieven

2975 395 2217 192 volgens cours in my houde soo spaert ue en ick de

2980 509 2182 172 courtagie die ue noeyt in Rekene en sal brenghen

2942 644 2326 192 danis de reden ue daer toe aenraede supponeerende

2956 743 2182 195 ue altijdts daer by beeter rekene moet vinden

2989 840 731 191 en soo blijve

4537 963 610 135 22 sber 1716

2936 940 1406 264 Amstertam francises Rousseau

2959 1057 2316 221 Naer dat ue 19 doser hebbe geschreven soo hebbe becoemen

2978 1149 2296 183 ue aengenaeme van selve dato met remisses 19 ditto

2990 1269 2222 161 2 usos op dh ferdinando muller £250 a 3 ¼ bane

2949 1301 2310 215 £240:18:9 ditto muller is soo geincommodert van

2957 1388 2315 236 t sijn dat niet can accepteeren doch seght de

2960 1508 2311 240 goet te wesen oordeele alle ue gedaene remises geg

2936 1570 2233 235 en buyten scrapuel te wesen als voorns gemelt

2964 1665 2304 250 ende dat ue niet quelijck can doen sulcx agreerende

2958 1763 2327 201 van salomon sweris medere te aenverde van die

2967 1905 2270 170 natuere doch dat ue geliefde nu en dan op de

2956 1945 2272 183 avantagie wan trecke te invigileeren soo soude

2976 2075 2299 157 ick betere reck vinde als by het nemitteeren doet

2949 2139 2327 165 dat voor £1500 met gelegentheyt als ick de occasi

2961 2233 2316 212 tot trecke presenteert ende remitteert daer tegens

2944 2337 2339 210 als ue mede tot avantagie can aen hen want

2954 2435 2301 206 niet tegen staende ue de cours 3¼ a 3  notert soo

2960 2539 2247 190 in heer hede gedaen 3 ¾ a ¼ in banco t het alle

2956 2664 2279 167 minste de brieve in hande van persoonen alhier

2950 2729 2206 214 wesende die glorieren meder daer van te connen

2946 2837 2294 200 maecken al het van costy af compt ick voor mijn

2958 2931 2311 164 deel n geen cans op negootie te dencke ofte teonder

2959 3028 2287 180 nemen wacht die van manufactuere daer ick in

2948 3122 2232 141 op gegckt en gegreffens ben sien ick vandagh tot

2942 3206 2281 218 dagh declineren ende tetonderen coemen soo dat

2948 3298 2334 201 nogh dat ick oordeele meer als tjt dat ick uyt scheyde

2948 3412 2330 170 andere te ondernemen sijn  ende buyte

2960 3506 2284 204 mijns fers ende finde alles a costy door cabale

2952 3609 2312 133 onder nomen ende geforcert worde mijn insight

2948 3707 2316 115 allen van mijn  intrest is te maecken
