5331 3972
244 92 2269 229 versocht vrinden op te maeken daer het soude

326 224 2243 131 moogen noodigh wesen sulckx is nogh mijne

337 294 2265 232 intentie al sonder selfsiets moeten gespendeert

352 442 2151 185 worden en recommandeere ue nogh maer

324 574 2092 175 vrindelijck op die voet te wercken onder

344 661 2220 231 bealf jacrisser versoopen laetter nu proces

354 778 1996 258 gemoveert worden ende godt weete

331 908 2238 204 wanneer gedefinneert n selfs gewonnen

362 1035 2210 199 hoe sal ick dan staen buyen oncosten

390 1146 2141 164 ende intrest de goederen op ni secoemen

339 1257 2222 172 depondeert het alleen aen den heere Commis

380 1395 2240 194 benerael daer syn immert eenige parsoonen

376 1520 2075 167 te vinden en op te soeken aen de welcke hy

352 1623 2269 179 sal de oore lienens het is infallibel chagri nao

388 1758 2128 170 voor ue soo wel als mij dogh voor mij noch

368 1848 2167 211 meerder die den intrest leyde ende een

374 1973 2202 182 uyt lander wesende om een transit oor recht

355 2094 2191 177 soo gehandelt en gechagrineert worde die

366 2206 2202 200 niets en wille frandeeren daer a costy van de

372 2336 2096 188 ingesetenen soo commun met quantiteydt

371 2495 2147 170 doorgaents gepractiseert wort ende men soo

356 2625 2196 138 nayn niet en liet, en fin gelieft pasieurie

355 2732 2230 142 te nemen ende mijne recht veerdighe saeke

313 2813 2273 157 die ue soo wel als mj bekent is aen te nemen

356 2928 2225 218 ende mij daer traghten uyt te heepen want

335 3086 2257 173 conde mijne presentie iets affectieeren soude

307 3192 2233 192 selfs over goemen alst ue soude noodigh

339 3302 1795 197 Pordeelen blijvende van hertigt

293 3423 1007 159 Ladie Lois Callebout

1759 3377 846 229 Anj 12 xber 17

347 3529 2256 164 nauwelijckx hadde ick ue aengenaeme van 10 Juni laes1

372 3647 2239 123 becoemen oft ben in volle structie van familie geweest

389 3746 2086 105 door de ssinder poxkens die mijne ceyntiens ende

2756 106 2162 147 huysvrouwe soodaenigh hebben geaccableest dat ick de

2706 238 2281 155 selve niet als tot groot wonder door Godts genaede hebbe

2757 316 2217 152 behouden redene ue niet eerden hebbe geantwoort

2753 411 2283 164 nochte reken van adeninistratie over uet wee huysen

2754 531 2280 185 gesonden die ue in dorse deser is hebbende ende waer

2759 639 2304 193 bij ue is competaerende courant gelde ƒ 131:13½ wisselgelde

2792 774 2150 175 £18:16:3 gecort de ie penningen oncosten van

2764 867 2232 192 reparatien nevens de ƒ100:- aen ien broeder en

2778 987 2137 165 suster conform ue ordre betaelt soo als ue in date

2769 1098 2296 181 deser in rekene goet doen en crediteere. ick sienden

2770 1232 2300 163 slechten staet van commersie a costy est dat men

2784 1339 2084 152 in spaenien soo wel als inde nederlanden de

2758 1442 2311 170 negotie quyt is. Godt wille het beteeren als ue my

2768 1570 2292 169 iets van profyt can avanceeren bij vervolgh van

2716 1685 2337 162 tijde recommandeere ue het selve ue speculaties

2758 1764 2298 185 te vernemen sal mij altijdts seer aengenaeem wesen

2766 1902 2281 136 oock ue parsoon ten mijnen huysen te ontfangen

2759 1983 2301 164 ingevtalle ue in syne gedachten continn eest van sijne

2757 2065 2241 191 vrinden en correspondenten te coemen bedreken

2751 2189 2179 166 ende ue en moet geen deminsse complimenten

2759 2285 2181 160 daer over maeken den vrede met vranckijck

2754 2385 2247 217 ende den keyser is endelingh gesloeten finalijck

2760 2479 2251 195 tot baeden in swittersandt ptraiteert men present

2763 2632 2120 179 binnen Antwertpen tusschen uijserlijcke ende

2757 2749 2231 136 hollantsche gedepiteerdens om dese landen aen

2742 2824 2110 195 sijne heyserlicke maiesteydt over te leveren

2782 2945 2222 194 wat tot ons daer be sal vallen moet den tijdt

2697 3049 2288 170 leeren. met de doodt van de coninginne van

2776 3164 2283 188 groot Pofansen is den Canworst van hannover

2726 3317 2286 152 voor connen in Engelandt geroepen ende alsaer

2767 3388 2252 188 reets gearriveert en twijfele niet oft dese tijdiegen

2755 3498 2280 128 sullen ne alle bekent wesen. verhoepende de commn=

2711 3585 2341 146 atie van ue ende sjne ramisse welvaereeren gesonheyde

2735 3716 2309 116 soo blijve van herten aen ue beyde nevens mij n huysvrouw

2762 3775 1240 84 die nu taemelijck herstalt is
