5479 3943
427 86 2227 149 charles bosschaert nu van soo el lanck aen hun

443 169 2192 192 door ons aen hier gerembourseert op dat wij de

460 279 2218 177 te gelijck dien aengaende ons affccrentie en doeemn

457 390 2230 189 ment en noodigh brieve mogen become ue sal

451 510 2194 219 verobligeren die blijve naer mensaeme qoete

441 655 378 138 nidse

1849 727 794 168 29 avril 1715

352 746 1109 191 Rotterdam Deoniys verbiergh

424 863 2255 151 syen by ue aengenaeme 26 court dat mijne g

425 975 2206 173 dene attestatie ue wel is ter hant coemen ende

423 1092 2105 205 dat ue nu sal een eynde van dat drocrigh

418 1208 2266 192 werck gaen maecken sijnde van opinie dat met

421 1325 2274 211 de veranderenge en het colegie met de maent

415 1458 2291 207 van meij men niets sal verliesen dat godt wel

435 1562 2233 186 verlienen den heeren sijgedanckt john wat som

419 1670 2211 259 van hull salvois met mijne baele &N8 den in

426 1806 2266 183 hout is van dosijntiens te reduceren op C 16 eder

428 1926 2241 258 f 593 a 190 ½ costende sonder de oncosten ende de

438 2057 2242 168 t p corseyen die daer op om sijn tot fardicleure

409 2189 2277 191 £108:4:8 ende met de carse en en oncosten

419 2314 2265 192 164:12:1 gelieft het te depescheren ende mij too

418 2415 2281 174 te senden met de versochte on coste reck vertrouen

417 2537 2269 201 eeter heenter p eersten mede sal op schieten et

414 2669 2220 210 de baele &29 oock met dogentiens ick moete

416 2795 2262 226 patientie hebben mits ue tot mijn presentatie

419 2908 2230 262 niet en gelieft te nelineeren want sonder het

427 3050 2204 225 caveeren en soude daer niets toe resolveeren

405 3166 2289 220 mijne commissies en soude daer niets ue in geen

392 3321 2301 214 angroot embaras moeten stellen neen dan ick

398 3397 2239 201 van profijt en goet werck voorvallende soude

415 3569 2279 144 ue maer connen genveerden en mij remitteeren

2735 94 2246 212 Amsterd. Franc. Rousseau Ady 29 April 1715

2784 204 2200 236 ue aengenaeme 26 deser wel ontfangen dogh

2796 354 2180 173 ben wat chaarin en gesupprenceert over ue

2795 462 2209 220 teekeninge van wisselcours tot 3  n daer

2755 647 2283 177 met eenen uytgenoemen maer generael alle

2772 712 2310 221 adviseeren 4fa ¼ preto vervolgens wat wile

2775 865 2216 216 ick ue remitteeren  onder de pres en

2740 963 2181 207 sijnder heden geene brieven te becoemen

2760 1138 2353 179 geweest soo en valter niets te repliceeren

2767 1247 2311 211 alt dat ue alt dan sonder manqueeren soude

2746 1325 2345 266 voor mijne rekene in mij £1000: precken sih

2751 1471 1970 223 p casse tot den cours als ue my noteert

5045 1606 58 70 en

2740 1593 2300 239 prevaleeren die andere ot 4 a ¼ soo heeft

2748 1721 2247 240 ue ongelijck ditto die remises my tet 4 ge

2738 1822 2338 252 lenden de stemeer om dat ue p. mijnen laesten

2767 1968 2297 203 noch versocht hebbe daer op acht te nemen

2763 2107 2263 184 want op soo eene maihiere valter voor

2738 2187 2324 227 mij maer altijdts achter het het te visschen

2741 2289 2229 257 van £600:- waghte den prima vande

2774 2429 2312 245 £200 opetr noldo sder frjn hebbe acceptatie

2758 2557 2268 191 ende de ƒ2000:- t accepteert my door

2752 2647 1216 186 ue gesonden blijvf

2737 2733 2166 268 Brussel CRotes de Broseer Ady 29 duto

2761 2904 2293 165 den brief van e huysvrouwe dato 23 deser l mo op

2745 3034 2345 164 gisteren avondt wel geworden dogh geen stael daer

2748 3121 2335 191 siy van meldt ingesloeten soo dat ue mij een gelick

2757 3211 2261 192 te senden om te sien oft ick sulckxn couleuren

2754 3330 2233 182 hebbe dat ue dan sul adviseeren sijnde van

2760 3470 2255 130 herten en in alle occasien en mij tot mijnen

2761 3550 1726 178 laesten van 15 deser reteerende
