5401 3972
414 81 2204 134 en facheus tracte mestt soude connen gescontreeren

429 181 2201 136 en is ue besigh gelijck ue aen mijn broeder schrijft

408 266 2272 168 met te remoustreeren soo diende ue mede mijn

418 373 2114 140 saeke daer in te begropen op datter op deen oft

428 469 2080 127 dandere maniere expediett gevonden worde

411 557 2290 176 dat ue recommandeere nevens vortsgaick voor den

426 676 1760 179 ingesloeten oplondon en blijve il

405 786 2181 163 tournaye Anselme du in Ady 8 febvrier 1715

473 919 2137 130 J'espere que jouissez tous jours d'unnee bonne sanete

445 986 2227 151 de mesme mad. vre compagne et toutte vre chere

421 1092 2212 150 famille. depuis que jayteu l'honneur de vous

444 1178 2264 201 r icy au mois de sbre dernier vre espouze en compt

460 1283 2185 165 de mons. vre fils et leur vendre la derniere

441 1408 2166 175 partie ie n'ayt eu x unne de cheres vostres

457 1494 2248 139 ni au cun de vos commendements ce quil m'essonne

448 1588 2245 170 on diroitquil y doibt avoir bonne debite dautan

442 1712 2248 175 que le pays est en repos que les paysans prficent

476 1810 2230 141 bien et p conseque ince que les pasticuliers recoiveur

485 1918 2163 155 de leurs biens et rentes on h'a jamais veu ns

480 2002 2190 156 temps pariell mous n'avons auieunne demande

454 2084 2255 164 et tsommes assorties de touttes sortes des marchandises

484 2239 2180 105 sil vous en manque et que pourries avoir besoingg

488 2306 2219 173 de quelye petit assortimentt pour le cares me J'ay beeu

452 2400 2197 164 fons draps noirs et bleuuw et draps d'Angleterre

455 2541 2236 142 de bas prix de £ 2:8 ƒ 2:11 ƒ 2:18 £2:18 a ƒ3: et aultres

444 2634 2256 161 fins ses plus nouvelles couleures a la mtde que puissiez

416 2725 2201 128 avoir veu de vre vie ayez la bonte m'en ordonnez

454 2844 2116 111 comme il ny at aueunne asparence de pouvoir

452 2919 2244 168 recevoir la vales de vre reppise sur la chaye sur mons

463 3003 2173 187 Bout de ƒ500:- argent courant shollandz

463 3124 2246 185 protestee depuis le 23 saiu 1713 comme ie vous ay donne

440 3204 2195 185 a connoistre en sonteps et que vous m'avez prie

445 3296 2244 167 de laisser entre les maixs de mon amis en hollande

440 3432 2258 160 pour en solliiter les payement mon chuus sardit vienne

453 3517 2207 156 de la renvoycer tellement que vous liavez cy incluse

440 3621 2230 130 avec le protest pr ant de 4 de charger mon compte

463 3700 2167 123 et me scrediser de ƒ 3:6 pour les fraix de prosettt

788 3789 1861 76 ie me fourme d'aultres remises et me moire

2734 75 1072 159 en faister occasions

2743 160 2233 151 Amsterd. franc Rousseau dy 11 februarii 1715

2752 260 2240 167 met ue aengenaeme van 3 deser becoemen de drij

2752 407 2304 173 gementioneerde remises alle op Jean Bapte van

2766 530 2108 135 Dryweghen ende door den selven geaccepteert

2756 629 2216 188 te saemen £350:- vlaems af 5½ psep banco

2759 728 2292 205 £708:15 dat conforen noteere aengaende ditto

2740 859 2084 184 acceptatt daer ue mij naer vraeght i& mij soo

2759 979 2306 125 din bekent als den vremsten mensch van de weerelde

2764 1107 2330 161 dogh bij infermatie is het een craem daer ick geloove

2778 1169 2126 207 de srechster sal bij bedroeghen wesen. naer

2747 1331 2308 152 beginne deser ter borse gaende verneme ick ditto

2755 1453 2295 157 drgweghen al te wesen op gecraemt soo dot ee

2783 1553 2169 155 de blieven hier in gesloeten du retour heeft

2770 1645 2322 166 gevens het profest de oncosten sijn noopende

2774 1740 2267 177 de reste dsal ue pr naesten shr hert is mij

2746 1894 2234 175 lief wet wee goeede endorten, entet heeft niet

2764 2014 2278 151 twijfelende oft ue sal in stantelijck ue rembourte

2738 2097 2199 139 ment hebben het gene geerne verneme en

2758 2192 1133 178 middeaertijdt blijve

2742 2286 2158 180 vournaye  stevenars Ady 12 ditto 1715

2744 2402 2369 209 J'ay rece l'honneur de la chore vre premier du courand

2752 2539 2318 140 puis que ne pouvez pas quray patience iu spies au

2750 2654 2345 152 premier mars et ie seray atteniant vre remise comme

2732 2761 2324 158 me promettez ie vous prie ny pas manquer comme

2736 2840 2306 154 lek nouvelles marchandises sortt touttes emballees ie ne

2737 2938 2340 157 ls peu monstrer que p mes eschantillions les quels icy

2737 3046 2317 157 besoing touts les jours pour les marchands quils me

2744 3155 2278 148 viennent voir tellement que ie vous prie m'excuzer

2736 3225 2219 151 aux esch antillsons il ay a rien advoir si non les

2750 3326 2322 152 couleures pour la qualite il fault voir les draps en

2740 3436 2292 125 pesce jv. g. a besoigig doiti petit assortiment ie

2751 3528 2293 111 croy que nefersez pas mal affaire un tous p. icy vou

2747 3631 2245 120 auriez tant plus du contentement a acheier jayeyees des

2756 3698 2295 128 ballots ay chemin quils a avriverout que vers le desie

2772 3774 2257 103 caresme ie la grace de dieu. i'auray soing a vous recedre
