5401 3972
378 111 2329 100 dat de somme die hy soude betaelen sal sin tot adiussemen

424 147 2264 205 ende voldoeange van allen pree en openstaende

431 248 2245 189 rekeninge die ick oegdt met taspar van den Busche

425 356 2235 174 hem oft de voedue gehende hebbe terdaeghe toe dat ick

406 434 2193 238 die quittantie sal atsenden want ick oordeele het

438 534 2214 230 on goodighe oncosten en briefporten wesen om die

447 660 2153 191 bagarelle voor mij eene prscuratie te moeten

425 725 2227 262 senden: ick hebbe ue gedebiteert voor ontfanck

443 878 2193 172 van mijne t wee blancos tekets voorden jaere

464 960 2040 200 pauiehiel verschenen 1713 en 1714 st ƒ 21:-

447 1046 2250 209 aengaende mijne rekeninge die ue mij sendt vinde

446 1198 2233 151 de selve alsoo conteren te wesen het is wonder

447 1261 2173 199 ue mij noeydt hernisse en heeft gegeven dat ue

442 1382 2214 184 coontien hier is woonende hj was van mijne

452 1454 2261 186 naeste geburen sonder dat ick het wisse ick hebbe

469 1575 2214 188 aen cosiyntien het coentien van de r. Jacques meyers

465 1668 2193 182 tot hotterdam dat fijn comtragton is ende

424 1794 2247 189 bij den selfden heer is woonende soo dat sij beyde

460 1883 2240 166 nu van tijdt tot tijdt miy sullen coemen besoeken

435 1950 2263 211 bej is van ni af soo perleet in detaele dat ue soud

454 2060 2189 157 verwondert wesen tehooren: ick vertrouwe

458 2174 2220 154 dat hy sal goeden voortganck doen oock in sijne

684 2297 133 67 &d

447 2283 2221 147 fAudre dat ue veel plaisir en contente meert aen

446 2321 2242 218 hem sal hebben dat ue van herten wensche ende

461 2489 633 173 bblijve

364 2544 2332 236 Rotterdam wedne vanderheyden Ady 14 februari1 1715

443 2657 2246 169 het gene mij opgeloodt ort door ue missive de dato

414 2775 2290 217 prs mo deser past op ue en comp. waerom moet ick

442 2883 2266 155 minder als sowel ito gedooghen dat ue mij geen sausta

444 2983 2269 139 en geeft noopende het gene ick op de rekene het sij nen

419 3080 2292 226 tijde gerepliceert hebbe ende ue nu aengewesen hebbe

428 3179 2172 176 waer uyt het can opgesocht worden½ verders

460 3302 2246 158 moete ick ue betaelen wat ue gelieft en blindvline

426 3396 2286 176 alles approbeeren 2 oft ue man niet en heeft geredresseert

421 3485 2255 178 als iebt tijdt was sende ick hem tijdelijck antwoorde

457 3631 2222 115 dat ick hem anders niet en soude crediteeren dan

485 3731 2222 133 ick effectivelijck gedaen hebbe moete ick dat daerom

2753 119 2283 109 nu leyden 2 sulcken aent woorde als ue mij geeft en

2741 163 2230 182 massen op mij niet want hodt danck ick can ue

2759 302 2277 119 betaelen ende hebbe liever dat het over mij soude

2753 419 2274 161 gaen als dat ick ue mal apropos een oort soude

2739 516 2218 172 t willen afcorten. ick ben in mijn gmoet over

2758 613 2344 147 suyght dat ue de saeke can naersien ende en doen

2768 753 2321 151 het ue niet dat is ue faute. ick en can hier niet

2752 873 2263 121 te reght coemen om ue te remitteeren geelt

2743 950 2365 185 eene quistantie en voldoeninge en tot advissement

2771 1057 2309 159 van ie ue mans stershuste en comp de saemen

2782 1175 2134 147 met wat schipper het ue belieft ick salt

2765 1293 2160 127 verkeeren en betaelen te elfs al wast een

2766 1388 2186 160 hondert sijf een veerstijts guldens en vjsthien

2762 1504 2204 157 Stuyvers er de ƒ145:15 celst ue gemost can

2766 1628 2297 163 Draeghen want het verveelt mij ende ick wile

2768 1781 2284 140 eynde hebben ender kooper dat ick ue nerens

2747 1865 2315 161 in wille constringeeren oft mj van chichan

2749 1956 2193 169 bedienen wart een houdent guedens f la tes

2745 2102 2264 129 sal mij noch et s mer noch rijker moecen la

2752 2182 2259 195 soude ue duncken dat ditto somme die ue mij

2746 2305 2315 115 toegestaen heeft niet genoeghsaem soude wesen

2751 2389 2293 152 en sal liever daer by noch suppleeren ende ue

2750 2483 2336 174 in ales voldoen want ick sien dat ter eehter niet

2767 2592 2315 204 een solide antwoort door ue gegeven is on myn

2764 2691 2261 186 heden ende, gesondene reken courait waer bij ick

2743 2803 2338 188 vinde conform dat ue gedebiteert ende gecredieert

2766 2926 2287 186 hebbe ue mans ste hus lze en comp niet anders

2760 3023 2231 173 als dra en neyentigh guldens en eenen stugver

2755 3114 2166 187 shuldigh te weden blijve niett  met

2764 3249 1516 166 affeette en in alle occasien

2737 3337 2326 161 mons la veufve CParles Candry A dy 15 jebrmarie 1715

2746 3486 2242 147 Jhj a honneur de deun cheres vostres du 6 sulls et

2739 3614 2232 128 dernier et 12 du conr. les Jonaerts ma copte les

2752 3703 2266 136 ƒ189:10 de change ensuitte a la questence que ie las

2779 3790 2227 85 en mis les mains to solde de compte ie voudrois en
