5197 3978
1579 68 562 143 7 augusty 1714

343 65 796 187 hier Jan de vinder

472 145 2143 195 en hebbe in lange eern niet gehadt ue oft jeue bemitde

492 264 2080 209 te sen niet tengenstaende verhoepe de continuatie

500 381 2116 198 van ue te saemen gesontheyt mits ue miy laest ver

479 466 2116 176 socht hadde eens te schrijven als mijne versche goede

501 608 2060 163 ren soude gearriveert wesen soo en wille daer aen

476 693 2021 197 ich makitieeren sijnde tegenwoordigh soowel

501 837 2102 169 voorsien van soo sehoone sortiment van alle soorten

489 922 2124 163 van laeckens en prijsen als ue oyt can geien hebben

486 1031 2133 176 ue verseckerendte dat ick alles doen sal wat in mijn

502 1137 2020 206 maght is om ue calandisie te moogen hebben

479 1263 2133 190 ende onse oude resanesse te onderhoeede blijvende

302 1385 783 218 Brussel Rousseau

1600 1397 953 201 Ady 8 Aurnsti 1712

430 1498 2130 221 les deux agreables vostres du p et 5 du courant me

468 1619 2133 170 sont bien rendue. en suitte a la prediviere, i'ay fait

482 1737 2033 131 note de la remise que ie vous ayt fait de ƒ1000:-

476 1875 2136 106 de change que le S. meeux at acceptee l 31 dernier

468 1940 2100 215 a jours de vens pour la vre sur S. Phenrein

435 2059 2067 176 que n 'envoyel du 5 sullett  et demie

473 2149 2038 203 pajable £ 28:1½ cour. de ƒ900:- de change

456 2277 2102 185 ie procureray le requis en son temps ie vous

489 2407 1937 178 baise les mains et suis vincerement

1551 2495 930 183 Ady 12 Apguiti 1714

295 2510 953 171 London P. de Dorpere

430 2606 2136 159 door ue lange stils wjgenthoydt vormejnde ue niet en

432 2733 2161 164 conde reusseeren int volbrenghen mijnder ordre eyndelijck

410 2827 2184 156 hebbe nu becoemen ue aengenaeme  sulis met staelen

431 2928 1971 168 en facture van de baele spaensche laekens N2

435 3067 2113 162 gelaeden volgens connossement op hotterdam in

408 3128 2155 201 Jonas Rondtandson daer tot datto heden niets van en

405 3240 2174 159 verneme Godt gelieve den selven salvo te brenghen

454 3323 2139 170 verhoepe hij den swaeren storm van gisteren nacht

406 3421 2205 140 niet ten sal ontmoet hebben. remitteere u jaertegen

416 3526 2097 127 van 3 deser 2 usos sse £200:- op s egsite en

441 3649 2119 113 testas a costij waer voor ens ne gelieve het noodigh

451 3731 2082 99 te versorghen. ue claeght over de scaersiteydt ende

2821 78 2138 112 moeyte int procureeren van die baele en wij claeghen

2822 187 2183 117 over de sinnelijckheydt der menschen om die te connen

2811 282 2214 133 debiteeren soo dat de negotie wederseydts malhanderen

2829 386 1979 153 opmoogelyck wort gemaeckt. de dierte van de

2760 519 2227 107 goederen, de corte maete en hooghen wissel benemen

2775 581 2043 153 I het reste van het debiet datter voorde engelsche

2799 630 2194 191 laekens noch overick was ue gelieft te segghen dat ick

2779 761 2189 169 meer maete als voordesen sal vinden dat en can ick

2815 892 2219 158 op ue facture niet gewaer worden ende int vercoopen

2791 975 2192 162 moeten wij volgens facture de geerden over lewerten

2798 1065 2189 193 aengaende de procuratie die ue my vraeght wenste

2783 1168 2164 190 wel ue de goeheydt hadde mij een cleyn formalier

2816 1278 2162 170 te senden soo als die behoorde te wesen opdatter

2807 1394 2167 167 niett aen en mankeere sal die op ue antwoort een

2791 1498 2164 98 ue instantelijck at senden. ick verwondere mij dat

2796 1585 2052 162 ue my niets enmeedt wegens mijn laet intrest

2780 1664 2136 176 det lotterge verschenen st mschiel 1713 volgens

2797 1813 2052 117 ick van andere verneme moet dat nu blhaelt

2772 1879 2240 134 worden off wesen dat mede afwaghtende blijve

2717 1957 1261 209 Amsterdam Francisis Rousseau

4146 2065 554 125 13 augusty 1714

2789 2099 2237 177 De informatie wegens de walves baerder bij ue geerde so desen

2790 2217 2119 124 hebbe met mijn broeder Jan michiel in acht genomen

2791 2293 2189 150 ende alles laetende aen ue goede conte restere ende

2793 2396 2215 165 contirmeerende onse gegeven order van b20000in geweekt

2806 2487 2192 175 ilts min oft meer naer advenant ue ten besten moogelijck

2708 2568 2262 147 tot onse advantagie sal connenten rechten coemen

2806 2688 2208 150 moogende ue de selve ten allen tijt in coopen als ue de

2830 2797 2172 113 laghte merckt sal oordeelen te wesen doende als voor

2805 2880 2222 159 eyaen ende daer tegens de weerde treckende het is eenene

2810 2965 2216 175 cotie daer wy ons gants niet een en verstaen de lacs

2764 3066 2245 143 sie van 6 pret packhuys hiere scebgeetie van 2 mael

2790 3175 2220 153 smaendt te doen afvaeghen moeten infalibel groote

2794 3267 2222 179 oncosten bj brengen endaerom ue questie oft de oude

2782 3375 2247 117 walvis baenden aende nieuwe niet te prefereeren soude

2782 3489 2240 106 wiser met die eenter nogt aen memeelen oft schoe

2784 3553 2251 166 de subiet wesen den dat dient ue te weesen ende sich

2770 3625 2154 153 naer advenant reguleeren ende daerom recom

2783 3729 2194 119 mandeen in tijt tot tijt int passeerende ue adve
