5331 3972
318 87 2213 189 ue gelieft te melden datter noch geene van mijne

326 220 2155 185 nombers uyt waeren inde lotterge en can niet

322 290 2266 244 bedencken hoe ue het selfde can weeten door dien

342 420 2236 219 de blancos niet bekent gemaeckt en worden. ick

344 536 2148 246 geloove ditto dotter ie teneynde loopt oft reers

340 653 2196 204 getrocken is ende dat het voor mij p winsten

333 795 2252 142 verlies sal afte schrijven wesen echter bidde my

358 853 2133 240 p. occasie eens te melden oft ue de leysten der

308 963 2298 200 prijsen doorsien heeft anders soude ick het alhier

284 1087 2317 188 doen doen. en gelieft mij naer geene brieven op

373 1236 2168 170 spagnien te vraeghen want die en sijn alhier

367 1306 2086 193 da hul prin te becoemen oft seer raer dat de

234 1420 2406 173 mogte niet weert en is soo als deere gehadt hebbe

392 1540 2189 162 ue te segghen allen negotie verloopt wissels

384 1649 1935 187 als aen den voet deser ben van herten

319 1750 2212 260 Brussel Paulou de Broyeer Ady 9 gber 1714

396 1866 2100 217 verhoepende de contiuatie van ue en sul ue

371 2014 2264 215 Beminde gesontheydt neme de la berteet ne pr d en

392 2139 2214 172 te versoeken ue de goetheyt gelieft te hebben van

410 2232 2196 192 mij te accommodeeren voor ƒ400:- wisselgelde

413 2395 2226 124 oprekene te betaelen die ick binnen een dagh aue

390 2485 2221 140 dione sal trecken aen d'ordre Jacomo Rousseau

431 2579 1945 150 ue sal mij plaiser doen en verobligeeren

389 2653 2116 181 dit jaer en hebbe het geluck niet gehadt ue

404 2762 2223 200 calandisie te hebben ick verhoegpe bij het toehoe

413 2889 2214 210 mende beeter succes. de goederen augmenteeren

407 2994 2221 197 noch daeghelyckx in prijs soo door den hooghen

401 3107 2236 194 wissel als door de dierte der wollen, els van

401 3213 2217 205 ue dienst voorvallende bidde mij niet voorbyte

428 3336 2211 201 gaen hebbe seer schoon gerief tot ue dienne

445 3468 1762 202 blijve naer minsaeme groetenisse

2645 80 2183 212 Brussel JBapt. Beydaels Ady 10 gber 1714

2692 182 2346 243 Icn hadde verhopt volgens ue hier sijnde mij geseyt

2710 339 2224 144 hadde dat ue staelticns soude gesonden hebben ende

2696 442 2084 158 noch eenige geperste laekens onmvoeden hebben

2704 542 2326 232 oft ue noch eenige noodigh hadde ick hebbe wederom

2686 669 2213 166 een seer schoon versch sortiment ende andere

2713 803 2332 199 goederen naer advenant tot ue dienste de engelsche

2683 891 2322 187 manufacturen anymenteeren noch daeghelijckx

2695 1031 2352 143 meer en meer in prijs door den hooghen wissel

2708 1121 2159 152 ende de dierte sder wollen tot ue naerright

2692 1233 2254 176 ick neme de libertijdt ue te versoeken van voor

2712 1351 2078 149 my op rekenle £300:- wisselgelde te willen

2707 1462 2222 199 betaelen aen d'ordre Dhr Jacomo Rousseau

2707 1557 2322 181 in contormiteydt van mijn paso dipue aen sijn

2702 1672 2199 179 ordre die sal my verobligeeren die altijts sal

2698 1792 2357 182 thoonen te wesen naer mins aeme groetenisse

2696 1912 1394 224 as aen Jufe. ue Beminde

2706 1967 2202 270 Brussel JAnnchies van schor Ady 10 d. 171

2712 2146 2304 168 sedert dat int voor jaer ue dat parteyken geperste

2707 2262 2320 181 laekens vercoght hebbe en hebbe tot mijne verwon=

2696 2368 2307 150 =deringe d'eere niet meer gehadt ue te sien oft eenige

2744 2449 2309 181 van ue commandes te ontfangen redene mij p desen

2694 2560 2337 141 aen ue eens coeme indaghtigh macken en recomman

2698 2698 2158 138 deeren ofter iets tot ue dienst met het winter

2722 2795 2334 127 saisoen voorviel hebbe seer schoon gernief wans paesscne

2721 2888 2269 183 en geperste laekens de venter superfijne als ue gehadt

2723 2991 2271 119 heeft en colchester bayen s waere bayen van

2707 3115 2275 133 486- ue verseherende dat in alle occasien alles sal

2732 3240 2304 158 doen wat moogelijck is om ue calandisie te moogen

2725 3318 1488 174 onderhouden. blijve van herten

4001 3353 945 221 Adj 10 gber 171

2679 3418 886 182 Mons Pf Paiost

2740 3508 2280 156 pour responce a llhonneur de la vrs du 2 du coudt

2728 3625 2126 127 ie ne pesurs endue ace uil m'arrive a

2720 3728 2298 139 Resguare de1 carisey. si vous me les aurris touttes
