5111 4009
381 110 2039 155 te doen ick moete pet liet malheur pasienie

367 217 2189 118 nemen en sal my dan naer ue wetten conformeuren

394 290 2163 147 en met de crediteuren in den boedell coemen

380 373 2130 157 dit is alles wat ick can schrijven ende daer

378 463 2180 174 op can ue met Dh CPunelissen spreken om te

390 560 2164 195 weeten oft het foors ende doen naer adve van

406 686 2083 184 dat ue toft mijne meeste advantagie sal

352 754 2200 203 geraeden vinden want ick en wille geene

431 897 2107 169 procesten nochte tusien maeken nochte

352 944 2130 216 hebben maer tek contrarie liever elles datter

421 1066 2060 173 resteert verliesen als ick volgens ue commen

396 1175 2058 149 en wetten mij niet en soude connen sondeeren

401 1265 2109 215 ofte die depenningen vant sterthuys genoeten

415 1353 2151 220 hebben niet en soude connen disponeeren tot

461 1450 2073 194 un devoir te brenghen en nipne conscientie

426 1556 2036 200 nester minnen te guyten het is voordens

435 1664 2076 178 wel ue mijne remise hadde ontfangen

442 1744 1993 182 maer niet dat ue mij ne restserende

427 1887 2127 164 ordre voor de spaensche laekens volbrengh

407 1967 2156 156 als ue voorslaeghs weet die soo quaet coin

451 2073 1976 157 creggen wesen ende soo dies in prijs. ick

428 2157 2136 197 hadde ue gescreven en diengevalle niets voor

472 2291 1959 135 te gaen maer te staeken want het is

435 2355 2061 159 ons ommoogelijck de weerde daer van te

450 2461 2107 171 maeken  on te negetie is ganis bedorven

459 2557 2087 164 ende ons om maghtigh geworden om die

470 2645 2100 166 de onderhoudenwant daer en worden geene

456 2813 1965 99 ot weynige engelsche spaensche laekens

464 2872 2098 158 meer getroeken ende den intrest consiimeer

486 2963 2083 183 hetcaptael verwaghtende ue anooor

472 3074 962 173 i6t uevan herten

1663 3150 890 188 Ady 23 juuni 1719

279 3158 1170 239 Ghendt mons: De Beuse

404 3273 2086 194 hebbe d'eere niet bij ue bekent te wesen dogh

404 3399 2060 202 pr ordre en voor rekenl van wedue Bronsa

397 3522 2131 133 van doornick addresseere ue heden p beurtschip

386 3612 2040 193 op ghendt twee paxkens beyde gemerckt & B.

420 3717 2074 168 4 en 2 ditto schipper vertreckt op morgen

2702 115 2203 180 en maeckt staet op dijnsdagh toekoemende met lodis

2700 261 2244 147 & patie a costy te wesen. ue gelieve de noodige sorthe

2699 319 2137 205 daer voor te draghen ende de ordre van voors

2739 433 2128 204 fuferouw te volghen die ue dienaengaende

2699 554 2257 206 unt sposseeren door ghendt sal sprecken. ue connende

2690 660 2259 193 dienst doen gelieft te commandeeren die blijve

2726 802 797 186 van hetten

2647 908 2297 216 Amsterd Franc Rousseau Ady 25 junii 1714

2727 1038 2084 212 ue aengenaeme van 21 deser hebbe wel

2689 1174 2092 219 ontfangen den tijdt mankeert mij verders

2694 1279 2262 265 te antwoorden desen alleen tot het opsenden

2668 1438 2164 210 der bewutte assignaries op dor tengprst 26

2689 1532 2108 242 deser vallende te saemen groot ƒ 403:7

2690 1676 2153 226 hollants court vertrouwe die prompt

2690 1787 2181 238 sulen word en betaelt blijve in haeste

2659 1897 809 183 Brusselle  de Pauw

4198 1953 531 127 26 Juny 1714

2701 2030 2245 201 Ick hebbue voor leden saterdagh p beurtschip teaddresset

2719 2122 2179 186 een paschegemerckt ule p ordre en voor reck van s: de

2724 2255 2221 161 wed: Charles landry van begenve hepende het selfse voor

2717 2348 2237 125 nu bij ue wel sal wesen gearriveert e gelieve het aen den

2716 2404 2235 197 voorman van de wed rendour te leveren om op bergen

2724 2513 2233 146 voort te geraecken sulckx heeft sij mij versocht ue te recom

2717 2594 740 171 mandeeren blijve

4025 2670 552 157 28 Juny 1714

2643 2659 902 179 halle N vanden Bergen

2713 2806 2146 150 sedert ue laeste van 24 mey geene verdere van ue mij altijts

2734 2904 2198 114 aengenaeme becoemen niet te men ick verhoepe de contineentie

2633 2894 2314 205 van ue en je ue bremende en s: ue dochters gesontheyt het jaisoen

2728 3053 2220 141 begint te avanceeren in gevalle ue eenige geverfde goederen

2710 3132 2228 159 met den winter mochte noodigh hebben de witte basen dee

2710 3245 2212 137 u bemende hier sijnde heeft uyt gesocht sijn tot dien

2701 3332 2218 137 eynden gereet ende daerom wenste wel e soo veel goet

2709 3396 2229 148 uyt hadde mij bijtede de staelen te senden ende te ordie

2698 3509 2257 109 neeren wat ue gelief geeet gemaeckt te hebben want het ue

2702 3593 2237 83 nie het beste saedoen ick vertrouwe met godts gratie dat

2691 3676 2259 95 naer den cost alles sal beteren want ick en hebbe mijn levern

2705 3746 2245 140 soo slecht verhier niet gesien i groete ue te saemen van

2743 3811 672 78 lesten en ben altis
