5450 3934
657 56 2118 169 den cours 2 ordere 28 a ¼ die geremitteert hebbe

588 132 2160 181 den selven dato op Brussel cort J a 3 periente

636 224 2171 139 onde sanderdagh 2october de wass genotee hebbe

648 323 2179 152 2¼ a 3 pect brieven sonder gelt wat ue vete

639 464 2135 103 can ick niet bedencken waht weten en hemue

638 506 2135 173 al te eeinconickt ende te vegelant om van de

641 636 2150 116 course der borse ignonant te wesen ik hebbe ue

627 685 2203 138 noch maelt mijn gevoele daer over gethoent want

614 791 2223 184 het tegens resputatie van jonge coop lieyden streckt

607 875 2244 146 soo daenege advere aen ma celaers te prodeceeren

655 1012 2123 142 daer ick niet te men betrouwe vaet op te veran

622 1094 2174 151 weynigh achterdencken hebbende ue soo con trage

623 1163 2135 231 soude comen te noteren de cours der u issal soo

611 1274 2154 218 heden hier gedaen is heeft ue aenden voet desen

630 1359 2141 268 gelieft te oordeelen oft ick ue can remitteerenen

629 1463 2207 218 oft het niet waer is dat ue schrijven en altijt gescheven

632 1574 2190 210 dat het ue faculder is mij te betrecken als mey te

626 1678 2221 245 renitteren nant de breeven hee altis in te vit

617 1788 2226 243 hande wesen die de selve afsende soo daer maer een

603 1895 2214 266 provisie op can wesen oock hadde ick t

619 1999 2222 272 ret advie foogehadd sonde op gent offe andere

625 2124 2067 255 plaitie daer op connen proffiteren blive

476 2243 2203 265 gheut mschiet Bogaert Adj 7 xber 1716

520 2366 2287 240 Ick hebbe ue 3 courant geaddressaert p eurt schp

523 2539 2267 151 op ahendt een paxke gemerckt p p lordre en voor

538 2592 2296 239 rekeninge van dhujsvrouwe van Ellasgrands greijser

529 2746 2037 226 tot certrijck sch en twijfele nieoft sij sal ue

533 2875 2123 151 omaenggende hebbe gesprochen gelieft ovs

535 2981 2264 179 ontfanck haer ordre daer mede te volghen opdat

546 3075 2258 181 het haer esto magh geworden in alle occasien

514 3257 580 157 blijve

4478 96 526 139 3 sber 1716

2894 95 1348 170 Amsterdam Francois Rousseau

2944 149 2231 187 ben verwondert ue ed intwoort niet te hebbe op mij dien

2923 286 2328 121 van prims op 5 court hebbe ue geschreven en claer gett

2934 352 2320 163 ue ongelijck heeft mij tot soo daenigen cours te remitteeren

2928 426 2309 185 tot 3 ¼ met 2 usos daermen cort sicht soo dede temeer

2957 542 2207 195 onder ue geen penningen hade in hoepe ue sulk

2935 605 2279 182 sult in considntie te nemen ende datter met de ven

2942 698 2314 188 ditie favorabele coursen op tyt sullen aengetroffen

2940 794 2318 203 worden soo remitteeren ue ingesloeten op Jean sche

2938 877 2201 197 a costy in 2 brieven van  vervall ƒ1500 en

2925 993 2217 223 ƒ1419:15 banco verders brief 7 deser gvallen op

2941 1072 2028 217 andre bels ef fils  1666¼ a 22 ¼ banco ½

2944 1155 2264 202 waer voor het noodagh gelieft te besorgen mij te ere

2935 1278 2329 212 diteeren en fevorabele retouren op tiyt te besorgen

2959 1397 1077 184 dat afwachstende blijve

4431 1484 426 122 8 xber 8

2896 1468 1415 240 Londen John schoppen en Edwards

4676 1519 478 149 24 dber ue

2931 1600 2059 158 ben verwondert tersien sij ue aengenaeme  deser

2935 1654 2320 170 niet gecocht heeft nochte mijn ordre volbracht heeft

2922 1741 2265 184 naerde mael ue het employe goet hirde doen ick

2943 1847 2295 155 actus in de oose comp en banque voor ae door

2933 1914 2292 213 andere vrinde hebbe doen coopen die hebbe sal

2951 2004 2233 219 gedaen op leveringe en op hunne naem laeten

2911 2103 2361 158 staen tot dat de procuratie quaeme om die te fran

2934 2198 2307 195 porteeren dat dan maer een bagutelle van 68 gem

2931 2309 2306 188 porteerde dat hadde ick oock van ue verwacht

2938 2408 2245 167 verders dat ick nu certificeere bchelsde mijn

2931 2488 2310 184 brief die soo veel inganck al en particuliere

2919 2588 2344 225 billiet behoorde te vinden echteringesloeten eene

2941 2697 2273 134 door mij gereckent geleeft het tot mijn meerte ad

2938 2802 2333 167 vantagel op ontfanck deser waer te nemen mij het

2931 2897 2334 166 artiffcat hevens reck te senden ende het gene te cort

2925 2960 2343 180 bnue coemen secht oft secht pr casse tot beste moge

2910 3068 2365 138 lijck te trecken ue sal mij verobligeeren weete rirde

2934 3157 2284 155 die met mij geordonneet hebbe ingecocht hebben

2920 3241 2300 156 tot 99½ doch somange noteeren he 9 a  ue

2911 3331 2320 203 gelieve geen occasie te laeten voorsy geen en maerte

2935 3411 2335 221 doen als voor eygen dat ue recommanderen en blijve
