5445 3941
2307 85 579 161 18 xbre 1716

701 39 1154 202 Mons Anthnne Daoust

708 193 439 122 Jays recc

719 189 2191 177 r aponce a la chre vre 9 du court j'ay vs ay marqu

742 315 2166 164 que ie n'avois point de draps verd mais de roge es

707 420 2210 138 bleuse jay n'ayt eu occasion vs envoye a q m'orde

681 474 2217 165 noit qhier p jonaert a jua e pait manque

704 618 1979 161 dans un petit pacquit marque st das scavoir

716 674 2204 163 un drap rouge N21. g 21  -a 28½ a ƒ 2:8 - ƒ684

2572 801 256 144 148

718 800 1226 180 un bay extra ordenaire

2530 886 304 133 N.45

727 901 996 161 un ditto moindre

2492 993 434 155 6

718 1090 2211 160 dont il vs plaira me crediter et me commander jily

716 1152 2190 170 a dautre chose que soffre pr vre service je nay plus

692 1249 2221 170 quene rouge pourcille mais bien encor de blu

703 1350 2209 175 en cas quil vs en faut quand vs one pource faire que

710 1438 2177 165 remises te e ferez plaiser ahaordinaire caron

682 1563 2230 156 na veu u temp co a risont on me sia tous

703 1647 2206 150 ue soul ou lon broue bon je me trouve obley

671 1771 2195 164 ago prier enstanant a vouloir parler a mon s

675 1863 2232 205 5: demarez a y touloir la main afin que je prey

684 1982 2217 201 venir u mien afir car vs scavez q jenant eu de

687 2082 2214 213 oorrespondence ne commerce avec leuy si non qu

686 2207 2186 145 ingard de vre personne et de la diere de puis sic

659 2300 2255 210 temps las sans q je luy ay des livre de la marchandise

670 2391 2244 229 t non obstant mes de vous continuel et ses promisses

1373 2533 273 85 blanch

652 2525 2269 138 il me laisse en so et me ren voye a la en une

657 2601 2263 200 bagatelle de ƒ150¼ que jay tire sur luy pr accomods

666 2707 2248 155 un marchand au un mon amis je vs laisse a considu

653 2826 2256 215 seucela est iuste et sil n'est pas temps a jonger afar

664 2915 2247 181 as sextremite dans ie ne ceseray pas volondier jans r

671 3022 1652 167 consentemant et en attendant je nme dit

2218 3073 370 159 18 xbre

632 3152 674 180 Mens Cet Layse

634 3189 2294 202 cemissager ma mis esmains vre memoire pr une flanclles

640 3314 2267 172 3a lange la quell sus bien vouli ley es mains dens une roll

645 3392 2267 179 asil au pris de ƒ48 de change come lautre quayque je ly

660 3501 2256 160 vende prefentiement ƒ50 estant auyme ter ƒ3 a la

922 3615 272 80 bunseneu

651 3596 2256 192 p je vs avone quelle ne tombent pals si espaisse ma

667 3684 2252 152 considere q vs ne payez pres entement  le prix du pout

3031 111 2261 113 et q le marchandses son en ohgris tallement qque

3016 159 2296 168 les pouvois avoir d'apresent qa la mes snequalite

3034 261 2269 155 et au pes me prixd quant vs le pourdes faire je ve prie

3020 351 2284 164 me faie tenir la valeur car le longue afttendre fait

2996 456 2307 135 evauvir ce  lon musse profiter sur a bagaselle

3012 537 2287 170 de marchandise en tout ce qui l'aftre pr vre servec

3012 641 2269 187 commandes moy librement pr vs soul ager de port

2996 758 2316 191 de lettre je vs envoye incluse une a 2 port pr mon

3019 866 2279 172 anthome d'aose a quoy je vs prie il my ent point

3032 975 2270 153 de manque de l'a luy faire tener ce to recce cette

3018 1096 846 182 la peenne et suis

2978 1178 2201 196 Amtterd Bane Rousseau Ady 21 xber 1716

3034 1337 2068 194 ue avngenaeme 18 deser hebbe well oontfangen

3011 1466 2172 143 met remise 17 x. 2usosot der fer muller £250

3018 1570 2164 159 a 3¼ Janeo £241:17:6 die om den sondaghende

3028 1703 2213 185 heijligh daeh niet en hebbe laeten presenteeren

3019 1831 2189 169 aen de acceptaire en tuysee niet oock uytge

3009 1906 2117 171 noomen desen brief loop uu alle sat endien

3009 2018 2209 198 op uissel op lusoz die geaccepteert is tegeng

2992 2135 2319 198 het niuwe jaer wat ue met mij heeft a engagement

3019 2268 375 149 Ae62

4619 2317 609 155 22 br 1716

3002 2344 1199 164 Mons S Francos Cancof

3004 2399 2230 174 ja reau l'honneu de la vre 11 du cout avec remisses de

2994 2483 2296 147 ƒ600 argent de change sier mons mechel van choorce

2969 2561 2336 167 Brusselles a 6 jours de veuc la quelle gat envoye pr enprs

2987 2650 2325 171 curer acceptation et en suitte en son temps le payement

2989 2715 2293 200 s suigraice de foire qayez bien receu en son temps le

3000 2799 2276 157 marchandises q je vs ay vendiu et envoye jes pere que voy

3009 2874 2251 155 trouverez vres compte car je nay reen au aoeurq de vs aui

2994 2968 2262 173 mer et bien servir au pgard des bayes devente et flanelles

2986 3070 2272 116 etroites je vs avoue quelle ne tombent come du passe mais

2995 3134 2271 171 considee sil vs plaist q ne les parer d'avantage et quil

2982 3223 2313 178 sont encherce si bien  tdater les autres manufactures

3012 3293 2235 150 quelles me cousent plus cheres pr le draps bleuse je

2973 3361 2260 193 a repiendrez tous purs pur il vaillert plus q je le les vs ay

2985 3505 2311 127 vendu et il est perfaittement beue et bien conditionie au

2985 3605 2304 107 occasions quil soshrice quelle chose je vs pree  vs louwoner

2987 3641 2087 184 de moy et pi hopores de vos commandement que suis
