5479 3943
462 92 2249 119 nre connoissence et vs bien servir en amis a si part prix

471 157 2184 144 personne pourroit faire a cetterfin je vienne pr cette cy

475 294 2249 102 vs faire souvener de moy me recommanderen vos bonnes

467 391 2278 119 graces et vs adviser q jay receu quant ite de nouvelle me

488 435 2246 159 chandises d'aneene et vs asseurer q vs serez content de

481 521 2228 171 voir les assortiment dont et je suis foirne rien ne me

474 613 2255 178 manque nr vs servir et je ne manquera pr vs rendre

500 717 2240 166 content dont je vs prie faire ford et q je suis et seray

488 808 2244 196 toujours come madi vre compagne et toutte vre chee

469 899 1644 210 famille ma femme vs salue de mes me

1904 943 691 166 6 JullA 1716

407 1012 838 182 haet J: Daulmerige

466 1087 2269 192 vous avons tous jours este se bons amis et sommes de si veelle

514 1223 2216 148 connoissence p ensemble et je ne me piessimagine pr quile

516 1287 2203 172 raison vs g. ne m'honnore plus de vre chalandise ce sea

507 1400 2228 137 vez au moins q je suis si capable q personne d'anvers p

493 1472 2225 150 vs dervir bon marche je vs asseure q je my manquuray a

497 1542 2217 179 mais vs sommes de js gent et je ne souhaitte op den

496 1657 2185 147 tretenir les receux et bons chalands je vieme p cette vs

471 1753 2259 164 faire souve hie de my et vs adviser q jay receu de nouvelle

479 1837 2200 188 marchandises d'angleterre en abondance et ve prier en

476 1927 2255 179 mesme temps lorgquely j 'aura quelq chose pr vre service

479 2036 2265 154 a me vouloir venir voir et me trouverez de couren touttes

488 2167 391 138 occasions

1911 2144 527 177 6 Jully 115

394 2224 801 180 Brusselle J: haegens

497 2282 2215 193 Icken hebbe het gelieck niet gehadt ue dit gants jaer ick te

483 2398 2267 144 vercoopen nochte ue ten mijnen huyse te sien alhoewel ue huy

483 2479 2250 136 over ende inde ttadt geweest is ick en een niet bedencken om

492 2590 2252 148 wat reden ic engeloove niet een ander ue beeter cop als

491 2651 2205 126 ik con bedienen nochtes discreter met ue handelen ick

485 2746 2214 146 moete patiantie hebbe tot dat het ue anders sal believe

492 2847 2226 119 ic hebbe soo schoone gerief van alle soorten van laeckens

489 2962 2237 130 bayen en carseyen wersch gecregen ende noch partyeonder

487 3027 2251 124 wegen die met godts gratie p eesten verwachte als men me

493 3110 2258 132 oogen ien can dat ue sal moeten avoveeren al ue mij

474 3196 2264 123 sal gelieve aen te doen van mij eens te coemen beoecken

473 3264 2267 148 als dat een ander doit dat can ick oock doen ende daer en sal

459 3385 2283 126 ick niet een manckeren alst ue sal believen vant ick en

444 3452 2293 120 soecken niet als ue colandisie te onderhouden ick sal de

440 3560 2307 132 orjheyt tonemen in een dagh a 3 op ue te trecken op suc

430 3611 2302 175 ien d'ordre Dh Jacomo Rousseau £300  die

440 3681 2307 132 conform gelieft te verteeren blijve naer cordiaele roeenie

2780 91 1341 144 Amsterdam Francois Rousseau

4498 108 507 148 8 July 1715

2802 172 2357 141 het ue aengenaeme van 4 en 5 dese hebbe wel die retour becoemen de

2830 303 2315 79 tweb: geaccepteert bedancke ue voorde moyte endee vis het is mi leet

2837 352 2286 117 ue de 1000 niet en heeft connen trecken ick en hebbe niet geraeden

2845 427 2304 159 gevonden die af te geven daer waeren weynigh oft geene sorte brieven

2848 484 2298 162 te becoemen meest op eenige daegen dato oft sicht ende noch tot 3 ½

2862 568 2218 172 pr avonee voor den brief ick hebbe de varde van ste£ s00 op

2879 637 2278 164 a costij tegens 24 deser vallende sal ue die fournieren ende

2869 732 2238 197 de patye van £1000 doen voor m a rato van 4 pretint

2860 827 2247 190 jaer vrij gelt at orde naer ue assignatie van ƒ 40:18 voor

2853 920 2299 179 mesafrs de wed ferdinands oan pruijssemen is mij noch neg

2844 1009 2290 224 gepreenteert voor coemende sal die vecheeren ende uej daer

2868 1126 2304 153 voor in £6116:4 banco debiteeren de £800:- 9 desewallen

2858 1197 2283 239 de op louis foly moeten maer 15 betaelt worden ende de

2820 1297 2281 210 £s00 in 2 brieven op Jons van Cooma vallen maes 5

2851 1398 2273 184 deser op 21 gelt sijnde beyde van 6 my op 10 weeken ue

2861 1489 2308 181 heeft dien aengaende abus verhoepe mede met godts gratie

2866 1607 2247 169 d'eereste moogen hebben het sijnen tjde het hoet sevves

2888 1699 2192 183 ue te connen adviseeren ende dat die niet in pretest

2841 1794 2264 180 sullen moeten keeren eengaende de waeren die ue mijno

2863 1879 2268 186 teeft als coffijnener brandewijnen die sijn noch hooghtge

2842 1981 2309 168 noch in prijs ende aen te veel cuy peryen suet daeren

2850 2086 2250 195 engageere mij niet aen naer daer sijn andere courante

2842 2167 2335 193 waeren als waec en dier gelijcke van die natiere daersou

2869 2260 2235 170 demen somwylens iets by connen met fondement aen

2860 2350 2271 201 treffen aengaende de wales baerden mij dunckt het alte

2845 2460 2238 211 moeghte wesen om daer van tijdinge te connen hebben

2872 2544 2292 194 van goede of slechte wanghst ende dat connen mede als

2859 2639 2221 231 uytstroeysels wesen principael om dat die in eenen

2844 2731 2284 184 mant maght wesen mijne voor noemde N £5oo sijn op

2874 2836 2296 186 hem bidde eens te nooteeren oft hij van ouffisantie geeste

2875 2925 2308 194 meert wort het can mij ne enden in occasie dienstigh wel

4258 3046 449 154 10 July 1715

2883 3092 224 117 blijve

4826 3087 116 111 ond

2776 3132 985 142 Brusselle Jacomo Rousseau

2879 3140 2286 188 Jay reccu la greable vre du 27 du passe pr la quille 17:9: advese

2871 3226 2322 174 q le s'bejdals at a quite ma traite deƒ 4o0 de change et q m'avccz

2852 3302 2337 121 credite en cuitte vragant beaucoup d'obligation voyez a a ptict

2867 3374 2293 128 de S michel van schoor de ƒ300 de change ie vs pree en faire de

4340 3451 518 152 15: Jcaly 1715

2864 3489 673 103 mesme et mecroine

2824 3501 1060 162 Rotterdam iongs verbourghe

2860 3537 2302 176 sien pr ue misswe 9 deser dat john orster van heeft Godt danck

2860 3634 2296 133 salvo is ick hebbe eenige posten van daer geene brieven niette

2855 3713 2336 117 men geloove vastelijck aen sijde goort voor mj 2 packen moete

2852 3775 2277 93 wesen als & N15 en 16 want ick hebbe daer van de facture
