5181 3989
401 83 2178 166 wesen en uynegh oft geene occasie om te goute

422 158 2171 182 employen te connen doen wegens de lofferije ga

398 280 2194 204 het buyten mijne gedachten p ue laeste soo ontfen

412 376 2175 196 ge ue 2 brieven vs deser 2 usos en half op george

435 485 2159 196 morley Jancor in londen £ 200 aƒ ƒ 35:2 ¼ ƒ51:13:

436 586 2155 202 soo als ue hebbe gecrediteert maer hadde wel gewenst

443 689 2112 208 ue sijn goet vinden daer tegens getrocken dat bidde

435 798 2076 209 te doen want medts de bancque gesloeten is en

450 950 2017 138 can ue met mijne remitteeren geene pen

438 1025 2119 217 ninge verschaften oock ben ick van openie

459 1151 2125 213 ue het tot mijne bitere avantagie sal connen

458 1259 2031 171 effectueeren sal het met london nue verders

451 1354 2072 262 aen sien ende het geene ue tot mijn voordeel

472 1482 2029 223 can aentreffen blijft ue gerecommandeert

503 1579 2026 217 en sal mij alteyts eengenaeme wesen die blijve

1787 1696 717 180 23 Jullet 1714

304 1745 1174 178 Brusselle Jacomo Rousseau

439 1819 2030 215 ma derniere est du 19 du courant cellecy pr vs

474 1926 2035 191 prier de vouloir procurer le payement des mes

455 2078 2024 158 2 traittes a vre ordre ser mons de broyerƒ 100

431 2147 2076 219 sier mons haegens ƒ 300 en sem be 700 de change

461 2252 2137 230 cy incluse vs mobligeres qui sis parfaitten

1835 2344 697 161 28 Jullet 1714

298 2393 657 161 Mons eA daouss

476 2432 2131 215 pr responce a la chere vre du 22 du court mon ams

476 2558 2089 189 dhollande a receu la valeur de vos 4 assignations

486 2650 2115 182 ensemble ƒ 403:7 ge dit ƒ4037 ar gent eoent dhollan

476 2733 2115 226 jevs ay envoyce hier p messager Balla dans et

466 2834 2090 223 rolle marque N32 bonne flannelles 3 larges

460 2958 2063 171 alisiere bleure payable a ƒ48 de chonge 198 p

459 3040 2074 179 l'autre voyage vs aurez la baye bleux quantel

466 3120 2054 189 vs plaira me vener voir vs trouverez de queoy vs

474 3213 2108 210 essortir entre temps opr tout ce quel soffre pr vre

443 3318 1625 213 serse service commande moy que suis

1791 3408 575 163 28 gullet 1714

283 3409 963 226 Laeds Weiliam Coctsons

478 3438 2130 219 ma derniere ost du 23 du court avec remeses en 2 lettre

466 3594 2139 136 des £ 200 come  90 et £ 110 sur george mor ley

446 3701 2148 118 a londres voycy les secondes de pus vs grace auigue

469 3778 2002 82 reccu bien conditioneer vos 2 ballots N1 et 3 cime

2664 116 2345 94 aussy vre grace du j du court avec le connes s'em

2698 179 2295 134 die ballot restant  N2 charge dans welkenoord

2683 305 2300 135 pr retterdm jospere quil arrivera bienton

2686 374 2278 202 p la grace du secgecer au regere de la

2713 457 2267 243 qualite des draps de  N1 et 3 il me plai

2719 571 2246 222 sent assez bien tout ce quil s at a ardere

2725 655 2239 276 cest quils faut quils soient un peu plus

2716 808 2194 216 larges et un pece acceux ouverts on voit

2728 890 2194 300 trop la ffilleure tachez de les avoir bien

2714 1049 2215 243 tondee pr tout la p du commena

2735 1140 2234 236 ment diesques au bout cest la quilen

2732 1269 2215 257 les fait vendre ayez l'a bonte de metoces

2742 1363 2234 302 jours envoyer quily chose de bon et de

2755 1461 2248 292 la bonne marchaendise alors je les pie

2709 1577 2270 264 verdre et tant plus aures vs de enes con

2729 1693 2243 250 messyons car je ne  quil e e

2729 1788 2214 250 dans tout les pass bay de vos cialands

2734 1902 2228 319 quilivs est plus fedel q moy les autre

2723 2008 2270 271 rrent de la marchandises des plus qeu

2751 2129 2261 278 de vos cartiers et mos jeul jeme tiente

2771 2218 2186 260 a vs et p consequene vs estes iblege a

2746 2320 2144 278 me servir th dellement et avantles au

2770 2416 2144 288 a gant rece cette la meerine je vs prie

2786 2504 2197 320 de me prepares avant recu e be m

2788 2669 2168 255 je vs en cor ga pr de dcaps scavoir

2786 2717 2189 331 2½ m de 4:6 a 5 meeuedant ie

2784 2893 2193 216 a l'ordereaire avec t p des caresae

2775 2939 2171 316 & N3 jespere q vs en avez les eschantille

2803 3023 2195 290 ons ches vs N55:59:49:5 7:34:53:52:61:62

2767 3171 2112 262 63 ces sont de bonnes couleure rel

2755 3267 2239 230 a l advenant  p en cor    que

2763 3374 2214 197 est en chermen e ½ p come vs le trouve

2753 3464 2229 185 rezapropos encor de 5:6 a 4 n'excedant

2764 3554 2217 198 pas mays min voyez pas de coul

2772 3634 2220 168 vagants entre ces  r jen vec bieen quil

2764 3729 2240 156 giee centner q vs a pielle couleur drap preparge
