8056 4630
2524 193 604 172 Adij 9 sber 1733

791 221 770 167 Doel wedue le page

963 287 2207 195 hadde ue emijn brief van 17 julij lest versoght van gelt te brengen

951 391 2271 156 over de verachterde pachten, waer van sedert banmus gepasseert ue drij

935 469 2252 200 jaeren ten achteren staedt sedert hebbe ontfanghen ul blief van 13

908 575 2352 182 aug: lest leden, waer bij ue uijtstel versoght tot ontrent alder heyligey

925 673 2256 230 & dat dan sonder faut soude comen gelt brenghen welcken tijdt nu

957 793 2228 172 genadert is ende sien tot noch toe geen effect van ue gelost en

963 890 2260 222 waerom desen ue andermael schrijve, om hie al noch te vermaenen

964 1008 2265 205 van niet langer uyt te stellen, & mijne genegentheydt q patdentie

969 1130 2214 165 niet te misbruycken, mij dan op ue gelofte betrouwende, ende

963 1265 1958 135 ue met gelt te gemoet siende blijve naer groetenisse

2552 1346 648 189 Adij 31 sber 1733

839 1393 534 216 Gendt Coppens

983 1481 2207 189 tot antwoords op ue onte seer aengename Jan 28 deser dient als

966 1620 2304 171 dat in gevolge ue ordre al no betaelt hebbe aen jouff van uytrecht

979 1753 2130 184 de somme van derthier guldens een & dry quant stujves

988 1880 2163 146 waer van hier ingesloten de quitantie sijnde voorders ue

968 1923 2306 255 seer verobligeert over de informatie die ue wel wilt namm

989 2090 2305 193 ten regarde van de ersteltenisse van mijn liefste ganne misen

983 2224 2259 167 tgen nu tanelijck wel gaet, dogh wij sijn nu in andere

973 2363 2196 148 struetien, het ssinder meysen leght nu sedert 3 dagen

979 2428 2316 227 te biddegh, tis ons lief te verstaen, dat onde ue faurlie

982 2561 2247 164 geen endispositie bespeort worst wenschende is alle

964 2695 2304 227 te volle gesontheydt voor tale gaevn mooght ontinueven

979 2815 2263 188 hebbe met den notans herremans willn accorderen ove

980 2947 2239 202 sijn rek die mij voor antwoordt gef daer geen accoortt

998 3068 2213 232 moest overgeschreden, & dat hem maert betalen hadde

1013 3189 2226 215 in gevolge de rek. hebbe soo veel uytgewerckt dat uy

988 3301 2207 217 patientie sae hebben, tuewer overusse te kerremisse

985 3423 2294 236 wij hebben deere van ue mevrouwe ue. liefste mjh

989 3589 2299 191 ut broeder  ssien een gelieeft saligh hooght huyst eenstaent

1001 3722 2188 186 ende versogesien van onse ordinaite complimentee al

1012 3851 2259 217 hier te willen ie greeven & tewer overiuste ue sogeenent

1006 4004 2158 145 tonten huisse te nemen blijv niet voordere pres intatie

1005 4106 603 144 van dienst

1011 4158 2220 199 het heeft den goedengodt gelieft van mij te verteenen

1016 4247 2286 221 een prijsie van thier dehijsente gudens in de uy trechtsche cottenge

5092 191 812 156 Adj 7 gber 1733-

3374 192 665 155 London John Edwards

3489 315 2336 138 ul. seer geertimeerde van 25 mey, 2 jusij, & 22 pass sijn mij op hunnen

3482 395 2382 167 tijdt ter handt gecomen, dienende desen tot antwoordt op den tweeden, dat

3507 491 2327 177 op ontfangh van den selven ue gecrediteert hebbe voor £20:- over de 5

3494 589 2369 169 loten, die ue voor mijne rekeninge in de lotterije in geschreven hadde en

3501 710 2411 174 in gevolge ue: laeste hebbe ue gedebiteert voor st £18:15  over  divident

3483 809 2424 181 van mijne £937:10 p suytsie aetien, vervallen 24 junij laest als mede

3481 903 2426 161 voor £46:15  over  divident van mijne £1200 bauck actien a 2

3506 1041 2396 168 vervallen 29 sber haest, & in gevolge ue voorders noteert dat paert van mijn

3481 1177 2436 125 sujzee aetten, geconverteert sijn in muwe suytsee aniniities volgens acte

3488 1229 2296 149 vant parlement soo hebbe op mijne boecken genoteert nuuwe sujfdee

3478 1375 2438 157 Ank: voor Capit ael £703:2:6 en & restant suytdee aetden voor capitael

3478 1458 2436 131 £234:7:6 daer valt groot verlies op de suyt ce i sedert eenige

3484 1593 2423 145 tijdt nu wenschte wee te weeten, oft het parlement responsabel blijft voor

3488 1675 2390 171 not geheel Capitael van dese niuire suytzee anndities, & ost mon dhe soo

3486 1781 2420 156 goedthoudt als de oude & oft de suyt dee comp. de dividenten sullen blijven

3464 1919 2441 136 continueren te betalen a rato van 4 p op het jaer om mij vervolgens

3485 1991 2417 160 te reguleren, sien dat dese actien, seer gedaelt sijn, verneme overk dat

3479 2112 2418 141 op 12 gber deser den intrest van mijne £1000:- onde luytzie anndities

3496 2204 2366 164 voor vervallen 29 sber pass met 2 t sal betaelt worden, als

3490 2323 2330 184 wanneer ter selver tijdt, afgelost & betaelt sal worden 6 vant

3478 2446 2402 164 Capitael, beloopende van mijn £1000:-  £63:15 & om de selve

3482 2588 2312 136 mede te connen ontfanghen, soo sende aen ue hier ingesloten de

3472 2671 2432 137 gedructe quitantie dobr my onderteekent, & verniits dese oude annuities

3472 2806 2433 132 tot de £1000:- wel soude willen hhebben, soo gelieft het gerembourseu

3476 2874 2439 182 Capitael wederom in te coope & dunckt ick: dat de bancke haere dividenten

3494 3016 2360 151 niet verminderen soude, soo coopt noch voor mijne rek: sol ponden

3497 3085 2405 190 doij hondent blanck actien, om de nu hebbende te vermeerderen tot de

3489 3208 2387 172 £2000: - dogh boven de 130  131 a 132 pt niet te besteden ue

3491 3361 2411 123 moet sigh niet presseren, & sigh naer des tijdts congecture reguseren, want

3495 3442 2357 161 soo den oorsogh blijf continueren sal der sekerlijck eenen grooten val

3475 3540 2412 120 comen en alle de fondtsen versoeckende hier ontrent te doen als voor

3481 3640 2403 171 eygen, & soo ue eenige ampletten gedaen heeft gelieft alles op mijnen

3486 3723 2387 208 name te laten stellen, & tgene ue in debours sal sijn, op cort sight op

3484 3872 2420 142 mij te toecken, & ingevalle ue geenen in coop doedt, laet de penningen mij

3496 3983 2420 154 Competererde, on de : berutten, tot naerder advies. ben verwondert dat ue

3467 4113 2402 124 mij de numeros van mijne 5 looten niet toe en sendt alsoo ue: mij

3475 4172 2426 202 genotent heeft, dat de lorten 3 maen den naer dinschrijvinge sonden

3496 4291 2408 171 uyt gelevert worden, & naer de  de lotterije getrocken worden, versoeck
