8097 4644
1044 229 2189 107 over de beschadigh de ½ 3 segels, hebbe mijn vrindt geschreven

1046 306 2141 152 hoe veel hij daer van pretendieert, & sal sijne pretentie ue vver

1050 395 266 137 senden

1037 419 2283 242 voorders soo somt meu my voorleden sal ue dagh presenteren eene

1036 616 2229 118 wissel brief door ue moeder de wed: Egidius sanen getrock en

1052 674 2192 166 warende den lesten derval dagh, waer over seer verwandert

1056 795 2189 171 wat siende dat de laette goederen op 30 junij 1738 Jaq ul

1038 874 2275 205 ontfanghen hebbe, & ul ock: alleen daer vooren gecredit ƒ 871:4

1036 1008 2159 163 wel wat somt dat te pas, dat ul moede die mirde of mij

1038 1107 2128 159 treckt, die noyt commissie van leveringe gegeven hebbe

1053 1221 2114 156 waer om den selven wissel brief hebbe laeten protisteren

1029 1317 2206 202 dogh versoght hier te houden tot dat ul daer over geschran

1032 1421 2151 205 hebbe, soo some & desen ue vragen, oft die truitte door ue

1035 1525 2158 196 moeder gedaen, voor ue rek. is, &ue vosdoeninge van de

1051 1679 2243 161 laette pleitije op 29 ju uij lest door ue my gesonden waer op

1035 1756 2063 208 mij cito moet ant woorden oft dien wisselbrief voor ice

1050 1877 2063 188 iek: soude betalen met d'oncosten van het pretest waer

1028 2031 612 169 made blijve

2441 2032 713 185 Ady 12 sber 1738

872 2138 674 151 London Will Jatmall

1029 2176 2177 212 J'ay receu l'honneur de la vre du 28 jullet 8:s: en son tems, p la

1036 2348 2222 152 quelle j'apprend vos plaintes touchant les dernieres cotils voirs envoye

1017 2419 2207 186 dans le ballot N7e9. dont, j'ay donne part a mon ouvoier, de qui ie

1026 2524 2180 156 n'ay eu responce, que cette semaine, sin a marquant quil at este

1037 2615 2208 206 a paris, & que la femine m'avoit envoye la partie sacus les choisir

1034 2707 2006 193 comme, il estoit accoutume de faire pour moy, & qu'il est tres

1031 2839 2193 123 mortifie, que cela fit avoire, & que doresnavant cela n'arrivera

1031 2952 2177 161 plus, jausssij qu'il ne peut comprendre qu'il y auvoit I 3 seales

1045 3034 2097 179 endonagees cependant qu'il est prest de vous donner refaction,

1042 3155 2204 123 ce pour quoy ayez las bonte de me marquer combien ie luy doit demander

1025 3271 2292 166 il y a long tems qu'ils sont payez de sorte que ie ne vois point occasionn

1048 3360 2258 149 pour avoir cette defaction, si non, que ie luy donne un ordre pour sotils

1022 3456 2229 185 & quoy que celas est arrive cette fois, ie n'espere pas que vous voudriez

1018 3556 2228 128 rompre vre si an sienne correspondence par cette a bys ie ne crois pas

1039 3651 2231 210 qu'un autre vous pouvra servir mieu, que ie n'ay fait, & si vous vondriez

1008 3802 2258 106 me donner une nouvelle ordre, ie ne doute pas que tous vos plaintes

1032 3866 2238 195 je passeront, quand, vous vous trouveraj de dornage & servie de la tres

1036 3991 2220 129 belle marchandise, cependant si vous voulez absolument vre compte

1019 4106 2234 144 courant j'attendray vre ordre la quelle sera observe, ayant l'honneur

1019 4202 755 149 d'estre pres sincerement.

1029 4298 2295 152 S. ie vous prie de faire mes complimendé a mons: vre pere, & que ie le seot

1032 4372 1017 83 remercie de son ther souvenir

3404 181 75 86 6

5740 155 189 155 d

5003 186 692 162 Adj 22 sber 1738

3425 213 397 164 Gudt Coppen

3490 312 2243 182 wij bevinden ons vereert met den aengenemen brief Jan onse lieve

3479 433 2261 166 suttes ue: alderlieffte de dato 24 deser daer bij verkomen haer goedt

3472 514 916 165 arrivement het tissien &

3473 633 2365 141 ingesloten de quitantie van monsr verbeeck aen wien betaelt hebbe

3466 768 2374 156 ƒ62:7 & ul: ick: daer vooren gedebiteert, pieter heeft in uehuyt in de catte

3432 855 680 165 straet geweest t

5105 916 592 195 Adj 3 xber 1738

3390 974 828 156 Turnhoudt wed: Guilb: Sanen

3472 1067 2362 167 voor gisteren besome een antwoords van mijnen briedt uyt london op mijnen brief

3470 1157 2324 167 de dato 12 pass. waer bij hem geschreven hebbe, dat ue aen hem refactie soude

3484 1279 2289 150 geven, soo over het sleght goeds als over de schade waer op hij seght dat hij

3471 1340 2417 154 blijde soude sijn, van op de 4 groot loet viertigh sahellingen steolink te moyen

3491 1468 2389 145 verliesen om daer af te sijn, & dat boven de N¼ 3 segels noch beschadight heeft

3482 1557 2365 134 bevonden 2¾ 3 segels die in alle de ploeyn oock beschadight sijn, daer hij 5

3470 1697 2438 156 schellingen sterline, heeft willen op verliesen, & niet conne vercoopen, te seggen

3486 1792 2403 170 pe stuck allen het welck ick hem moet vergoeden, soude samen sijn ƒ 32:17¼

3480 1874 701 151 M£3:10 tot 35:6 en

3487 1937 2396 213 mij seght oock dat hij van van wanghen 3 packen sedert ontfanghee heeft die

3468 2055 2420 180 alle seer schoon& fijn waeren, & in gevalle dat ick sonde besonlen van sijnen

3468 2179 2420 182 weckman dat ick hem soude senden een pack als hier onder maer dat sij

3472 2297 2439 166 soo schoon van couleur, fijn, & sick soude moeten wesen gelijck die van van

3479 2385 2316 185 manghen & in soo een geval, dat hij mij de preferrentie altijdt wilt geven

3471 2494 2381 182 sijnde dese propositie voor mij niet aennemelijck, want voor een su

3466 2597 2391 181 provisie souden somwijlen de tijken mij aen de hant blijven, ick sal hem

3457 2692 2391 165 schrijven & ul soude middelertijdt sigh van het schoon goedt sonmen voorsien

3466 2818 2375 140 om die commissie te trachten weder te crijgen, liet eens. wat schade ul

3462 2944 2420 127 sigh gedaen hebt gelieft mij te schrijvan of ick de voors ƒ 38:12½ vergoeden

3466 3025 2357 158 sal oft ul dese goederen van het lalder schoenste & fijnste, soude besorghen

3452 3132 2448 187 dn hem daer van kennisse te geven, vertrouwel, op soo een maniere sijne

3447 3225 889 129 commissie wederom te hebben

3455 3294 2277 165 nu  alles qaea over peysen, soo suppnere dat die beschadighde tys. cc

3476 3442 2335 119 tusschen turnhoudt & hier daer aen geraelt sijn, om dat de 100 ps tegens

3476 3535 2445 191 gewoorte, brijdaghs op den noem maer erlt ontfanghen hebbe, & vraeghde noch

3455 3646 2465 150 aande arebeyders, waerom sij soo langh met dat goedt achter gebleven waeran

3473 3756 2201 134 die niet een woordt unt woorderen, hebbe echtes van buyten aen de

3459 3855 2277 135 parpieren niets gelien, oock ick gaen het goedt noyt ven binnen

3453 3981 2216 159 visiteren tot uys naeright ue antwoorrt dan tegens toecomende

3470 4095 2176 143 maendagh gewaghtende blij soo op d'een als dander blijven

4621 4211 348 193 1erte
