8056 4658
963 213 2336 151 P.S. hebbe desen brief opgehouden tot heden 5 meij 1142 op de tijdinge

968 303 2312 141 dat de engelsche ttouppen in een dagh oft hier souden overgeomn

961 383 2256 149 hebben, nu sien laet contrarie, oock dat de fontsen wat williger

963 536 2279 186 sijne laete het voors ordre aen ue goedt oordeel van in te loopen

990 571 2189 255 oft van wat aen te sien, ick weete niet oat negotite de suytz:

955 684 2318 236 comp. nu is doende, om men divident te vergrooten dat mischien

961 794 2276 182 de reden is, waerom die monteert gedrage mij geheelijck ant

965 896 2202 231 gene ue hier inne sal gedaen hebben, & soo ick die ordre omt

980 991 2252 215 te volbrengen, versoecke alles op mijn name te laeten stellen

972 1123 2084 201 mij te laeten weeten, wat ick sal geasfoctueert hebben

2448 1259 729 183 Ady 20 mej 1742

981 1271 748 190 & blijve als vooren

790 1393 1595 173 Brussel J: Jan benthem Coopian in Hout

996 1397 2138 259 alsoo eenige rebben noodigh hebbe, & dat van d heer peytier

995 1569 2192 237 mij geinformeert hebbe dat ut den selven heere bedient

987 1667 2196 239 heeft int masken can sijnen bouw soo neme de libertijdt

987 1809 2139 214 van ue bij desen te comen versoecken van mij te willee

1007 1934 2039 199 noteren oft ue: mij sonde connen besorgen te weeten

1110 2033 1818 211 hebben Van 12 voet lanck 585 duyn dick

2215 2191 240 150 ƒj5

1640 2201 350 135 14 doet

1165 2223 225 165 ditto

1651 2245 968 233 11 ¼ voet . 545 d

1149 2327 352 149 ditto

1143 2341 1804 294 ditto ..15 a 16 wat 586 duyen dick

1017 2501 2080 202 dogh souden alle geeft & schoon moeten wesen sonder

978 2613 2181 248 speck oft lantigh, soude die int kort moeten hebben

987 2737 2260 241 daerom gelieft soo goedt te syn van mij op ontfangh deser

980 2856 2290 214 te noteren de pris p 100 voet soo Jan deen als d'ander

962 2980 2095 253 & op wat tijdt die al hier soude connen besomen oft

993 3100 1942 208 ontfanghen ue antwordt dan met verlangen

981 3258 1006 200 fwaghtende blijve

2355 3260 771 225 Ady 24 mey 1742

830 3389 983 206 brussel S: Van Berthem

1024 3477 2186 213 ul: aengename 21 deses wel ontfanghen daer bij gesien, dat

990 3608 2276 212 uk vraeght & guldens & 5 stuyvers het 100 voot ribts brusselsche

999 3743 2254 213 maete, sick weete niet oft de mate 8 an brussel egael is aen de

1005 3858 2177 206 ouse, wacrom de jutte mate  un antwer perd hier achter

987 3975 2249 202 geteckent hebbe, ue soude de hebben moeten laten saken

991 4107 2199 205 naer dese motitie, & waert dat de grester ware sals de

989 4210 2231 194 brusselse, soude hnt emport maer connen geangmentiert

5802 208 119 100 177

3489 214 2192 119 worden in de duymen weete wel dat de ordinaire hebben

3472 297 2368 169 geresient worden 't ddijmen viercant wat den prijs aengaet

3462 395 2371 177 ick geloove niet dat ul van mij meerder soude begivren als

3473 516 2362 138 ul die hier aen andere hebt gesonden waer op mij geheel

3475 594 2356 168 vertrouwe & sal het import soo haest de restenine sal

3461 709 2464 145 hebben aen ue p bode toesenden, hier achter dan de notitie

3454 839 2436 168 & gelieft die op het spoedighre te doen sagen van geeff en

3467 935 2455 186 goedt hant daer magh geen speck aen wese nochte enige

3413 1043 2440 154 fauter hebben, mooten dienen voor eenen graen solder soo

3467 1152 2387 200 dat sij swaer gewight moeten draght daerom particulier

3466 1289 2328 132 daer vooren te sorgen sijnde daer bij oock seer telegen

3455 1410 2389 176 om dat den bouw seer naer voltrocken is, niet tuyfelende

3470 1504 2414 202 of binnen 10 a 12 dagher de selve sult connen of lende

3464 1642 2405 149 om reda voorss 1waso op het geluck van uen antwoordt

3469 1782 2143 176 f vaghtende blijve noes ser aniyelame groetenisse

3571 1870 1825 164 45 rebber Jan 12 voet lanck 5 en 5 duyem dick

3678 1982 1414 171 9 ditto. van 11½ oet d 5a5 d

3629 2029 1851 202 12 ditto Jan 14 goet lancke 5 en 6 duyn dick

3656 2157 1871 187 6 ditto Jan 15 voet lanck & en 6 duyn dick

3449 2277 2344 195 pP. stelt niet uyt van het voors op het alderspoedightte int wercke

3467 2444 2399 155 te stallen, op dat geen tijdt versuymt en wode, us soude nuscheen

3455 2515 2366 139 de naeste wesse al dits comen sende, ben te conmen werck een

3460 2609 2375 196 te leggen, ick ul die sust alle gelijck soo niet wedigh, want

3442 2741 2390 178 connen niet alle te samen geleydt worden, e waer een goede

3439 2862 2341 173 sake dat die van 5 en 6 duyn dick & was het mogelijck

3458 2963 2414 194 eenege Jan 12 voeten lanck 5 & 5 du ym conde de neeste wesse

3460 3089 731 149 af gesonden worden

3455 3130 2345 250 ll: soude oock het goedt op ul tolbrief connen laten gaen

3454 3301 2417 205 terwijlen ick mede brijten, oft soude hier wel een pertificatie

3453 3405 2397 181 dragen, & die ue  toe senden om onderwegen Jan de tolle bevrjdt

3458 3562 2451 133 te sijn, gelieft mij ul ondersightinge & het geen hier toe noodigh

3444 3661 755 164 is te leter weten

5087 3703 740 196 Ady 25 mey 1722

3386 3780 809 198 Brussel J. Van bunthem

3414 3922 2501 208 1 referrere mij aen mij nen laesten van gitteren, sedert ben geinformeert

3457 4026 2469 164 dat de maete Jan brussel sorter is als de onse antwerpsche, principall

3451 4135 2435 191 in de leingde, soo ue dan de ribben op de mata Jan brussel soude

3459 4272 2458 175 laeten segen souden alle de hebben te cort vallay & niet conmen gebruyckt
