8015 4678
977 230 2252 130 sont pas a trouver ainsij que ie ne scay que faire si ie n'en trouve

955 336 2104 180 pas dicy en quelques jours, mandez moy, ce quil faut faire

948 465 463 145 positivement

954 435 2297 228 a linstant ie recois vre seconde lettre ou vous me marque de faire

940 615 2313 197 compter largent a mons. Jean de Cleves ce bruxelles qui m'est asse

959 706 2286 229 comue & a me connoit aussij c'est un fort brave homme & de bonne

936 814 2202 188 confience, vous pouriez luy ordonner de tirer sur moy, ce que ie

960 920 2161 187 vous dois ou bien su vous voulez m'ordonner que d'envoye

954 999 2261 202 mon valet p la diligence a bruxelles avec largent, pour rendre

954 1172 2199 139 au dit s: de clever le risque & frais pour vre compte, ie me

944 1244 2244 146 fierois moy mesme en las de necessite plustot sur mon valet

955 1374 2134 189 que sur les messagiers & En attendant vre responce a la

944 1469 2269 209 reception de cette, ie suis avec les compliments ordinaires

896 1588 2324 195 P. J'ay trouve aprez cette escrite encor une lettre de change

950 1675 2207 222 a de ƒ600:- qui doit estre paye le 6 courant, que ie vous

962 1818 2296 185 envoye cy ioint estant a l charge de mons. Joseph mesquelier

957 1934 2210 191 a basteler& negotie au pairr dont il vous plaira procurer

963 2059 936 159 le requis & m'es crediter

2445 2038 757 229 Ady 3 mars 1733

805 2159 1110 225 Rijsel wed: theodor van Zeller

968 2222 2144 250 ie vous ay remis p ma lettre dhier ƒ600:- de change a la

940 2336 2249 222 charge de Joseph masquelier a bruxelles me refertant au reste

956 2466 1975 236 cette pour vous envoyer les 3 incluses remises scavoir

970 2583 2148 191 une de ƒ963:10 sur antoine Jean mottinck a vue p caisse

958 2690 2148 224 une de ƒ618:- sur max: clement bine de chat pay able le

962 2860 657 154 & courant prefise

982 2862 2279 214 une de  731:11:8 et de change sur antonio de soria a bin p caiss

2214 3021 637 88 n ' argent de change

972 3075 2159 146 tous payable dans la ville de bruxelles avant le 10 courant

961 3119 2281 215 estant negotie au pair j'attendray l'honneur de vr responce

953 3255 1768 170 sur ma darditte preditte & suis lans reserve

2522 3340 679 199 Ady 6 mars 1733

765 3409 970 189 Brussel Jean de Cleves

956 3503 2276 213 comme madame la veuve theodor Van Zeller de Lille, m'avoit

970 3626 2303 210 ordonne de luy remettre sur bruxelles, payeble avant le 10 courts

966 3742 2273 197 que trouvant point cette occasion, elle m'at priez de vous en

970 3858 2208 215 donner part & en mesme tems de vous prier d'avoir la bonte

928 4010 2300 195 de vouloir tirer sur moy, pour son compte, ce pour quoy

964 4135 2208 189 J'ay l'honneur de vous donner port adviser p cette, que ie

977 4247 2291 212 n'ay peu satisfaire a la demande, n'ayant trouve des

5789 132 95 172 14

3478 222 2230 128 lettres a s courtes jours ainsij vous este prier monsieur de vouloir

3464 289 2392 207 tirert sur moy, pour son compte, a vue p caisse cou comme vous le

3450 413 2404 144 trouveray couvenable) la somne de neuf cent vingt livres de gros

3454 505 2377 156 de change y compris les trois mille florins de change les quelles

3465 609 2352 179 elle, vous at ordonne de tirer sur moy p sa lettre du 4 court:

3445 724 2328 214 & soyez persuade, que ie ferray tous honneurs a vos traittes

3462 850 1710 197 & me croive, que ie suis tres parfaittement

5105 919 694 215 Ady 11 mars 1733

3328 987 996 207 Rijsel wed: theodor Van Zeller

3467 1097 2411 202 J'ay bien receu les agreables vres du 4 „ 6 & 8 du courant, ayant examine

3460 1210 2398 233 la premiere, & trouve les sommes y mentionne de conformite, ce que

3472 1327 2359 192 j'avois annote de mesme, tant pour mes deux remises sur bruxelles

3471 1445 2389 216 qu a legard de la negotiation de vos quatres lettres de change sur

3475 1593 2384 145 amtt & comme ie ne pouvois plus trouver des lettres de change

3465 1695 2393 218 sur bruxelles payable vers le 10 court: j'avois escrit a mons: Jan

3456 1826 2266 191 de cleves, qu'il pourroit tirer sur moy, sus qua neuf cent vingt

3457 1913 2402 228 livres de gros de change, qui m'a respondue que l'occasion de tirer

3469 2055 2381 220 ettoit plus difficile a trouver a bruxelles qu'a anvers tellement

3451 2185 2296 180 quil me mande, de luy remettre la moitie de la somme

3454 2320 2315 166 ce que ie tacheray de faire au plustoit p la seconde, vous

3459 2435 2362 136 avez la bonte, de me marquer la reception de mes remises

3457 2555 2307 204 faites p ma lettre du 3 courant, que vous avez annote de

3455 2670 2313 214 conformite ce qui est bien, nous estions ravee d'aprendre en

3475 2791 2316 203 mesme tems que mons: de Lannoy & mons. vre fils avec leurs

3465 2891 2334 218 dames comp. avoient prise la resolution, de vour faire un

3460 3053 2294 179 tour a auvers & p vre derniere ie vois que cette voyage est

3481 3156 2321 212 remise pour quelques jours, que nous esperons, quil ne sera

3453 3274 2435 204 pas, pour beaucoups, & que nous aurons en plu, le plaisir de

3477 3395 2356 165 les voir icy pour leurs pouvoir te smoigner les marques de

3467 3518 2447 166 vre sincere amitie & En attendant cette attente, J'ay l'honner

3467 3658 1442 201 d'estre aprez bien des compliments

5139 3696 763 218 Ady 15 mars 1733

3380 3774 842 211 Brussel Jean de Cleves

3471 3869 2456 253 J'ay receu en son tams vre agreable lettre du 9 courant, p la quelle

3472 4048 2395 178 vous me marque que les bccasions pour tirer sur anvers sont a

3470 4178 2484 223 brussel tout au moins si difficiles, que dicy a remettre & que ce
