7810 4699
2477 206 818 167 Ady 17 8bre 1730

785 200 1076 195 Brussel president Traula

945 335 2351 167 ie me trouve honore p la chere vre du 14 courant, y joint un excompla

962 424 2321 193 de la purge, touchant la rente en question, ie vous avois priez

957 549 2296 175 p ma lettre du 5 xbre passe de faire faire la ditte purge, sur

946 606 2364 192 mon nom sans y joindre au q'un titre, & ie trouve dans l'etemp lai

929 748 2376 161 qu'on my donne le titre de vieu eschevan, qui ne m'est pas due

962 853 2314 208 puis que ie n'aj jamais este eschevan de ue ville d'anvers

965 975 2345 209 mois bien aumoitter, ce pour quoy ie vous prie de faire efacer

966 1091 2332 217 le mot schepenen & dy mettre candessus aclemoestenier pour que

957 1200 2341 227 ie ne suve point, pour le rese de la ville, de mesme faut il

956 1342 1502 163 quil soit redresse dans la requeste

947 1476 2357 146 vre lig me demande la demante des personnes qui pourroient

950 1545 2337 223 faire difficulte, il y en at icy plusieurs qui sappellent van

957 1668 2351 212 hatengmens ie ne scauvois dire ceux qui pourroient sopposes

966 1833 2235 155 lefs: hendric de meester, qui at espouze maria ange la

966 1913 2141 215 van hasten demeure, by de borcht siercke ontrent de

966 2023 2296 213 herberge den hemel, a qui l'huissier se devroit s'addresser

950 2107 2294 202 & a luy mander le dement de la belle souis, maria aques

972 2275 2221 173 van hasten, qui at espouze jeansr. boutats, qui est len

971 2376 2335 203 Anglettere du en escosse, aussij luy faire mander sil y en

965 2462 2348 216 a vencor d'autres de la mesme famile ie crois que madame

945 2602 2308 216 la presidente vous pourre donner plus de clairlissement

957 2732 2303 217 a eet sgard que noy, puis que la framile ne m'est pas

952 2876 2293 195 le fort comme cependant ie seray toujoirs prest pour

954 2960 2326 214 vous rendre service en tout ce quil me serat possisle

962 3153 1699 148 estant toujours avec bien de lettime

939 3217 2186 216 B.. vre predite lettre ne m'at este vendue p le S:

925 3382 1248 196 Bourgous, qua siier au lois

2563 3426 676 203 Adij 20 sber 1730

740 3507 1532 201 Brecht schout het Borgemeester & schepenen

963 3628 2285 206 twijfele niet, of tis aen ue genoechs aen bekent, als dat op 25 sber

962 3768 2265 174 van den jaere 1728 tot laste van ue: prochie van brecht verleden

964 3866 2202 162 hebbe eene capitale somme van vyd uysent guldent captal

966 3989 2293 131 wissel gelde ten intreste volgens ostipulatie van den vanten brief

952 4081 2266 147 sijnde nu over de twee jaren crois vervallen, sonder eenen st

951 4204 2241 144 daer & en ontfanghen te hebben, waer om dese aen ue

3508 233 2467 105 schrijve met versoeck van mij p eersten te comen voldoen, op dat niet

3511 315 2421 131 genoortsaeckt soude sijn, eenige andere mindelen te gebruyken om

3517 405 2393 156 betalinge te besomen, mij vartrouvende op ue ½ goede sorge & blijve

3518 490 771 174 met groote achtingge

5158 507 789 190 Ady 25 xber 1730

3338 599 901 202 e selle Joos de maeyer

3505 657 2425 249 hebbe op 2 ernij lest leden ue geschreven ende versoght als dat

3514 813 2354 213 ne soude somen betalen de 3 garen pachten verachtert &

3503 964 2408 215 versocht p eerten te comen betalen op dat niet genooddsaeckt

3487 1073 2351 208 soude sijn andere middelen te gebrwjsen dat gelieve te

3510 1254 2437 170 voercomen ul met verlangen met gelt af waghtente blijve

5217 1296 768 199 Ady 27 xbr 1630

3349 1370 936 193 Toldrecht Jan Cuycsil

3504 1472 2435 231 het selve als voeren & geseght a wegh van recht in te

3523 1635 392 187 gaen

5200 1603 448 233 ƒ57:8:

3327 1726 1225 213 sendreht pausus van geerde

5177 1793 728 211 Adij 28 sber 1730

3508 1882 508 184 als voorse

3351 2004 966 211 sendt Causmalier, procureur

3523 2095 2363 169 ul: aengename 18 deses wel op sijn tijt ontfanghen, waer bij vernomen

3501 2227 2468 160 hadde, dat dh. Coppens den gettelden dagh tht het doen van den best hadde

3505 2360 2468 167 laten onderblijven, hier nevens comt een andere citatie om op den 2 en

3510 2467 2390 133 november aenstaende, voor de heeren commissansen van de maenst

3494 2603 2347 132 ten een uwe naer noem te comen sien doen de esxpurgatie van

3498 2726 2446 161 eenige articulen, van de replicque ue sal wel toeletten, op wat

3491 2796 2476 210 & welcke arficulen van de replicque die espurgatie sal geschreven

3486 2916 2464 132 doende aen teckenen de modificatie, oft veranderinge live correetien

3516 3054 2363 183 die men misschien sal comen te doen, mij adviserende wat daer

3499 3148 2427 166 ontrent sal wesen voorgevallen de goede inoigilante blijff us

3499 3279 2421 207 nertelijck gerecomandert & ue antwoordt afwaghten blijve

4225 3387 333 207 Copie

4441 3446 854 163 venens 27 xber 1730

3513 3528 2454 169 dhe sesan ferdinande coppens heere dee prochie & luerlijckheydt van

3518 3701 2454 177 twijndrecht rant van zijne majettijots qavinvalen raede van vlaenderen

3511 3832 2368 164 tot gendt som ue vre beschrevene & excipienten, & breanna maria

5683 3925 173 89 en

3493 3921 2418 135 Josepha de lannoy n marite geexcipieerdend om op den 2 gber

3513 4016 2451 164 1730 ten een ure naer noem ten huyse van de Comissen van de mandt

3506 4164 2445 134 van den rade van vlaenderen tot genddt te comen sien in esdurg: voorgaen

3516 4243 2443 125 ofte sien bedt doen ter goeder trouuwe door de excipienten, op eenige artieulen

3512 4357 2409 101 van de rescriptien van ennen twegen in de voors sake, alhier hangende, gedient
