8049 4658
2475 199 719 156 Adij 22 meij 1744

816 179 1422 192 Brught schouthet boogende & schepenen

1019 308 2274 153 hebbe aen Mijnheer den schout het, p mijnen brief de dato 10 Janu

1016 418 2243 139 lest, laeten weeten, als dat ul ontfangers in more blijven

1038 512 2255 189 mijne vervallen roisen van renten te comen voldoen hadden

1027 597 2272 189 mij seherlijck betrouwt, op sijne goede sorge, evenwel, en hebben

1030 726 2257 178 nochte den eenen, nochte den anderen tot hier toe, niet verno

1036 845 2229 164 =men watter obsteert, can niet bedencken, sijnde mijne broisen

1023 967 2169 146 nu verachtert, sedert 15 sber 174: soo over de twee jaeren en

1018 1066 2271 168 seven maenden, waerom desen aen ul: borgemien schepenen

1021 1191 2265 156 schrijve, op dat gij lieden beter sorge soudt gelieven te draegen

1020 1314 2268 162 tot welstant van ul prochie, en geen protents van Jgnoran

1020 1442 2115 157 tie, souden bonnen op nemen versoeckende dan van ul:

1017 1549 2216 177 ontfangers sonder voorderen uijtstel, te ordonneren van op

1019 1641 2285 169 het spoedighste mij te comen voldoen, twelck alsoo verwacht

1021 1794 980 132 sende blijve oprechtelijck

1020 1821 2224 181 15 July 1f44. is desters DG melijn tenen daigh onalese &36

2306 1924 479 119 4 sbre 12a1

780 1950 1055 130 Londen John Edwardt a soon

1025 2080 2094 108 moet ue met groot heet wisen in toween het om almogende

1655 2132 457 66 mijnen man,

986 2157 2212 137 lechaeght heeft van mijn te cepencaen op 15 july raisato, dal heb

984 2244 2135 119 heee te beantwoorden ad aengenamin van 30 meert en 24

976 2323 2154 121 letusty, dat uw heb gedibeteet vooe intfangene lenten

971 2428 2074 98 daer innegespecctaert a lauteven vallen &hBunij laert

977 2524 2059 129 mnu defondte opnijne naem te doen venhoosden gaet

967 2625 2226 121 hier inne longen vhet sertanene en codiceles door ons byn

962 2721 2199 120 geparseert, waermedensoute in artsberschop hoft de permisse

990 2797 2111 123 teversoecken en afto senden om at huer roude wet he palsane

971 2888 2132 107 en volgenslijckx proreckt van meeude prouratie e  baver

980 2965 2207 125 tot Centinualie vanden enslanck de centere elje hebbe dier

996 3056 1125 100 naer groetenisse te blijven

2199 3098 1077 167 Antwerpen 21 sber 1744

779 3105 1327 172 gendt d' heer C ff. boppens sone

1017 3225 1114 92 van Raests heer Coppens

1024 3250 1388 167 Mijn heer ende seer betaenden teve

998 3295 2198 223 Ick hebbe met veel satisfactie vernomen door

1035 3419 2144 137 deer kan ue aengenaemen van 6 deser maent, ue

1039 3483 2261 184 goet arrivement finnen gent als oock de goede dporitie

1003 3583 2264 109 van d heer ue laeder, die  il verhopen de ontslaegen

978 3666 2223 102 is ant flerecijn, terwijlent hy in Haet Ellas  an ue

956 3714 2259 151 tegen te commen buyten de stadt, maer hj conde wel

992 3775 2217 139 perjien dat de brouillien tcant tershuys en het drowigh

971 3834 2234 142 &derlies dat ick gedaen hebbe, niet vermitteerden can over

984 3919 2313 135 te commen met mijne dochters doch hebbe met sergenoege

972 3977 2283 154 gesien, dat de onthaelinge ende rintschap ue uytter

976 4078 2224 133 herten bethoont, aengenaem is geweest, twelck als

996 4193 2153 113 nck hest lijn present ue gedaen, niet meriteert

976 4222 2309 127 alle ue danebesegginge, doch ue mach al tijt verseseert

965 4322 2331 139 sijn Jan de continuatie van onse vrintschap als oock

5858 196 91 86 1d

3521 214 2517 136 sijn hier ue layder aen alien ue versoecke mijne st

3522 339 2432 141 coomplimen ten bedoen beneffens dat van mijne dochter

3534 409 2410 111 die ue oock seer doen groeten, oock senochte wel te

5975 434 73 95 al

3549 446 2278 159 lleten oft ue betaelinge genoten heeft van de

3554 530 2493 188 tweeen deventich guldent en ses stuijvers bourant

5969 610 78 60 A

3563 591 2480 220 gelt die ue mij issel heeft gelieven t'apaneeren soortse

3564 665 2413 207 mijne quitancee can gelijcke comme e ter hand

3548 757 2431 227 gestelt op d heer alkeers, commis van d'imporitie

3550 880 2404 150 int quaer tier van gent voor 7 maenden 7 daegen In trest

3572 935 2305 169 can eene lijf remte Wan  120:- & jaerlijckn

3558 1015 2395 161 beseth bj dseeren leden u can llaenderen, ten lijve

3555 1090 2355 169 can mijnen overleden man, ofte wel oft sij daer

3552 1170 2338 172 eenige difficusteyt over gemaeckt hebben  en

3547 1291 2495 123 alsooo betande een briefken op het den zessenaer

3551 1353 2401 185 in het comptoir van mijnen llan saliger wa

3543 1439 2280 143 bij hij teiyt sehuldich te sijn aen d'heer se

3576 1533 2360 160 adisecaest &Basilus tot gendt drj ponden drij

3565 1636 2439 142 schellingen acht grooten &laems courant gelt

3540 1720 2401 162 en niets letende loft hij 't selve heeft doen betaelen.

3533 1812 2426 195 soo versoecke de goetheyt te slillen hebben an

3551 1898 2398 191 met guilliam eens te doen &lraegen, oft hij noch

3554 2011 2387 153 eenige openrtaende rekeninge smet mijnen man

3567 2076 2332 198 saligen is hebbende, en in den gevalle kan jae

3550 2185 2452 182 oft het dese somme beloopt om het hem te doen

3550 2288 2408 176 betaelen andersirite oft het meer besiep, kan my sijne

3546 2375 2432 166 rekerienge te willen seynden, lraegende ue eoxcusi

3518 2470 2434 184 van de noeyte die ick ue geve en Jan soo lanck

3524 2564 2413 178 gewacht tes hebben kan ick ue te beantwoorden

3533 2642 2418 154 tgine de continuele affairens my beseth hebben

3543 2728 2404 203 en deer can ue antwooredt terwach tende, en die van

3526 2813 2266 167 ue presentie tegens kersnis, ijnt geselschan van

3519 2904 2456 167 ssijn heer ue llaeder, met erroeste lan, ue logemente

3531 2973 2391 200 t onsen huijsen te nemen blijve met veel csfime

3525 3100 843 146 en Dincenteyt

3404 3149 2568 263 ndt d heer 6. f. P. Boppens Lone Antwerpen 22 gber 171

3540 3305 1459 164 van dene raedtsheer Copsens

3529 3373 1813 201 Mijn heer ende saer bemieden Neve

3522 3525 2515 175 Dedert mijnen lesten van 21 deser maen  waer 16

3544 3614 2414 142 bij ue versoecht hadde, kan aen d' heer advoca

3534 3733 2447 168 Masilues de laeten Ieraegen oft hij de 3:3:8

3543 3780 2394 173 blaems oourant gelt dat bevonden ge door een

3522 3867 2397 147 brietseen in het coomptoir van mijnen man hem

3501 3926 2536 175 schuldich te sijn, moest hebben  soo hebbe ledertiste

3519 4029 2486 171 gesien in den bopye boeck door eenen brief geschreve

3502 4108 2347 206 can mijnen voors Jan Baliger op 17 sber

3557 4206 2375 163 74 3 aen ditto heer advocaet basileus, dat his de voors

3510 4273 2371 196 3:3: 8 et hadde ter handt gestelt aen Gulliam ue
