8036 4651
2244 223 1052 133 Antwerpen den 13 meert 1745

793 210 1533 178 Londen Bheeren John Edwardsen soon

1007 379 567 173 lijk heeren

1015 490 2282 142 =Sedert mijn brief van 3 bourant bekome ul geeerde

997 608 2252 113 llan 22 passatosen geern gesien ied de perrissie

3153 701 60 58 a

1009 708 2270 126 uijt het hefscan den artsbischop had bescomen om de

1007 773 2304 146 Londse can mijnen Man saliger te mogen disponeren

1004 832 2224 148 gaende hier grine volgens de mijdel de 2 proverestien

1005 924 2298 135 drri de £2000:- bargise actie op mijnen, naem te stellen

1009 986 2292 141 ullende de modellen van deB. see actien en

1003 1069 2308 150 annuitijten ins gelijckx verwachten om de transporten

2170 1163 73 59 als

1017 1161 2276 128 mede te lconnen doen en alles behoorelijtte gepasseert is

1015 1247 2231 133 Cersoecke de notariael declaratien van de registers

1018 1339 2240 121 en mijne courante reseeiinge onder tusschen hebbe

1014 1437 1455 120 deere met alle estime te llesen

2268 1558 689 158 ane. 17 apil 145

753 1592 1039 177 Londen John Edwands adoor

1163 1705 1973 102 uld aengenamen dan 26 passato wil ontlangen en geernegenen

989 1792 2162 101 derBapis actien met de gesondene rouratie op mijne naem gestelt winden

991 1874 2196 91 hier beneffens gaende 6 pouratier volgens de modelen om de £500: xeeytee

985 1941 2111 97 aeteen £1000: oude en £1000: miendezuytse annurtjeenn in gelgett

995 2040 2117 101 pnjue naem te doen stellen, sijnde seenwel id de goetheyt sullen hebben

990 2085 2077 116 als alles  sal geparseert ween mij een nottaniael latnaert uyt dengertens

992 2180 2105 99 te sonden beneffens mijne courante rekeninge met duand aenentuaie

990 2238 1411 121 ondertusschen heb bene naer gpoetenisse & blijven

873 2351 2320 190 drecht ueter AMeylaert ian Antwerpen den 10 pril 1715

1045 2466 659 117 op het draeyen hof

1004 2523 927 138 seer Eersaemen

1051 2601 2145 169 Ddesen is dienende om ue int vrindeliyck te vermaenen tot

1056 2717 2072 111 betaelinge vant jaer landt packt dat ue mij schuldigh s

1050 2761 2180 151 verschenen te bamis seventhien hondert vierenveertigh als

1062 2849 2160 105 oock tot graven en ue landt essen te leyghen in gevolgen

1062 2939 2212 128 de conditien van ue packt brief op dat ick mij niet genoo

1060 3036 2107 104 saeck vinden t'selven tuwen bosten te doen effectuere

1052 3124 2190 94 volgens de voorschreven conditien waer toe ul dover langen

1069 3172 2047 117 tijdt hebbe doen vermaenen, door den soon van mijnen

1047 3276 2162 113 gresfier van 5wijndrecht sonder effeet te sien, verhopende

1062 3306 2150 167 nochtans om alle onkosten te vermeyden ue sal voorcomen

1068 3401 2184 150 met den eersten van ue over het een en dander in recht &

1052 3478 1655 155 moeten aenspreecken blijven de sincerelijck,

861 3551 2290 173 Swijndrecht Berneles van Bogaert Antwerpen den 30 april 171

1116 3676 630 118 seer eersaemen

1078 3738 2164 138 desen is dienende om ue te vermaenen, tot betaelinge van lwee

1050 3835 2089 92 jaeren packt die ue mij schuldigh sijt t'leste verschenen te

1043 3860 2169 148 bamis seventhien hondert vierenveertigh, twelck niet twijffele

1057 3988 2095 106 oft den sone van den gresseer van swijndrecht van mijnen

1030 4041 2208 87 t'wegen ue al int veel minnelijck gedaen heeft, en waer aen

1034 4114 2057 96 verhopen ue ten eersten sut volcommen, op dat ick mij niet

1030 4128 2258 184 genootsaeckt vinde ue daer over en recht te moeten aen sprecken

1029 4221 1500 119 in welcke verwachtinge blijve op rechtelijck

4813 189 1094 131 Antwerpen den 8 Mey 174¼

3472 212 1738 137 londen dheer John Edwards en Soon

5925 379 58 159 l

3512 292 730 274 ijn heren

3591 492 2406 193 de aengenaemen van 16 passato ontfangen,

4442 607 185 68 aestje

3543 582 2448 135 d met de motariaele, van de registers ilbaer, by blij

3504 664 2459 161 dat de fondien van den naem van mijnen lan

3514 735 2396 179 fal op den mijnen aeren getrans porteert dat

3505 810 2453 169 seer illel is bedraegende d'ongelde van die admta

3513 921 2271 145 admines trtie £48:5:2 dit belast in mijne

3536 987 2419 178 coourante reeeninge laer kan ue het ectract

3528 1073 2261 153 senden daer inne vergoet de lgenten 20½

3516 1138 2448 165 25 meert laest en remise to½ badg van £263: 8to

3526 1235 2442 166 a 35  3 e op micheel ctuvray die op 4 ber thoon

3510 1320 2472 170 voldaen heefte tsaer mede bolform sluyte alsoo

3527 1392 2429 175 alles sel hel bevonden en blijve naer cordiaeles

3525 1553 614 115 groetenisse

3520 1521 2366 224 versoccsce aen dheer william patnall indien bij ue

3506 1662 2480 153 bescent is te doen betaelen de leerde van seventhier

3506 1701 2452 185 schellingen en twee grooten blaems Illissel gelt

3533 1780 2440 203 en mijs te debiteren tis om sijne rekeninge te

3523 1866 2444 210 sluyten die hij isas hebbende met elijlere mijnen

3537 1982 881 175 overleven Mon

3525 2060 2390 204 bidde ue met occasie tijnformeren oft lan

3531 2129 2262 238 den boedel van sustus ieck noch ick te

3549 2310 864 145 verwachten 20

3496 2368 2454 207 gendt Thaem Cn. f Sappent de la Bapill Antwerpen 2 23 prlia1

3505 2535 825 175 Beminde eve

3552 2606 2353 186 Ick hebbe deer can ue aengenaemen Jan 12 deser maent

3532 2681 2321 183 in sijnen thejde ontfangen aer door met plaisir vernomen

3524 2751 2337 142 ue goet anrivement doch met groot leet uesen teep  aen

3489 2788 2434 186 dindispositie kan mijn heer ue aeker verhopende nochtans

3525 2864 2423 173 het feerecyn hem sal verlaeten hebbe dat mij lief sonde

3517 2924 2380 203 sijn om hooren maer alle de danckserginge die hey en ul

3519 3001 2393 168 is doende over de onthaelenge ue uijtter herten gedaen al

3505 3056 2454 219 over de blijne presenten contusiannere mey met impriterendt

3514 3151 2439 170 alle die attentien esenochte dat hij mij ie geljckkx d'occasne

3504 3224 2406 165 hadde gegeven can hem hier personeliyck in ae geselschen

3516 3312 2479 158 te ontfangen en mijne genegen theyyt te bethoonen soude den 4

3510 3368 2452 146 uwen eerter beantwoordt hebben ten laere de  is iet daegen

3508 3440 2415 157 en andere loor vallende affaerens mij tselve beseth hadden

3520 3507 2445 149 geloove ue reyse maer rijwel door d'onpasselyckheyt kan d heer

3516 3589 2447 138 ue llaeder uytgestelt is, doch in den gevalle aldaer quetvoonen

3497 3648 138 72 te

3510 3667 2455 128 ersoecke 7 terotivelijck onse lcomplementen te doen aen all

3520 3758 2401 142 de terinden van rjssel wenschende ue in d heer ue laeder

3532 3800 2405 149 een gelaesege reijse en dat het selve mach dienen tot ue

3523 3893 2439 99 en sijn datisfacte ue recommanderende van sllel te prousitere

3525 3956 2462 111 kan de goede inotructien kan de persoonen a lwver ue aldae

3538 3996 2407 121 op een comptoir gaet schrijven als mede kan eenen meerter

3529 4088 2441 107 te nemen om ue te leeren vijfferen en daer in te persectonere

3519 4120 2417 139 1 dat gij ue l'apabel maect on ue eeygen goet te regeren

3516 4232 2435 89 en sonder dat goen bequaemheyt daer toe hebt den hertoch

3511 4270 2417 93 van E emberlands bonte Jan aen bonenck Jvan ingelant is

3536 4341 2420 87 is hier gearriveert n0 deser savont en is fanverdelck geroegh

3533 4357 1762 90 ertrocken naer brussel hebbenst gelogeent

3548 4410 2337 71 o1 de meur niet tegenstaende alles geproparcert  a r
