8077 4644
1030 211 2256 114 je me trouve depuis honore p la chere vre troisjesme du 13 ditto, la quelle

1038 281 2245 167 nous at bien surpris, voyant ce quil vous est arrive dans la secretairie de

1006 378 2311 150 flandres, au tems, qu'on devoit former la consulte, en conformite de l'apostille

985 473 2253 178 du conseil supreme, et cela p un official, qui comensa a s'en recrier

1023 591 2269 159 quand il voyoit l'apostille, qu'on nous avoit accorde des tenans & banderoles

1021 689 2240 116 disant qu'il n'avoit pas trouve un exemple d'avoir este accorde une

1031 758 2266 186 pareille grace, avec la patente de simple ancoblissement, nous pouvons

975 860 2317 180 dire avec juttice, qu'on n a jamais vue retracter & annuller les mercedes

1027 972 2284 173 qui sont donne p les princes souverains a leurs propres sujects, cependant

1022 1055 2279 202 ie my conforme entierement, & comme un bon & sidel suject de sa May

1015 1149 2290 198 ie me suis jette a ses pieds sacrces de nouveau, pour obtenir ses graces

1022 1280 2227 188 le conseil supreme a plus de consideration que bien l'official, j'espere

1030 1367 2198 189 cependant qu'on nous mettera Egeaux, avec mons: Scnijff & que le dit

1001 1467 2219 224 Conseil, mentiendra, ce quil at deja accorde Monsieur le baron de

1026 1628 2233 173 curtz secretaire, en at de l'honneur de travailler pour la justice

1019 1711 2243 186 distributive, mons: Kuijff est un de mes plus proches parais, & nous

1031 1861 2250 150 sommes egeaux dans le cas, Ainsy j'espere mons: qu'on remonstrant

1023 1920 2218 227 le surdit, que p vos traveaux, & la bonne inclination de  le

1041 2065 2148 148 secretaire, qu'on mentiendra l'apostille donne, si non il faut avoir

1037 2133 2209 234 patience, j'aimeray plustost de quitter tout que de demander la

1010 2250 2215 219 confirmation de chevalerie via gere, pour le peu de tems, quil me

1021 2368 2286 178 reste a vivre, ie me fie cependant sur vre grace, scachant que vous

1044 2469 2192 221 pouve un peu plus effectuer, q'un autre, & j'espere de recevoir de

1038 2580 2213 205 melieures nouvelles & vre quatre jesme, sil faudroit un douzaine

1006 2688 2218 231 des florins, pour assoupir l'official, vous pouvez le faire, & vous en

1025 2791 2293 213 seray remboursee avec remerciements, il faut que la premiere passion

1042 2897 2268 249 soit un peu passe, & p aprez, on viend bien a son but. si cependant

1027 3047 2223 183 on ne le veut accorder nullement ie vous declare en amis, que ie

1020 3116 2267 277 quitteray tout, & que ie me regleray celon la volonte de la Maij

1033 3239 2268 250 ou tout au plus nous demanderons la patente, de simple confirmation

993 3368 2253 169 de noblesse aux armes de nre premier displome, vous priant de ne

1032 3498 2268 172 travailler que pour le mentien de l'apostille donne p le conseil supr.

1029 3605 2172 192 jusqua present & quand j'auray vre responce, ie vous envoyeray

1041 3710 2240 203 les armes peintes comme ils y sont, avec l'attestation de mons. Van

973 3825 2333 234 den hecke, herault d'armes. J'ay jugie a propos, de ne rien dire a

1027 3950 2240 219 mons: antheunis petit estre, que luy mandera la chevalerie

1002 4080 2255 235 & sil servit informe de mon intention, peut estre, qu'il feroit

1010 4233 2278 170 de mesme, & ie ne vai contribuer uu prejudice de la chancelerie

5805 135 107 150 14

3511 228 2397 144 ie veu bien croire, quils s'arrivent bien des confus vous a la chancelerie

3510 308 2317 147 dans ce renouvellement de patentes, si en voudroit faire reflexion

3512 392 2352 140 a une perte, on accorderoit a l'un & l'autre, ce que on pourroit mander

3486 502 2409 182 de ce qu'on na pas eu p la premiere patente, d'autant plus, qu'on

3514 615 2356 172 est contant d'en payer la taxe entiere, comme nous faissons je crois

3524 701 2338 192 mons: que vous l'obtienderay encor, & n cette attente J'ay l'honneur

3547 837 840 147 ettre tres parfaittement

5290 834 438 189 Adij 4 xber

3407 936 618 142 London John Edwards

3510 1049 2341 135 beyde icn seer aengename van 20 meij laest, & 15 pass. op hun tijdt wel ontfanghen

3529 1130 2242 171 met den eersten antwoordt op mijnen brief van 5 meij ditto waer bij ul cmentie

3515 1226 2277 108 maeckt dat uk geadviseert hadde den ontfangh van u5: remise van £85:

3512 1327 2295 120 voorders advies van 2 prijsies in de sottetije van ider £10:- waer vooren

3512 1419 2364 165 ue: doen ter tijdt al gedebiteert hadde voor £20:- met ue: laest seght sedert

3508 1518 2371 141 uy brief van 12 april jonght niets voorders van mijn vernomen hadde tyene

3502 1641 2377 139 oordeele door haestigheydt geschiedt is, daer wijnigh aengelegen is, bij den selven

3502 1726 2353 161 laetten, geeft ute advies, dat iuf: voor mij ontfanghen hadde in die lotterje

3507 1804 996 149 mijne 2 prijsies ider van £10

5416 1811 425 129 £20:-:-

3511 1862 2293 162 2 de van mijne £1000:- niuwe annuities vervallen 24 Junij laest „ 20:-:

4530 1995 176 61 actien

3529 2002 2344 116 1½ p van . £234:7:6 suytf verp 24 d .. „ 3:10:3

3496 2095 2348 131 van  £2000:- banck aetien vens. 29 sber laest „ 55:-:-

3507 2210 2362 116 2 ƒ van £1000:- oude andiries ven s  29 d ..„ 20:-:-

3504 2300 2275 132 tulck hebbe naergesien, & alles conform bevonden & soo ue: rekkeninge in

3508 2379 2376 120 conformitijdt gedebiteert waer tegens us: mij remitteert £100:- a 2 usos

3461 2453 2360 168 de dato 25 sber a 36:1 en op te pedro vermoelen welcke ue voor mijne ek

3488 2576 2242 155 gehoght hadde tot 36 p makende sut verschil 4 ƒ7 en sal het noodigh

3478 2654 2287 143 vesorgen, & ontfanghen hebbende de waerde, werdt ue gecrediteert voor de

3493 2780 2359 149 selve in  £100:4:7 et sin uyt de gayetter, datter een niuwe loterge

3503 2874 2253 125 a cotty comen sal, dit soo synde, gelieft het plan mij toe te senden, om

3499 2979 2328 155 wederom al jets te risgueren dit sijde het noodige deses,  blijve naer seer

3514 3073 707 147 minsame groetenisse

5143 3085 668 200 Ady 4 xber 1734

3369 3136 663 177 London John Totuall

3492 3272 2425 200 le 25 d'aoust fut a vos graces ma derniere avec la facture & cogpement

3479 3380 2416 167 des bullet .N.66 contenant 120 pp. cotils, montant en argent de change

3493 3505 2360 176 ƒ1229:15 depuis sans l'honneur d'aucune vre ne doutant pas que

3480 3619 2377 155 vous l'auray receu, bien conditione, & le tout ce souhait, j'ay este depuis

3490 3741 2373 105 en attente de recevoir d'autres ordres ce que n'estant me fait voire la

3512 3866 2377 147 de cette negoce, cependant j'espere, que vous ne voudray preferrer

3466 3968 2404 110 d'autre, pour executer vos comissions me recomandant en vos bonnes graces

3472 4047 2394 132 & ou ie vous puis estre  comandez librement. Comme ie dois de reclief

3484 4138 2368 136 quelque chose a mons. Isaac delpech, notaire a Londres ie vous prie de luy

3486 4252 2394 162 payer £6:16:10 et ie dis saize escailins, dix deniers, serling & luy en demander

3472 4327 2424 128 la quitance & d'avoir la bonte de me l'emvoyer & me croire que suis tres prfatt
