8091 4644
2534 205 652 187 Adij 9 sbre 1735

879 227 1023 190 Melsele Jan B. Mocussins

1038 349 2124 194 ben verwondert, dat ul: niet over is gecomen als ul voorleden

1037 465 2192 161 sondagh op het vlaems hoot geweest is & hadde geweeten, dat ek

982 591 2248 159 daer geweest soude hebben, ick soude selve gecomen hebben om ul

1022 669 2217 221 de commssie, tot het bedienen van mijne groffie, voor den tijdt van

1016 797 2199 175 een sack ver hant te stellen, supponeres dat ul: noch met het

1010 921 2186 175 fleure sijn geaccablert lijdt & alsoo het niet en conveniert dat

1020 1017 2221 204 de greffie open blijft pou voorsien van eenen teheeden persoon,

1024 1175 2217 112 soo sende ul. hier ingesloten de copiye van de comnissie voor

1013 1285 2228 137 den tijdt van een daer, welcke gelieve te reckenen &cito mij

1027 1389 2210 162 weder te senden, sal uls dan doriginele commissie toe senden

1021 1476 1211 200 twelck afwaghtende blijve

1012 1553 2190 214 seght aen vossen dan dat hij de petten gaet maken van de

1022 1695 2165 193 toomen die afgehapt & gestorven sijn, soo wel onder borcht

1049 1845 555 164 als sujndrecht

2439 1801 671 225 Adij 4 gber 1735

856 1953 684 161 Doel wed: ce page

1036 2030 2183 149 ondervinde dat ul sij woordt niet en houdt, ofte ten minsten

1035 2167 2244 157 vergeten hebt van de twee viertelen taruwe mij toe te senden

1023 2262 2213 191 als mede dat ul noch een daer packt soude gebroght hebben

1032 2370 2117 213 d'een noch dander niet gedaen synde, soo come tdesen, ue

1035 2533 2098 118 memone eens ververschen, met versoeck van de taruswe

1027 2636 2125 196 naeste weeste mij toe te senden, ende het jaer packt

1037 2739 2171 213 soo haest mogelijck, waer op mij vertroiswende blijve

1036 2877 702 159 naer groetenisse

2485 2888 667 197 dy 29 gber 1735

856 2989 841 199 Dornick Nicolas maoon

1031 3051 2256 242 homme ie suis presensement possesseur de ma maison & dardir de plaisance

1007 3215 2266 153 &que jy trouve quelques bagatelles qui vous pourront appertenir comme

1013 3287 2228 168 un trenan de vois une cage a poullies, le bacq d'avaine deux manteaa

1026 3420 2189 182 de la chemine de la quisinne & de la chanbre au dessus une fenestre

1031 3521 2201 178 avec des vitres, & comme ie ne veu rien, qui ne n'appertiand pas

1044 3644 2216 180 ie vous prie de me mander qu'en faire, ou a qui le mettre en maings

1037 3736 2209 167 ou si j'en veu faire faire la prise p un rieur du marche du vendredy

1048 3847 2209 157 cependant il me fairoit plaisire de vous le pouvoir mettre en propmes

1049 3974 2262 205 mains, sur qu'cy j'attendray un petit mot de responce pour me regulere

1028 4081 1386 168 a l'avenant estant vres parfaittement

3412 221 658 157 London John Edwards

5033 221 882 175 Adj 30 gber 1735

3520 314 2376 166 ul: seer aengename van 3 deser wel ontfanghen daer benevens wotitie dat

3518 450 2334 131 us: voor mij geincasseert hadde de venthe & dividenten van mijne

3512 578 2363 152 iffeeten, vervallen 24 junij & 29 sber lest P.5. twelck alles conform

3511 663 2391 185 ggenetent hebbe, & ul: rek: daer mede belast bevinde oock mijne rekenien

3485 761 2415 209 courant gesaldeert met use remise van  £98:10 p op 2 usos a 30:45

3506 884 2406 149 op Jan B. Drenier tot gent in antwerpen te betalen aen mijn ordre

3518 1028 2333 167 waer vooren het noodigh sal besorgen, & de rekeninge courant daer

3501 1095 2339 191 uede sluyten, vermitte de potten conform bevinde dit sijnde het

3498 1236 1558 191 noodige deses & blijve met veele achtinge

5055 1262 690 236 Adj 9 xber 1735

3419 1380 1070 206 swijndrecht den heere Balliu

3496 1485 2357 159 alsoo den sitdagh tot het ontfanghen der cheynsen aenstaende is, & dat te

3505 1640 2403 127 vooren de 3 keter: geboden moeten geschieden, soo gelieft op sondagh toecomende

3505 1716 2410 181 het eerste te doen, & soo vervolgens naer onder gewoonte, & de publicatie op segel

3487 1823 2428 157 te stellen, & ider reyde aen te reckenen, om dat gesint ben, het tant van die

3494 1914 2413 148 in mora blijven te doen dagh maken draeght sorge, datter aen de kerckgeboden

3501 2059 2401 180 niers en man queert voorders sien in dant werpsche guyette dat hier ter

3495 2158 2410 176 rijdaghs marcht op 16 deser absolutelijck sal vercoght worden eene hoeve

3496 2238 2403 159 met 118 gemeten lants gelegen onder de heerljckheyt van swijndrecht

3515 2394 2334 151 sonder te stellen waer, & bij wil gebruyckt wirst, ul: sal dat lichtelijck

3488 2483 2372 182 connen achter haelen & vinden bij de coire, wat packt hoeve dat het is

3507 2605 2308 159 versoeckende met mannen nun des verstaende not lant & hoeve te

3492 2724 2361 180 exaenineren, & te priseren, om mij vervolgens te reguleren, met mij

3500 2820 2298 195 de waerdije te laeten weeten de hoeve met het lant is ƒ 180:-

3489 2937 2397 214 sjaus ue pachte, tot ul naeright ul antwoordt hier op terwaghtende

3460 3060 966 176 blijve naer groetenisse

3485 3177 2392 155 Engesleten met formelier van de publicatie & laet het door can den

3483 3311 2385 155 dineght, op het vlaems hooft oock aengeplacht worden, alles met

3482 3406 1163 206 alle vehoorelycke formalitij ten

5110 3511 660 193 Ady 19 xber 1735

3398 3547 914 182 swijndrecht Mijn heer Ballie

3496 3668 2407 170 als brief met het bewust proiect hebbe wel ontfanghen, waer op tet antwoordt

3487 3764 2362 193 segge het selve volgens mijn bordeel wel te sijn, dogh san tot hier toe niet

3482 3872 2324 164 reemployert worden, alsoo de goederen niet verkoght en sijn, welck

3455 4015 2452 191 son geloove, ul: al sal hebben vernomen den tijdt sal voorders aenwijsen

3489 4117 2410 212 wol hier ontrent sal geschreven, & ue sal sule a costij genoechsaem

3476 4260 2257 172 vernemen, soo ul hier outrent jets quame dte ont dechen
