8084 4651
1042 195 2182 151 geraeden van dien int geheel van ue te nemen net egael gebonden,

984 320 2204 140 & dat ul: de mijne bij hebbende eerste deelen wel sal obernemen,

994 402 2284 143 & als ick ue twee pittolen soude opleggen, dat ue sult wel doen

1020 490 2236 179 soude, use heeft de eerste deelen bij mj gesien, die seer wel, gnoch

1010 593 2147 187 als mun gebonden sijn, sijnde de selve van het groot formaet

997 710 2224 143 & die ue oude senden, moeten oock van het groot formaet syn

1013 835 599 154 tot us naeright.

1017 850 2267 241 den grancey wordt ul oock gerecomandeert als bij mijnen booigen,

1017 994 2212 188 & oft ul den cattilla tot mechelen gekoght hadde ue sosde den

990 1092 2196 213 selven met de vors. soecken connen senden. als dien beter saide

1021 1205 2193 176 sijn als den mijnen met de inscriptien gelijck ue mij geleyt

1000 1325 2166 149 hebt versoecke een lettersten tot antwoortt om mij naer te

1024 1416 2131 234 reguleren & in afwaghtinge blijve Ady 6 xber 1738

826 1588 600 181 London JAhn Edwards

1018 1635 2251 202 us my seer aengename Van 5 juncy laest & 7 pass op huin tydt wel ontfanghe

1019 1755 2232 169 bij den eersten mijne iek courant waet bij p saldo aen ue: was somende £5:18

1020 1861 2217 183 welcke naer gedane examicatie, & wel bevonden, alsoo hebbe gesloten qul op

1020 1984 2256 148 nuus re. gecrediteert voor de voors £5:- met den laetten advies dat ul

1028 2098 2238 144 voor mij geincassent hadde ienten & dividenten op mijne esfaten vervallen

1002 2177 2201 171 te weeten, 2 t van mijne £1000 niuwe vre amddoys 24 iday laest £20:-

1024 2285 2213 122 1½ bl van mijne £234:2:6 &vee actien ver: 24 d.. „ 3:10:3

1007 2403 2094 166 2j van mijne £2000:- banchaetien ver° 29 sep laest a 55:

1003 2506 2253 170 2 pt van mijn £931:13:4 oude  vee acois: 290 ... „ 18:12:8

1026 2602 2280 183 twelck alles sonform hebbe bevonden, & ul rek voor de selve alsoo gedebiteert,

1010 2711 2131 132 in tegendeel bevinde daer benevens us: remise van £90:- a 1 ½ uso

1013 2825 2250 184 a 36 p op marie anne van outrge tot brugge in antwerpen te betalen

1012 2922 2195 163 aen mijn ordre, waer vooren het noodigh sal besorgen, & ul iockbij

1010 3031 567 143 tijde, rediteren

1010 3084 2238 210 Mijn heer alsoo door de jaeren mij het gesight wat comt te onboeken, dat

1001 3215 2214 176 de hulp middelen moete gebruycken, soo wenschte wel, ue de goetheydt

1012 3331 2117 171 hadde san voor mij te willen coopen twee engelsche brillen van de

1003 3438 2220 135 alder beste, dier in engelandt gemaeckt worden, eenen van het derden

1002 3543 2219 180 & eenen van het vierde gesight sijnde tusschen de 50 & 60 jaeren met

1006 3645 2192 168 eene moye cassie, & de selve te versenden p bylander op brugge

1036 3768 2195 169 met adves by mejouff: de wed: lauven ce van ventergen, gelieft te

1013 3894 2118 128 noteren, met perruessie dat mijne nees niet al te dick lis soo

1017 3962 2201 185 eenen gemenen slagh, tot de weyde van de brillen, et cuseert dese

1021 4081 2238 177 mijn libertijdt, & waer inne us 1 oock eenigen aengenaemen dienst

1004 4234 2220 143 can doen, gelieft liberlijck te comanderen die d'eere heeft van te

1010 4306 695 143 sijn & te blijven

3407 205 698 158 brussel Jan BBs de vos

5197 203 644 152 Ady 8 xber 1733

3467 327 2347 117 up. brief van 29 pass benevens den inder van den theeetre saere in

3483 449 2367 157 albis wel ontfanghen, synde daer ontrant nu alles wel,  hebbe volgens

3492 575 2398 145 us: mondelieegen ordre den boongen gesonden n 3 deeler bestelt in

3477 664 2427 175 handen van dih verdussen, wat belauckt butkens, als ue eenen heeft

3493 758 2178 188 ofte de twee laette deelen apaert in albis laet mij welten,

3488 894 2447 154 voorders verneme dat ue den granaij in albis bij hebt groot pasier

3509 985 2376 180 in folio, & dat ick han soude binden, als den sanderi, tot thien

3480 1079 2389 194 guldens wisselgelde, ue weet wel, dat dien prijs te exorbitant is

3457 1193 2445 218 als sijnde boven de heden daeghsche weirde, wilt ul dien senden

3476 1314 1156 182 la doy pattacons cont dat doen.

3506 1373 2344 232 men seght mij dat ue broeder alhier in den uijtroop van dh.

3498 1547 2386 174 ullenrgekoght heeft, lantiquiten expliquee & representie en

3453 1653 2454 179 figures avec le supplement par Barne de mons faucon ƒ19:15vol

3501 1777 2357 185 pais 1722. lug gal: gelieft hem te ragen, oft hij mij dat weck

3501 1892 2365 176 wilt overlaeten voor eene sivile winste, & versoecke te weeten

3483 1984 2365 137 hoe veel hij boven de incoop somme voor winste pretendeert

3499 2114 2332 150 &soo het raisonabel devinde sal den selven wel aen nemen

3492 2207 1848 195 waer op de antwoordt sal verwaghten & blijve

5146 2292 640 195 Ady 11 xber 1738

3401 2310 835 177 Lille de Lannoy de la raiere

3467 2440 2440 158 le premier de mars de lame courant vous fut ma derniere, depuis sans l'honneur

3420 2544 2472 198 d'aucune vre, quoy que vous aviez tirez sur moy le 8 sbre a veu ƒ2000:- court

3482 2646 2396 151 payable a l'ordre de mons. Willeton, de mesme le 5 gbre a veu

3477 2746 2436 210 pareille somme de ƒ1000:- courant, payable a l'ordre de mons. maibranque

3456 2853 2255 200 tous deux sans autre avis, les quelles ont este payez comme vous

3460 2950 2365 180 voieray p vre comte courant, que ie vous envoyer cy joint p le quel il

3471 3060 2399 212 vous reviend pour solde a compte nouveau nuit cent, quatorze florins

3456 3194 2429 197 deux pattars, argent de change, vous priant de l'examiner, & le trouvant

3471 3292 2199 203 juste, de l'annoter de conformite, & de me donner un petit mot

3450 3386 2402 225 d'avis, comme vous l'auray trouve, estant aprez bien des compliments

3469 3521 847 152 a toute la famile

5185 3558 670 194 Adij 20 xbber 1735

3394 3645 698 142 London John Edwards

3468 3746 2446 203 inferrere mij aen mijnen laesten van 6 deser hebbe naer geel loopens

3465 3904 2428 153 den prima wissel brief van ue: remise van  £90:- a 1½ uso tot 36 ƒ

3471 4009 2405 195 ejndelijck besomen, den welcken bevinde geaccepteert door dheer

3439 4133 2491 218 pelkens ter eeren van den trecker, bij wie den seconda geaddressaart

3465 4222 2409 235 was, esrinde hier ontrent een groit abuys door den trecker
