7830 4699
943 227 2333 176 om mijne intresten dan de rente die ick tot laste van ue doop, ben

939 309 2257 151 hebbende te comen betalen dogh hebbe daer van tot nu toe niets

945 448 2319 171 vernomen daerom de libertyot neme, desen aen ue te schrijven

942 538 2314 195 met versoeck van te sorgen, dat mijne betalinge become, twelcke

945 660 2038 165 van ue verwaghtende blijve naer minsame groetenisse

2572 778 677 191 Ady 6 april 1731

803 766 1113 229 lverseel adviaen heyndrickx

935 963 2386 158 hebbe op 12 iann. lest p mijn brief versoght dat ue het jaer packt

953 1029 2349 222 verschenen bamis 1729 soude comen betalen van het lant van dl

866 1158 2279 213 de Lannoy mijn schoon vader saliger dogh sedert van ue niets

950 1257 2227 223 vernomen, waer over seer verwondert ben, comende p desen

940 1447 2266 156 andermael vermaenen van mij voldoeninge te geven, op dat

961 1546 2282 183 niet genooitsaeckt in ben van andere middeten te gebruyckken

977 1641 2258 143 die maer tot ue schade soude dienen, daerom versoeckke van

950 1783 2215 189 se voor te comen, mij dan daer op vertrouwende & ue met

951 1901 1013 187 gelt afwaghtende blijve

2521 1894 539 221 Ady 13d.

795 2021 1003 203 Gent Causmaier, procureur

965 2125 2340 216 efs aengenarme van 5 gber 1730 & van 9 deser op hun tijdt wel ontfangen

958 2258 2210 180 met den eersten d'acte van enpurgutie van eede doorden heere

976 2366 2211 213 van coppens, & sijne compi: a cotty gedaen & met den laetten ul

971 2481 2214 190 taet van salans & verschot soo aen duonorairen van dheeren

970 2596 2245 221 advocater als andersints gedacen ontrent de proceduren tegens den

974 2757 2159 164 voors hhere in den rade tot gent noch hangende bedragende in

978 2827 2290 236 ponden parisies 170:6 ƒ & in onser courant qelt ƒ85:3 welcke

965 2975 2294 216 rekeninge hebbe naer gesien, dogh mij groote moeyte heft gesioft

958 3106 2278 188 alsoo in die seyfer letteren niet te wel thuys en ben, & om de

954 3249 2250 140 selve te voldoen, soo sende aen ue hier ingesloten een wissel

974 3372 2258 196 friefie van vijfen taghentighe guldens en drj ttuyvers courant

959 3488 879 196 gelt te ontfanghen bij

982 3571 2140 210 waer vooren de betalinge gelieve in te voorderen, & op ue

970 3724 2197 189 boecken aen te teckenen, dat ue van mij voldaen bent

953 3823 2328 217 benevens advies van den ontfange deser te geven aen die

968 3992 1362 188 naer minsam groetenisse blijve

5144 209 746 177 Ady 23 april 173

3364 211 758 178 London John Edwards

3548 304 2432 196 ue: seer aengename van 19 pass: 8.5. wel ontfanghen waer bij vernem

3572 440 2330 180 de lotter, & door het parlement dast gestelt is & dat de selve door

3546 533 2352 214 dheeren vantparlement volgeschreven soude sijn datmen daer door

3549 660 2404 211 geene loten besomen can sonder op gelt waer op tothere hebbe van

3524 771 2452 186 ue: te seggen, dat wel iets wille resqueren, soo versoecke van maer

3545 916 2441 189 tijf loten voor mij te besorgen, dogh boven de thier schellingen preuie

3546 1003 2440 215 niet te geven, & in gevalle ul: de selve becomt gelieve de lot brufies

3539 1147 2385 170 oft mimeros mij te laeten toecomen, voorders werdt ue gedebiteert

3560 1263 2382 161 voor ƒ51:- over het divident van 3 die de banck geresolvert

3540 1363 2351 173 heeft te betalen voor de  vervallen 25 meert 173C.8.3 dit

3538 1505 2348 186 synde het noodige deses & blijve naer seer sordiale groetenisse

5239 1607 682 170 Adij 3 meij 1731

3381 1596 981 195 Lille wed: theodor Dan Zeller

3564 1728 2424 141 J'ay receu l'honneur de vre agreable lettre du 27 passe, y joint trois

3559 1824 1927 187 petites remises payable a amsterdam banco scavoir

3549 1942 1595 162 une de 808 soosades a 45 ¼ et faisant banco

5447 1909 525 221 £154:0:6

5449 2051 467 132 „ 65:14:-

3548 2028 1094 206 une de  £38:- a 34:6

5475 2133 496 186 „ 19:6:6

3547 2162 703 194 une de ƒ115:19

4607 2258 1302 148 nsemble en argent banco £238:18:-

3551 2369 2398 206 les quelles j'ay negotie a 2¼  de vre avance faisant en

3548 2507 2432 181 argent de change dicy, £244:5:6 et dont vous en este credite

3547 2619 1617 186 vous priant de l'annoter de confirmite

3539 2728 2415 183 il est tray que c'est un modique interess que les ettets donnerours

3552 2844 2432 197 de 3½ te on ne scay pas encor, comment cette affaire fiura,

3550 2974 2419 201 puis que les membres n'ont pas encor donne leur consentement

3539 3058 2441 234 ils demandent, que le tara sur les biens d'entre, ne se payera

3519 3202 2471 197 & cela feroit une duninution de ƒ30000:- reveann aux estati

3560 3319 2418 213 moins p an, a quoy plusieurs prendrons leurs mesures, ie ne

3545 3469 2340 174 peu rien vous marquer jusqua seresant a cette egard, mais

3530 3554 2382 220 dabord quil sera fait, ie vous en donneray avis aussij mon

3542 3730 2217 155 seretiment, mon espouze a lhonneur de vous faire les

3534 3793 2266 189 compliments, & a toute vre chere famile de mesme celuy

3521 3932 1286 205 qui se dit avec bien du respeet
