8104 4644
2448 181 703 163 Ady 12 aug: 1737

870 179 902 141 Turnhoudt Suill: Samen

1080 277 2211 197 ul: brief van 6 pass op syn tijdt wel ontfanghee, met advier dat ue

1056 378 2061 203 op mij getrocken hadde ƒ 430:- wissel gelde, op 14 d dato

1051 491 2256 153 ordre wed: Egidius sanc, welcke prompt betaelt hebbe, waer mete

1006 610 2269 138 de rekeninge gesloten was soo dat wij geeffent sijn tot hedn

1066 701 2211 213 desen sal dieneen om ue te versoelken, van 100 ps: tijten mij

1050 822 2157 199 toe te synden, als aen den voet dese genoteert in het best

1041 933 2136 209 fijnste goedt het somt op & niet an, om sgudt sieuvelijck

1037 1047 2199 213 goidt te hebben daerdn doit ick: beste & blijve naer groetunst

1130 1172 1563 177 „ 60 ¼ groot fort 30 Jnalle 30 breede

1228 1322 1376 168 30 ¾ groot lost 20 ¾ ..10 br

1227 1425 904 200 10 3 xgels 103

1177 1587 328 159 100 14

2517 1688 614 215 Ady 17 aug: 1727

875 1835 836 147 London William Tatnall

1054 1941 2266 146 J'ay receu l'honneur de la vre du 29 du passe V.S. y joint une remise

1005 2028 2308 197 de  £90:- a 2 usance a charge Math: verberchinoes, a gand, payable

1010 2129 2203 161 dons anvers, a 34:11 et que j'ay envoyez pour acceptation, jy trouve

1034 2290 2217 167 aussij une ordre, pour cent ps. des cotils, les quelles sont deja ordonne

1033 2365 2226 204 a mon melieur ouvouer, & ie vous les envoyeray, cito possisle, ce que

1035 2490 2196 155 regurde les ps. de linge, il faut, scavoir, qu'on n'en fait point de

1010 2643 2218 146 6o aunes & si ie derrois les eschetter & aune, pour les avoir celon vre

1026 2725 2238 160 demande, vous n'auriez pas la bonne mesure, qui consiste en quelques

1038 2861 2163 165 aunes, qu'on ne paye point, cepandant, si vous le souhaite ainsij

1035 2945 1123 172 vous 'avez qu à me l'ordonner.

1033 3061 2247 159 sur les remises payable a gand, on doit ordinairement perdre 8

1023 3196 2218 118 ainsy ce la seroit trop prejudiciable pour vous a vre gouverne

1048 3304 1550 138 estant le suject de ctte, & suis tres cinseremet

2591 3329 570 199 Ady 19 aug

854 3358 1321 195 bugge wed: Saurence van ventergen

1012 3452 2235 199 seede aen uy: op heden te vanmen adroiture op brugge, een pack tijk en

1019 3600 2329 176 inhoudende houdet ps. genercht  N. 36. twelck naer ontfangh verwlins

1015 3698 2274 171 gelieve te verflaeren elde te versenden p leste vertreckent schip bjp

961 3794 2161 198 London, te addvissere aen  Wild: tatnall & cito nogelijck heb

996 3903 2184 189 cognossement beneven het oncost rekeninghtie au die

1019 4029 1412 216 naer Cordiale groet eresse blijve

5124 208 772 163 Ady 28 aug: 1737 142

3437 198 589 162 London Will: hatnall

3517 322 2360 115 ie me referre a ma derniere du 117 courant, depuis sans l'honneur d'auc vre

3519 403 2368 169 celle ne servira, que pour vous envoyer l'incluse facture & coguwissement d'un

3515 527 2326 149 ballot marque &N.76. contenant cent ps des prits, est aur chearre dans le

3510 606 2338 168 butteau de srept: salinse, qui parte de bruges, pour ostende aujourdhuy ou

3527 694 2341 131 demain, pour y attendre le premier vend favorable, pour fain le voyage de Londres

3493 791 2363 185 l'esperant heureuse, & que vous receveraiy le dit ballot bien concitione, ne doutant

3511 879 2405 194 point que vous trouveray la marchandise a vre entiere satisfaction, & que vous

3518 996 2390 192 m'ordonneray des plus grander parties, & el cette attente jay l'honneur d'estre

5124 1108 658 198 Ady 9 sber 1737

3410 1125 864 182 Turnhoudt Sull: Samen

3508 1206 2407 181 ue: brief van 18 aug: pass benevons de 100 ps tijken wel ontfange

3502 1408 2404 148 & ul resieninge voor de selve gecrediteert voor ƒ812: 18 dese one

3499 1481 2417 178 ick te versoecken van mij toe te senden de volgende hondert ps

3506 1619 2407 126 van het beste geedt que can soo van deen als dander de weirde

3499 1686 1488 200 op mij trecken blijve naer groetenisse

3730 1814 1436 193 60 ¼ groit lost 30 mille 30 breede

3726 1947 1274 164 20 J groot lort 30 smalle 100

3737 2024 1281 216 10 p 3 sns 6d 402

3739 2182 986 205 10 ¼ 3 segels 10 smalle

5265 2241 476 191 Ady 11 d

3418 2322 670 156 London Will: Jatuall

3472 2452 2321 179 J'ay receu l'honneur de la vre du 26 du passe V.S. y joint une remise de

3489 2575 2345 163 £100:- a 2½ usance a la charge de mad. la veufve uitt: de febure

3488 2643 2344 222 payable a gand a 34:11 et la quelle j'ay envoyez pour acceptation, & ie

3480 2781 2203 203 lacheray de la negotier a son temp a vre pous grande avantage

3488 2882 2357 217 vre ordre pour cent ps: de cotils serat effectue cette semaine mais ie ne

3497 2986 2401 224 pourrez pas l'envoyer cito a bruges, a cause que le chariot, qui les doit mener

3479 3120 2354 224 est partie dicy le jour de la reception de vre lettre, & il faut du moins

3490 3249 1181 170 15 cours, avant qu'il sera de retour.

3481 3355 2285 183 vous ne me reponde pas, ce qui faut faire touchant les ps. de linges,

3483 3465 2352 234 ce pour quoy ie predray une ps. entiere, a cause que vous y profiteray

3453 3605 2448 217 4 a 5 aunes & si vous le souhaite autrement a l'avener ayez la bonte

3443 3682 2423 233 de me le comander, estant le suject de cette & suis en tous occasions
