8084 4671
903 184 1271 154 Turuhoues wed: Eaidius sanen

1061 284 2249 215 hebbe nu eenige jaeren ue soone geemployeert tot het besorgen van

1037 414 2221 203 tijtien, die mij sacht soo sleght bedient heeft dat de calandisie

1030 539 2289 186 van mijne vrinden meerendeels verloren hebbe, ue heeft met hem

1036 682 2130 144 i comp. geweest, & sedert sijn alle die clachten gecomen

1051 777 2169 192 een van mijne vrinden nieft noch eens eene preuve willen

1034 898 2126 176 nemen, op conditie soo die soo sleght sijn ammert nie

1010 986 2207 196 beter, als de laeste 100 stucken op 30 sber 173 mij gesonden,

1005 1134 2072 158 dat hij die voor ue rck: soude cates, daerom is wel

1881 1241 464 94 schoon blijes

1018 1261 2039 133 toe ven het alder beste witste fijnste goedt te senden

1035 1369 2140 197 ten comt op 8 dagen niet aen, om alles wel te hebben naer

1035 1476 2100 203 genoegen van de vrinden, soo ue van het alder beste goedt

1049 1595 2135 194 niet en sont senden sendt geene waer op dul antwoort

1034 1747 825 169 at waghtende blijve

1115 1842 1403 186 60 ¼ grort lost 40 smalle 80 brede

2446 1921 668 192 Ady 19 sber 1739

821 2003 687 153 London Will: Satuall

1049 2054 2184 208 J'ay receu l'honneur de la vre du 17 passe remplie de vos plaintes

1047 2167 2127 217 ordinaires, & si longtims, que j'ay eu l'honneur de vous servir, jamais

1036 2269 2253 213 n'ay ie peu vous satisfaire, j'ay eu le bonheur de negosier bien des

1035 2419 2206 136 annees avec mons. vre pere sans se plaindre de la moindre chose

1033 2519 2256 191 ie vous assure, que cela ne me fait pas du plaisir, iny a mes ouvoiers

1035 2667 2226 130 & En suite a vre ordre, j'ay ordonne les 60¼ ql: les quelles sont pacte

1037 2727 2176 187 aujourdhuy, & ie les envoyeray a bruges p le premier chaiit qui

1031 2844 2164 179 pertira pour la ditte ville, & ie vous en envoyeray la facture

1017 2936 2207 156 conroissement cito que ie pourrois. si ces 60ps: ne vous donnent du

1011 3064 2216 157 contentement, ie vous conseille de n'en plus mander, aussij ie ne

1040 3164 2283 200 pourrois pas toujours vous envoyer les comenes cotils de ¼ gread lends

1023 3319 2277 137 si vous n'ordonne point des fines, ce qui regarde pour tirer sur vous

1035 3397 2213 128 ce qui me reviendrois p solde du compte ie n'ay point l'occasion

1033 3519 2182 156 puis que la somme est trop petitte, si en cas, que ie n'auray

1029 3587 2200 181 pous l'honneus de vous servir, vous pourriez me remettre a

1018 3725 1324 166 vre loisir, estant tres peu faittement

1014 3814 1361 198 S.C. si cette balot, ne vous plait pas

1031 3966 2243 162 laussez le 60ps. comme elles sent, & ie les laisseray pour le compte

1029 4067 1499 188 de mon ouvrier, quand il me sera possible

5856 177 111 167 9

4803 198 1094 167 hudt dy 20 sber 1739

3443 191 598 203 Gendt Coppens

3532 313 1269 226 pons goedt arrivement &a

3542 469 2411 135 hebbe de depesche van het coop contract van de hoeve & landen

3532 592 2357 181 onder mortsel door den notans van tieghen ontfaccqhe die mij

3521 698 2363 129 seght, sijne devoiren, ende verschet, t' samen te bedragen dertigh

3536 818 2353 144 schellingen ses grooten vlaems courant gelt welcke somme

3511 903 2449 205 ul: versoecke aen hem, voor mijne rekkeninge op sijn quitantie

3515 1047 2393 177 te betalen, als mede te sien & op us comoditeydt te soecken

3524 1152 2442 135 naer de voordere dommenten & te stamenten, van ende tot de

3510 1283 2430 160 selve versoopinge behoorende, ick hebbe tot nu toe den tijdt niet

3522 1412 2298 164 gehadt van de doumenten, door uee aen mij ter hant gestelt

3477 1525 2464 162 te laten estamineren, echter men seght mij, dat die hoeve met de

3508 1625 2440 180 landen, aen den heere noch pout, nochte thienden penninck subjeet

3499 1734 176 104 sijn

3509 1758 2393 206 fransus de smet heeft mij gisteren de 2 packen met brecken ten

3499 1908 2332 156 hent gestelt, & sal die vier andere boecken, soo die gereedt sijn,

3504 2061 2433 109 oock comen afhalen versoeckende de selve oock te willen betalen

3502 2133 2381 128 met sesponden thier schullinga wissel gelde, op quitantie, & sal het

3499 2251 2313 177 import soo van dien als dander u5: met alle bedenckelijcte

3466 2346 1088 183 danck. teggingen rettitueren,

3498 2443 2455 193 hebbe tet wil toe cosijn van lessel niet gesien, nochte van dh verbeese

3507 2593 2421 143 iets vernomen, blijvende met alle bedonckelijcke genegent heden

3502 2669 1181 195 presentatie van dieust,

5084 2701 787 208 Ady 26 gbris 17327

3436 2820 1140 159 Brugge wed: Laurence Van ventergen

3484 2913 2469 129 ul: seer geestimeerde van 22 gbrit 173& hebbe by tijde wel ontfangen, daer benevens

3482 3041 2409 154 bevonden cognossement & oncost ick: van een bale tijken  . N.86: bedragen de

3489 3133 2440 177 £3:6:4 et courant gelt waer vooren ue ves gecrediteert is. de slechte negotien

3500 3223 2252 165 leeft mij geene occasie gegeven, van sedert iets te schrijven, desen dan

3490 3364 2443 134 alleenelijck tot advies als dat op heden p voerman dobbelere ue: toesende

3487 3455 2443 143 een pack .N.81 inhoudende sestigh stucken tijken, welcke vervolgens

3481 3567 2268 180 gelieve te vercaren, ende p eerste vertreckende schip op london te

3450 3654 2482 211 versenden, & t'addresseren aen dis william tatuall, & aen mij het ccgnosemet

3475 3781 2438 218 brnevens notitie van ue debours te laten toecomn, soo haest mogelijck

3467 3918 2134 215 twelckk afuaghtende blijve naer seer minsceme groeten iste
