8077 4678
960 205 2286 113 te reserveren, ue can dese 2 requesten laeten op stellen door

1010 282 2172 196 persoonen hien dis verstaende, en de soo danighe persoonen

1003 410 2204 178 imployeren tot het beoeck als noodigh sal wesen, dienende

971 498 2205 194 dese tot procuratie, & des noodt sijnde sal daer toe andere

1008 628 1065 199 passeren waer mede blijve

1369 751 1071 187 calfken voor memone

1007 856 2266 170 ue soude de 2 requetten comnen opstellen met den procureur

993 983 2152 159 van verlo, ofte wel laten op stallen door eenen advocaet

1004 1092 2120 200 elles gelijck ul goedt duncken sal, & soo danige conclusien

994 1177 2106 186 nemen, als noodigh sal wesen terwijlen ue sulx beter

976 1344 910 156 bekent is, als aen mij

1004 1401 1872 204 die moet geschieden om de quaede contequentie

2413 1506 703 192 Ady 3 Juny 1740

877 1572 994 185 Gendt dh. Basillins advocaet

993 1666 2294 151 alsoo sehere uslarie verdich gewesene huys vrouwe van sudoeut verdick

995 1793 2173 204 op mijne suredictie van swijndrecht, aflaet van lessele is comen

995 1905 2194 203 toverleyden, ende op 31 mey pass: tot melsile is begraven, niet

983 2018 2220 201 gbij sijnde van den besten hoosde, oft catteyl, soo is ter selve dage

1007 2104 2160 231 mijnen meyer benevens twee schepenen te weeten pieet raes

1004 2236 2127 166 en adviaen van Wauwe ende den greffier Jan Br Mocussens

987 2342 2186 253 geweest ten huyse van voop judous verdich ende aen hem

984 2494 2175 174 gevraeght naer den betten paut en presenteerde aen udn te

943 2593 2274 186 laeten sien de panden die hij in sijn huys hadde, waer op den

986 2704 2102 183 grefier antwoorde, wij hebben sulckx panden tot hier niet

974 2785 2234 213 noodigh te sien, maer ie moet ons toonen ue coeybeesten, waer

991 2937 2250 195 op ditto judocus verdich antwoorde mijn beetten sijn verkoght

997 3068 2286 162 ven mijn vrouwe bij te leven, dat hij die verkoght hebbe aen

984 3213 2290 136 sijn swaeger Jacobus verdich, den welcken joenguian is woonente

992 3306 2183 169 binnen de prochie van beveren, ten suljse van coedths

991 3410 2084 220 piever baert daer op ant woorde mijnen griffier dat is

988 3523 2154 231 nivers omme gedaen, als om den heere te frandeven, ue

994 3604 2206 248 sult daer over groote rusie ende moyelijck heden hebben

966 3766 2337 219 crijgen, degens den heere, daer op hij wederom wat antwoordan

987 3891 2158 218 dat soude schoon sijn, dat ick mijne beetten, niet en sadde

997 4007 2286 221 mogen vercoopen, voor de berechtinge, den greffier repliceerte

990 4137 2298 216 ie sal daer over in het cort wat f vernemen, de questie is

3525 209 2394 122 oft ick den selven sudoeur verdich niet en can, ofte maen betrecken

3504 287 2357 192 by commissie van complente, troible de fait voor den raede in

3505 391 2418 133 blaenderee, oft wel voor de weth van wijndrecht waer onder hij

3491 491 2363 192 sorteert sijnde het aflaet swijndrecht twendt, & messen doode

3515 585 2443 154 ingevalle geen schrupuel soude wesen van tegens hem tageren

3505 728 2443 190 by compicate, twelck den cotsten wigh soude wesen, soo versoecke

3508 839 2391 165 van het selve int werck te stellen, u daer toe te gebruycken

3496 951 2391 181 soo denighen procureur die ue het besten oordeelt bequaem te

3505 1034 2339 229 desal en sal desen dienen tot last, & des noodt synde, sal

3502 1173 2397 204 volgens ue proiect een voordere procuratie teckenen, echter

3508 1266 2412 169 ingevalle ue: dordeelt desen wegh niet ue te gaen, maer hem

3498 1400 2424 214 te betrecken voor de with dan swijndrecht soo versoecke van

3498 1513 2399 176 voor mij een requette tot latte voors ju doens verdich op te

3490 1651 2436 205 stellen, en het selve j cioo mogelijck te laeten toecomen, sijnde

3482 1733 2470 181 seer noodttakelijck, van geen tijdt te verliesen, tsij deen of dander

3488 1877 2400 196 hertelijck recomanderende, & in afwaghtinge te vernemen, wat ul

3485 1959 2405 237 hier ontront sult hebben gedaen, blijve met veel respect

3511 2104 2382 221 IS de voors maria verdiecht heeft geen 14 dagen seck gelegen

3378 2225 929 210 London John Edwards & soon

5206 2243 680 202 Ady 15 Junij 1740

3496 2390 2391 167 verneme uyt den seer aengename van 23 pass .3 dat ue sijn soone

3501 2503 2363 187 en comp. genomen hebt van in het aengreden Jan ditgues, & dat ue

3485 2606 1987 171 voor mij ontfanghen hadde het naervolgens te weeten

3490 2733 2466 171 eerst uyt dien boedel van justut beck een derde uyttalinge van £100:11:4

3488 2794 2466 192 het stelfhuys van mijn schoon vader dh. Jacques de Lannoy competerende

3481 2899 459 150 a 14  £

5484 2936 441 164 £5:17:3

3473 3023 2453 194 2 ƒt van mijne £1000- Niuwe faurties ver 25 xber 1739. „ 20:0:0

3494 3129 1792 179 1½  van eyn £234:7:67 & & ce fetien veN25 di

5495 3168 445 144 „ 3:10:3

3459 3246 2472 175 2¾b van mijn £2000 banck tetien Ven. 25 meert 1740 .. „ 55:0:0

3469 3392 2472 140 28- van mijne ƒ931:13:4 oude fuuities vey ƒƒ25d .. „ 18:12:8

3466 3522 2479 189 allen het welck al soo conform hebbe genoteert qul: rek. op ninue & op den

3479 3610 2401 204 ienne Jan dheeren Johhn dwaods & soon alsoo gedebiteert. voorders

3479 3724 2473 223 bevinde in te gendeel ul remise van £100:- op 2 ½ usos a 35: 3 et

3449 3858 2497 196 ten laste serit blaame in amsterdam, te betalen aen mijn ordre

3466 3962 2476 218 supponere mede voordeeliger te sullen weten, als wel tot 35:8- 7 e

3459 4093 2501 206 panteverpen dogh hadde liever gehaet dat ul: die penningen ond

3474 4207 2433 213 ul. hadt laeten berutten gelijck met mijnen voorigen versoght
