7714 4644
711 197 2365 127 au borgemettre & eschevains de swijndrecht, pour la priserie de la ditte £1p

703 299 2436 118 ils out prix toutes les tervis en presence de mons: Schochaert mais point le reste,

692 377 2410 150 ils disent que cela le doit faire celon les revenues, sur quoy mons: Schochaert et

702 466 2425 179 moenssens sont vanu icy, pour faire la preditte memoire, sur quoy nous de vous

692 553 2474 180 regler le prixe, vous priant de lexaminer, pour que nous puessions faire une

702 636 2511 202 partage a vre premier voyage, mons: desjaunaux le president ma remis pour

673 745 2459 215 comte de la maison mortuaire, pour un anne dinterest de la rente, eschie

688 871 2437 142 le p gbre passe ƒ840:- argent courant. le teneur de livres qui m'avez

677 954 2488 176 donne la parelle pour adutter les livres de feu nre beau pere n'a point

690 1045 2456 159 senvie de le faire presentement & ie ne leaurois avoir d'autres, p raport

696 1108 2490 223 de leurs grands occupations quils ont ce qui me chagrine beaucoup s fait

688 1243 2470 154 quil ny en a rien avance. mon espouze vous fait bien des compliments

677 1315 2447 240 a madame vre comp. & mons. vre frere, permette que sy joigne aussij

709 1445 1902 177 les miens, & suis en attendant le plaisir de vous voire icy

2372 1525 734 168 Ady 18 xber 1128

558 1582 647 181 donay desjaunaux

711 1663 2461 171 J'ay veue avec bien de la reconnoissance comme aussij mon espouze la parte que

717 1805 2476 147 vous prennez & ma dame la presidente, en ce qui nous regarde p vre chere lettre

711 1882 2349 142 du 2 xbere deruter, & en eschange nous vous prions d'estre persuade, que la

693 1977 2500 175 sensible perte que nous avons faites, ne fera rien dininde a lamitie sincere

721 2119 2389 111 que nous avons pour vos cheres personnese nous avons appris avec bien du

697 2192 2483 127 desplaisir la perte, qu a fait mons: vre fils de ses deux enfans, mais comme

699 2277 2498 164 vous me marquiez quil y avoit un autre en chemain j'espere que le bondire

716 2383 2461 186 vous donnera, la eux la satisfaction, de le pouvoir eslever. nous avons eu

720 2477 2489 172 le malheur de perdre aussij vre premiere fille mais la seconde est presentement

702 2591 2408 159 age de 16 mois, & est en bon sanse, & mon espouze est enceinte d'environs

720 2692 2433 137 5 mois & demy, en fin considerant, quil ny a rien de solite dans ce monde

726 2802 2017 122 nous ne devons aspirer, qu aprex ce qui nous est salutaira

703 2841 2353 186 J'ay lhonneur de vous adviser p cette, que mons: Jan B. pottier de Lille

714 2964 2448 173 m a remis pour vre compte ƒ1120:- courant dicy, dont ie vous ay credite

708 3069 2421 164 & a len contre ie vous ay debite, pour ƒ 280 aussij courant dicy, que j'aij

710 3183 2491 181 payez aus. michel auvray, pour l'interest de la rente de ƒ7000: Capital

714 3263 2335 192 dont ie vous envoye la quittance cy joint, & comme tous les biens d

711 3390 2423 165 feu mon beau pere sont encor en comier ie donneray avis a mons.

699 3448 2376 208 Coppens mon beau frere de vre ditte remise. J'ay lhonneurde vous

717 3550 2284 167 douhaiter les approchantes bonnes feltes & uue nouvelle annie tres

714 3696 2433 128 heureuses & salufaires, accomplie de tous sates de benedictions, & mon

727 3762 2470 158 espouze soigne icy les mesmes souhaits & a med ame la presidente & a vri

716 3896 1489 164 chere famile, estant tres sincerement

5311 175 673 151 Ady 18 xber 1723

3343 141 893 203 de de kmyde e rije

3497 300 2457 121 ie receu en son tems, celle que vous m'avez fait l'honneur de m'escrire le 30 xbre

3490 384 2451 116 passe, mais ie ne recois qu'auiourdhuy, celle du 9 courant, estant tres estonne

3495 483 2470 112 de son retardement ie vous diray mon clur courn, pour responce a la premiere

3494 591 2423 137 que j'ay promptement satisfait vre traitte de ƒ900:- de change payable

3470 652 2448 173 a l'ordre de mons: Sansot, & p vre derniere, i'ey trouve une remise de ƒ 2400:-

3476 758 2510 164 de change sur mons: procy, qui me la payera londy prochane & une autre

3495 853 2433 171 de 73 x escus sur mons: Jean de Cleves a bouxelles, payable dans anvers

3472 972 2445 154 la quelle ie dois envoyer a bruxeller pour acceptation & adresse pour le

3487 1058 2516 141 payencant. ie ferray mon de vou pour avoir des lettres sur amst: apres dema

3488 1159 2513 162 Lundy, ce lon que vous me le mande, & ie vous les envoyeray si ie trouve loccasion

3486 1255 2501 125 cependant ie vous donneray part de ce quil sera passe, le change de nre

3491 1355 2513 134 bourse est comme mort & il ny se passe vien presque, si non qu'on action de

3504 1460 2498 118 une comp: des judes. moy & mon espaiuze, sont snfinement oblige a madame

3493 1550 2454 124 Van Zeller nre cherissime tante, pour les bons & obligeants soings qu elle at

3492 1647 2471 102 En nreegard, &e vous mon cher consin pour que vous avez bien vouliue

3497 1781 2458 137 me maqquer le change pour icy & amst pour pouvoir reduir les priseries

3489 1856 1871 128 de chez vous en nre monnoy, estant tres lircerement

3487 1950 2491 153 ie vous prie de faire bien des compliments a madame van Zeller de me

3499 2049 1010 168 part & ie toute la famile

5210 2048 796 180 Adij 20 xber 17282

3295 2119 974 195 Lilles de Lannoy de la vaiere

3496 2251 2517 139 ie me refeure a celle que ie me suis donne l'honneur de vous escrive le 18 courant

3500 2364 2507 128 depuis sans auqune vre, celle ne servira, que pour accomp aque les incluses

3495 2451 2497 144 remises sur amtterdam celon vre ordre donne p la vre du 9 ditto scavoir

3482 2523 1128 155 ƒ1200:- sur leon demorae a veu

3457 2610 1665 126 1000:- sur autoine tambaut eschue le 29 xbre 1238

3502 2687 2436 169 e 990:18 sur barent luy scinok en 200 a56  p es cu eschue le 26 xbre 1728

3510 2796 2131 137 £400:- sur madame la veuve si balde, soon a 5 jours de d'este

3493 2900 2168 90 ƒ 8490:18 ¼ en semble en argent de bancque damstergame

3500 2921 2336 127 que j'ay negotie a 3 de de vre perte faissant en argent de change

3482 3048 2483 137 dicy ƒ8745:13 dont il vous plaira m'en crediter ie ne doute point, ou que

3502 3096 2461 171 vous en seray tres satisfait. ie vous dois marquer mons. que la bancque

3502 3210 2489 182 damsterdam ie ferme le 23 prochain du mois courant, & elle souvre le 28

3499 3315 2501 174 ditto, pour peu de jours, & aprez elle reste ferme bien pour 14 jours, de sorte

3499 3435 2457 161 que tous les incluses remises, pourront ettre paye avant le dix du

3498 3523 2461 155 prochain mois, a quoy vous pouvez prendre vos mesures. vous priant

3500 3635 2482 183 de me donner un petit mot d'avis a la reception de cette, a fin que

3507 3715 2461 225 ie puis ettre en respos que la presente vous sera rendue & En cette attente

3499 3843 2442 155 J'aij l'honneur d'estre tres parfaittement apres bien des compliments

3495 3961 744 171 a toute la famile
