7762 4665
800 204 2451 146 daerom gelieft het op ue: naem te verheffen, ofte versoecken uijt stel

818 285 2363 142 tot dat de aengestelde arbiters oft arbittateurs, de delisie sullen

818 420 2412 154 hebben gegeven, & ingevalle daer mede niet sont ten rechten comny

808 507 2456 160 dat ben baillieu vant leen heff van merchem, daer inne niet wille

807 571 2450 206 consenteren dat echter onvedelijck soude sijn, connen die heerlijckhejst

767 695 2431 160 doen versieffen, voor het gemeijn sterfhuys sonder preijuditie van

769 824 2262 202 der sijn gerechtigheyat. sien dat den man van de wed: de man

794 928 2397 185 aen ue gesereven heeft de rek van den overleden in staet te sijn, ben

816 1005 2182 180 overgelevert te worden, wij oordeelen bij aldien ue vant selve

835 1156 2424 114 sentiment lejet, van hem te ordonneren van de selve rek: over te senden

833 1239 2260 150 als wanneer mijn liefste die soude connen visiteren bermits haer alles

820 1351 2395 153 besient is, & naer de examinatie aen ue weder senden met een notitie

812 1420 2354 214 hoe de selve bevonden, & souden als dan Jan Hasselmans ue enight

838 1545 2370 198 met de noodige instructien connen auctooiseren tot aenhooren der selve

822 1615 2381 213 reekeninge, terwijlen hij oock daer eenighsintsat geinformeert is ofte

811 1718 2358 177 wel dat ue lieve hadde den voors verbeckke, tot het doen van te

825 1877 2276 143 rek tot gent te doen comen, op coste van gemijn sterfhuys, & die

795 1995 2270 116 aldaer selver te aenhooren, dogh die rek: soude eerst moeten

814 2079 2350 167 giex amineert sijn, op dat hij niet geobligeert soude sijn, soo langen

790 2163 2409 189 tijdt te vaeeven. Jan Hesselmans is capatel genoech, om de velle van

788 2337 2324 111 dea eurateur van den boedel van de wed: Callian te aenhooren

822 2397 2443 190 derhalven alst met ue beliefte wae, & dat ue hem voor die tijdt soude

819 2503 2328 165 connen derven soude nem daer toe connen aevetoriseren, als wanner

801 2602 2347 174 hij de penningen het sterfhuys competerende soude connen ter

819 2728 471 152 hant stellen

816 2745 2431 221 den voorgaenden packter van de calteye andries martines heeft comen

819 2899 2440 167 bieden voor drij saven packt van de selve vierhondert gubent sjaers

795 3052 2409 151 & lieven de siet presenteert maer dry hondert guldent dogh den eersten

808 3102 2291 174 seght sijn woordt niet te houden, bij aldien wij het placken bij

799 3226 2372 176 affigie, tgene niet noodigh oordeele alsoo selver opt vlaems hooft

812 3336 2403 188 geweest ben, &stenbaer gemaeckt, evenwel bidde van ue sentiment

806 3440 2422 166 te laten weeten, &et daer ontrent doen soude, ons gevoelen is van dit

789 3535 2384 196 gebot aen te nemen, alsoo de passagie van de bougge ontrent de

761 3633 2481 177 twee hondert guldens minder verpaeckt is, als de voorige reyte soo den

826 3731 2301 228 pachter mj verclaert heeft wij sijn ue ten hooghsten verplicht

816 3849 2379 210 voor alle ue beleefde presentatien, & sullen bij occasien daer van

810 3952 2383 173 trachten te profiteren, & wat aens het de danckseggende, die ue

799 4115 2381 134 gelieft te doen, over hat onthael dat wij ul: hebben trachten te doen

814 4186 2424 170 geouvende uy: verblijf al hier meriteert het niet sijnde ue: wel

3509 181 2400 184 geobligeert voor het faveur dat ons hebt gelieven aen te doen dat

3503 270 2471 134 ons veel plaisw gedaen heeft, & aengenaem is geweest, echter het soude

3518 374 2425 145 een volcome satisfactie gegeven hebben aen ons beyde, in gevalle

3520 473 2294 132 ue een van alle mijne presentatien hadde gelieven aen te

5952 481 65 144 6

3522 589 2180 153 nemen, ontrent de scheiydenge  deglinge die voor ue soo

3521 713 2458 113 avant agieus waren, terwijlen ue: den keus gepresenteert hadde

3508 805 2442 112 wille niet twijfelen oft de arbiters sullen het verschil soo danigh

3503 867 2335 185 de eideren dat wij beyde sullen content sijn, & ick niet anders ben

3516 1004 2346 115 wenschende, als mede eene goede vane  vantschap onder soo naer

3516 1114 2408 109 bestaende waer toe alle mogeliecke divoiren sal aen wenden om die

3522 1200 2371 165 te mentineren, & in alle vos vallende occasien aen ue onse estimeen

3502 1329 2256 146 genegentheyet te betoonen, & terwijlen het schijnde dat iuk van u

3514 1417 2321 136 sogement alhier content sijdt geweest soo presentere andermael

3505 1492 2232 196 mijn huys aen ue: & mevrouw ue liefste & voordere familiee

3507 1631 2473 136 tallen tijde uyt ter herten & maer ons complunenten gedaen te hebben

3517 1692 2430 190 aen ue: mevoin ue lieffte mijn heer ue broeder blijve met op rechtighe

5162 1798 783 212 Adij 14 sber r7a9

3345 1808 773 216 Gent facst Coppens

3520 1965 2442 142 uy mij seer aengename van gisteren wel ontfange dien volgens

3531 2058 2378 117 ben aenstonts naer mijn goudt slager gegaee, om de 30 versoghte

3522 2173 2411 133 boeckies die mij voor antwoordt gat de selve esres te moeten

3538 2281 2421 132 maskery gelijck voor mijne galere gedaen heeft om dat die soorte

3515 2355 2458 195 noyt op voorraect gemaeckt wordt soo hebbe hem de ordre gegeven

3537 2456 2467 199 & sal trachten die gereedt te hebben int beginsel van de toecomende

3532 2587 2436 161 weeeke den tijdt permetteert niet veel te schijven alle e

3504 2691 2505 138 hebbe d'een van ue te seggen, als dat dhr van essel toeconende

3541 2783 2434 169 vrijdagh naer brussel vertacht & aldaer een dagh sal blijven & dan

3532 2889 2425 142 naer gendt comen als wanneer hij j: mondelinte sal spreken

3540 2977 2369 145 wanmede naer onte compligde ordinaire blijve met

3515 3113 321 141 haeste

3531 3131 2346 236 bidde my te willen antwoorden op mijnen voorgen ontrent

3542 3298 2254 158 de casseyde als andersints blijvede ue andermael sen

3540 3377 1822 203 verobligeert voor alle ue beheyde presentatin

5331 3429 532 216 Adij 16 ster

3290 3527 1143 207 Phildreche paulus van geert

3527 3613 2415 226 hebbe ue op 6 mey lest leden geschreven om dat ue sijne achter

3532 3753 2402 199 stellige packten soude comen betalen, & ue is met gecompareert

3526 3888 2369 169 sien uyt den in coomvoeuke van dh: de lannoy saliger als dat

3530 3969 2437 153 ue maer voldaen heeft het naer verschenen sier remisse 1725 ende

3521 4074 2371 212 negen schellingen vijf en halven groot, op rekeninge vant

3526 4254 2198 128 jar 1726 soo dat ul nu ontrent de vier jaren packt

3532 4307 2445 150 schridigh tijdt sonder iets te brengen dat buyten alle redern
