7885 4665
2463 186 772 163 Adij 22 d sber 1731

776 214 769 185 swijndrecht Tt bekent

947 271 2306 236 alsoo op 24 deser provisionelijck hebbe aengestelt voor den tijd

962 442 2290 159 van een jaer Jan B moenssens, tot het bedienen van de greffie

957 549 2308 167 van mijne heerlije scheyf van swijndrecht met den last van

934 668 2334 177 sorge te dragen voor mijne gerechtigheden ende preminartien

932 757 2257 189 naementlijck van het besten west soo sal ue diens volgens

916 855 2281 196 geene moeyte meer geven, sullende niet te min ue altijot

899 965 2315 250 genegen sijn, als de andere goede prochianen, twelck oock

933 1108 2326 162 wil verhopen van ue lant & persoon, als wanneer warelijtn

953 1213 2043 208 altijet sal betoonen te sijn ie alle andere occasien

937 1327 1781 218 P.S. als ue en stadt comt sult mj plaisier doen

2545 1385 522 245 Ady 26 d

945 1484 724 160 van naer te comen

730 1581 857 193 Brugge Renteroem

937 1654 2282 175 1as: seer aengename van 30 july pass op syn tijdt wel ontfangen

936 1820 2257 170 met d'oncost rek. van het baeke N. A. 60„ 61. bedragende in

940 1901 2327 175 sowant gelt £5:6:5 en waer vooren ue gesoediteelt in £4:1113

959 2032 2266 194 wijssel gelde, desen tot advies als dat op gisteren de voorman

936 2128 2336 217 advoiture, ick: toegesonden hebbe twee packen tijken . N. 62. 83

945 2274 2327 196 inhoudende N62 hondert & thier stucken & N 63 hondert truck

923 2373 2342 207 de welcke vervolgens gelieve te verslaeren meecte vertreckent

966 2501 2284 221 schip op london te versenden & taddrisseren aen dh. loben satuall

936 2639 2183 205 paen my doncost ick: benevens cognossement itt o mogelijck

969 2743 2235 231 voorders versoecke mede, mijne ick: courant toe te senden

944 2866 2128 212 & naer de selve geetamineert te hebben sal ul. het sulde

959 2992 2254 223 remitteren oft wel in spetie p schopper toe senden waer

976 3131 1871 222 mede naer e vrindelycke groetenisse blijve

2697 3182 569 200 Adj 3 xber 1731

787 3207 773 238 London TohnBatnall

974 3319 2285 235 ie me referre u celle que ie me suis donne l'honneur de vous escrire le 22

965 3460 2302 137 du passe depuis sans auqune vre, celle ne servira que pour vous envoyer

944 3545 2298 145 linchus facture & sognossement de deux ballots sot ils & N.626 charge

963 3635 2300 145 dans le bateau de romis acrts, portant en semble en argent de change

942 3744 2314 179 ƒ2134:4: dont il vous plaira me crediter ditto aerts haite aujour th

934 3842 2239 158 bu demain, de bonges pour ostende, pour y attendre le premier vand

949 3960 2324 141 favorable, pour son voinge de londres, esperant que vous receveray

955 4056 2214 133 les dits ballots bien conditione, & s'il y at d'autres choses a vre

950 4179 1942 183 services, comandez celuy qui est tres perfaittement

5097 191 825 177 Adij 5 xber 17731 13

3484 207 779 132 melsele moenssens

3485 304 2373 195 ue brief van 226 pass op syn teiyt ontfangen, waer op tot antwe:

3461 435 2373 115 ais dat met de bisorghgrave veraccordeert ben geweest over het

3475 512 2392 199 besten hooft van sijn huysvrouwe op sonditie dat hij op heden

3473 631 2452 140 het gelt soude gebroght hebben, & is niet omgesien, waerom oordele

3486 764 2346 163 e sonvenverenn van de hoey  te haelen, & alsoo paschier s mot

3475 862 2370 207 oockk in more blijft van sijn vrey briefover te brengen

3456 981 2401 195 segge sijn erfrenanen, soo sal ue oock den besten paut

3477 1119 2434 193 uijt dat sterthuys hael sijnde dits smet over leden op 1 st

3454 1261 2207 125 laetende dittechter aen ue ordeel verwaght ant woort

3477 1352 1307 147 over de bestende affaire &

3478 1441 2363 135 oft de koeymoest af gehaelt worden soo bestelt die ieversop

3463 1545 2437 175 smijndrecht. mijn broeder versoeckt sijn lant aen een ende

3478 1686 2302 129 te verhuven, omdat den pachte maer ƒ 40 wile geven

5194 1796 543 175 ter dtto

3361 1797 1388 208 suijnrecht tn berso ballien

3488 1952 2342 185 geschreven om het gelt van de gecapte boenen

3466 2076 2397 201 over te breusen oft voor moenssens mij toe te senden

3360 2211 1192 218 Turnhout Guld: sanen & comp.

5192 2213 484 221 Adij 8d

3473 2342 2417 197 beyde ue brieven van 21 sber & van gisteren wel ontfanghen

3492 2473 2428 202 met den eersten de 100 p1 tijsien aldaer vermelemet den

3454 2630 2459 186 laesten, het stuck 3 segels, wae vooren ul gecrediteert is

3483 2725 2344 189 en hebbe oock ue assignatien promt vereert dit tot ue

3479 2853 1234 197 naeright & blijve met haeste

5325 2914 442 193 Ady 11 d

3358 2939 1172 245 bougge lauvenie Jan Rentergen

4525 3074 125 90 10

3488 3039 2354 188 ue mij seer aengename van 6 deser wel ontfanghen daer benevens

3485 3215 2373 157 het cognossement van de twee packen  N. 62: 63, als mede

3490 3324 2382 154 de rek. van 1ƒ debourssen, bedragende en courant gelt £7:10:2 en waer

3496 3416 2400 143 vooren ick gecrediteert is in 6:0:2 et wissel gelde, hadde ue ge

3493 3538 2398 187 mijn voordgende dato 26 pass versoght kan aen mij toe te seven

3504 3645 2423 140 mijne resl: courant als waneer aen ue het saldo soude remitteren

3501 3763 2465 190 tgene ue niet gedaen heeft waerom desen aen ue schrijve met versoecke

3478 3876 2404 208 van niet te willen manqueren van de voors versoghte re. courant mij

3486 3998 2477 159 toe laeten toecomen sijnde daer bij seer versegen, om dat het blat van die

3508 4134 2333 132 rek. op mijnen bouk vol is, & dat genoodtsalcet ben eene muire

3505 4215 2452 196 rekeninge te formeren, twelck gelieft te considereren, & sal dien volgens
