7919 4644
913 224 2203 156 monney on the suin of fhousand pounds being all the stock

896 316 2186 163 ftanding in my name in the booses, of the Toynt Stock of

911 386 2332 170 south sea Hirnuities on the 29 sep. latt wich Iach nowlidge

916 495 2313 209 to bein discharge, and that shall be your tufficient marrant

916 619 2183 198 and anuhilatton of somuch of my said annuities stock

898 730 2323 210 from that day, and this shall be your sufficient warrant

914 849 1852 191 antwerp the twenthie eight day of notember

914 961 1596 164 thousand seven hindred thierthie ne

929 1097 241 131 to si

945 1173 880 184 charles lockeyer et

935 1290 1600 147 accomptant to the santh sea conipany

2603 1309 624 242 Ady  xber 1724

745 1417 839 146 Douay Mons. desjaunaux

932 1563 2313 175 J'ay recccu en son tems la lettre que vous m'avez fait l'honneur de me

927 1656 2280 160 m'escrire le 17 mars passe, ie vous suiss infinement oblige de tous les

937 1794 2313 186 marques damitie & estime, que vous avez la bonte de me demoigner

923 1886 2312 219 & du part que vous preniez en la perte de mon frere, sa fille, c'aditte

929 1991 2214 224 et depuis marce avec mons. Sunden, un jeune homme de bonne

920 2134 1504 189 condtite, & d'une belle & an ienne famile

946 2236 2253 190 mons: pottier de Lille n a remis le 28 du passe, pour vre compte

952 2351 2234 196 tuze cent & vingt florins argent courant discy sur la s: van delft,

944 2443 2231 182 que ie crois estre pour les interest de la rente, que nous avons

942 2570 2307 225 a vre charge, & comme madame van Zeller y est interesse pour un

943 2702 2197 216 quart l'attendray vre ordre pour luy satisfaire un anne

931 2814 2216 218 dinterest madame melijn vous este somme a madame la

947 2929 2249 201 presidente, & a mons. vre fils, tres oblige de vre char souvenir

956 3074 1962 176 elle at l'honneur de vous assurer de les ofeissances

945 3207 2319 231 comme celuy qui est tres sincerement Ady 6 sburt 731

778 3333 707 196 Lille mons: pattier

946 3405 2321 238 J'ay receu l'honneur de la vre du 28 passe, y joint une remise de ƒ1120:

943 3529 2285 181 argent courant dicy, tire p la comme du S: durest a la charge

934 3666 2341 194 de mons. van delft la quelle est accepte, ettant pour compte de mons

928 3772 2328 226 desjaunaux de douay & Ee suite vre ordre, ie luy en ay donne

949 3905 2195 221 avis, madame melijn vous est bien oblige de vre souvenir

941 4025 2215 236 celle vous fait bien des compliments comme celuy qui at

948 4163 691 230 l'honneur d'estre

5111 175 764 176 Adj 11 xbre 1731

3345 200 971 173 Lille wed: theodor Van Zeller

3424 329 2436 167 Jicy receu l'honneur de la vre du 5 courant y joint nre compte courant

3419 406 2396 213 commien des resceptions des biens, pour solde du quelle ie me revient

3429 524 2442 182 pour ma part £1265:14 ¼ sols argent de lille, dont ie vous ay debite

3435 641 2368 191 a mon compte particulier, & a l'en contre credite au dit compte pour

3424 739 2409 212 ƒ1360:- argent de Lille pour ƒ800:- argent de change s'cy que

3424 847 2292 195 vous m'ordonne de passer a vre compte dont vous y ay debite

3441 950 2323 203 estant le charcge la 170 pour cent, & j'ay anotte de conformite

3425 1066 2470 148 qu'il vous revient pour solde de mon dit compte particulier ƒ104:18 ¾

3436 1177 1853 198 argent de Lille a compte nouveau mon compte

3430 1239 2469 245 vous vous avons debite au compte nouveau commn pour ƒ 338:4

3443 1431 2448 159 argent de lille que vous avez receu en argent de boussemart &en

3438 1504 2426 204 attendant qu'il payera le reste de lanne 1730 pour avoir nfin

3437 1603 2213 188 de ces biens des revenues pour la communante & a legard de

3440 1726 2412 173 l'aschant dont vous faite mention, ie ne puis vous dire, que jusqua

3441 1855 2346 189 present l'adveritance n'est pas encor fait icy la reclisation

3456 1936 2392 212 du partage qui doit passer devant la loy, & En suite a vre ordre

3448 2065 2305 200 ie vous envoye cy joint une remise de six cent livres de gros

3452 2158 2356 185 argent de change a dix jours du dato du 10 sxbre, a la charge de

3453 2276 2219 205 mons. Jacomo Baut a Gand, pour la quelle il vous plaira

3437 2401 2469 175 procurer le necessaire & m'en crediter a vre compte courant, qu'en

3441 2531 2435 166 donner un petite mot d'avis de la reception, mons. pottier m'a

3444 2579 2468 190 remis ƒ1120: - argent dicy courant pour compte de mons. desjaunaux

3458 2731 2326 199 dont, j'ay donne part au dit s: & ie luy ay priez de me marquer

3449 2839 2354 179 siin dois vous satisfaire un amne d'interest de la rente, que

3446 2975 2384 212 vous avez a la charge dont ie n'ay pas encor responce, st

3446 3091 2426 212 que j'auray de ses nouvelles ie vous en donneray part estant

3458 3196 1704 221 avec bien du respect & offres de mes services

5250 3283 652 193 Ady 16 xber 1722

3376 3332 992 187 sent procuveur Causemasse

3461 3447 2335 204 sende aen ue hier benevens eene accpstatie van mevrome hoppens

3456 3563 2472 168 over de transactie & savelinge met den heere raedt haeven man alhier

3454 3683 2323 169 gepasseert dogh alsoo twee abuysen in de selve sijn gestelt

3443 3795 2460 214 te weeten op den 28  augustij voor den notarit van t lasselo

3470 3942 2164 145 moet sijn aengegaen op den 22 aug: voorden not aris

3464 4041 2442 151 vervlaessen versoeckende den heere raest coppens daer over te

3474 4155 2319 218 spreken, & het selve too volle te doen veranderen, & mij te
