8091 4623
2415 194 691 162 Ady 11 febru. 1736

862 199 1148 159 Lournay mons. Madou de Toosbecg

1009 292 2305 132 le s: degre, ma fait voir vre lettre que vous luy aviez escrit, au suject

953 417 2297 146 des bagatelles qui vous pourront appertenir reposant encor a ma

1015 492 2211 161 maison de plaisance, estant tres estonne de tout ce que vous dite

1009 644 2214 158 vous estre due, si vre concience le peut porter, ie vous le donneray

1004 704 2217 166 scavoir le lage a poulle, le bacq d'avoir le trenau des cherause,

1014 826 2248 220 le Closon de vois, les deux manteau de chemine les trois fonettres

1012 923 2274 171 les deux bacy a chaibon au grenier, les deux piranues de suivre

1017 1019 2168 210 le bane, & la piere deau de piere bleuse, voila tout ce quoy vous

1021 1145 2270 219 pourriez faire pretention, estant de peu dimportance I grand machinns

1001 1273 2252 155 pour le transportier & ce qui regaide le sarde robe, & boiserie voyez

1021 1389 2240 201 nre contract vous y trouveray conditione, que les nussements de bois

1003 1529 2277 148 si bien dans la maison qu'au jardie y doivent retter, & mesme j'ay accepte

1007 1585 2294 207 la condition de la ballie, de madame blond, ou il est contracte, que tout

1014 1721 2239 175 ce quelle y pouuroit faire soit embelissement, ou autre chose que cela

974 1811 2302 213 y devroit vetter, qu'oy que la ditte dame at fait contraire, & quelle at

1031 1959 2187 184 emporte, tout ce quelle peu, enfin cela est fait, vous voyez mons.

1020 2058 2245 150 ma fincente, ne toulant rien avoir ce qui ne me seroit tne, ja

1018 2161 2250 139 qui vegarde les deux tableau a la shambre de tapusine au dessus

962 2289 2290 188 le lit, ce ne sont que des fouffes, ie demanderay au crieur, qui at

1015 2387 2252 200 fait la vente, sil les at veudu avec la tapisserie, ou non, si no

1006 2525 2226 190 vous les auray aussij, mais si vous voulez en laisser faire la

1034 2623 2263 171 prisene de tout bu en partie, je un crieur du marche de vendredy,

1018 2735 2251 167 ie suis contant de l'accepter, celon la prisene, & ie vous envoyerez la

1017 2874 2288 168 palleur ie fais cela, pour avoir le moindre ambaras & pour vre adantage

997 2995 2257 186 car le transport vous coutera beaucoup, j'ay tenue tout ce cij en

1002 3096 2250 201 sacret de peur, quil arriveroit, quelques arrets, vous poiant de me

997 3220 2251 196 donner au p lustot vre resolution, ou de me donner vre ordre, a qui le

1039 3329 2065 213 mettre en mains & en cette attente j'ay l'honneur d'estre

2580 3450 665 164 Adij 14 febru 1736

827 3434 1501 197 Brussel Francisius Jacobus van den Clooster

1010 3586 2287 145 op 11 deser is aen mij ebrie ter hant gestelt, emen brief van de wethouderen

973 3710 2329 146 der stadt brussel, onderteekent door hunnen greffier I: p: de fracy a by din

1022 3847 2199 162 welcken ick besereven worde te compareren, binnen ses wesselen ten

1016 3937 2301 201 comptoire van de greffie der selve stadt om te ontfanghen de hooft perninge

1023 4047 2256 205 met de verloopen van eene rente van ƒ 91:11 st: siaers, Capitael „ 2616:-

1037 4172 2226 213 wissel gelde, die ick ben hebbende ten laste de voors shadt, als sijnde de selve

3495 229 2433 119 rente, doorue: vernadent & dat by faute van comparitie, ue de capitale penninge

3497 276 2402 193 et het verloop soude consigneren, & om sulsx voor te comen, op dat ue tsijnder

3504 419 2308 143 prejuditie, geene abuijsen soude begaen, soo wille wee pdesen ue laten

3489 491 2351 185 weeten, dat dese rente gecrecert is met expresse sonditie, dat tij de selve

3505 578 2387 202 rente sullen mogen af c ossen, ende quijten thunnen geliefte niet gelijcke

3500 699 2396 163 Capitale van ƒ26:6:- mits t selve drij maenden te vooren advesterende

3506 826 2347 140 &t selve doende binnen antwerpen, sonder onsen kost ofte last, in gelijsie

3498 923 2339 185 petie van wisselgelde, met den intrest naer rate van tijde, twelck

3502 1060 2356 122 oock sal moeten geschieden op den selven voedt van vernaderinge

3432 1148 2426 195 dien volgens, soo ue dese vente comt te quijten, soo sal ue gelieven

3495 1289 2262 166 de capitale penningen met de verloopen, hier binnen antwerpen

3483 1420 2424 147 comen tellen, op 11 mey toecomende, sijnde de drij m aenden naer den

3499 1479 2405 210 dagh van dadrertentie ende sich moeten contenteren met de beschieden

3498 1622 2390 160 dil ick daer van hebbe over te situls van aen comste, dit tot ue naeright

3487 1732 2391 141 & gelieft mij ue: gesuitijdt te laten weten, op dat mij naer advenant

3475 1850 2354 191 soude reguleren, & ten valdage gereedt soude wesen, ue antwoordt

3480 1959 772 202 fwaghtende blijve

5046 1980 695 229 Ady 22 febru. 1736

3370 2108 850 198 London John Batuall & son

3476 2226 2390 215 J'ay receu l'honneur de la vre du 6 courant V.S avec un ordre pour 80 ps

3448 2390 2380 131 de sotils, les quelles ie procurerez au plustoit possible, & ie ne mancqueray

3499 2480 2386 161 pas de recomander a mon ouvrier, quelles loyent bien plombe, & de la plus

3499 2610 2373 185 belle qualite, cependant ie ne peut comprendre que les plomts se peuvent

3495 2691 2276 191 quitter, J'ay aussij vre remise de  £100:- a 36:3 et a charge de

3482 2826 2418 169 hnnessy a ostende, payable dans la ville d anvers la quelle j'ay envoyez

3494 2969 2379 164 pour acceptation, & ie procureray le requis en son tems, vous avez a

3483 3103 2392 149 attendre la facture & cognossement des predits 80ps. p ma premiere

3496 3171 1782 175 & suis avec offres de mes services en tous occasions

5241 3241 548 214 Ady 21 febru

3382 3283 714 168 Turnhout qus: samen

3466 3423 2462 211 hier aen den voedt deser heeft ick eene notitie van 50 ps. tijken, de welcke

3475 3549 2411 205 gelieve te besorgen, van het aeder beste goedt & dat se wil gesegelt sijn, ick

3477 3639 2436 267 can niet bedencken, hoe dat mijn voindt daer over soo die wilt schift

3465 3824 2451 175 ten waere, dat ue ongesegelde telsen dae bij dede dat niet wel gedaen

3484 3901 2416 271 soude wesen boven dien hij slaeght oock seer sterck over de  groot

3461 4047 2413 239 sort dan selfs dat se soo goeds niet en sijn, als de ⅓ dicrom

3469 4172 2386 248 ule moet biter goedt senden, ofte soude mij van andere moeten
