7885 4671
956 204 2293 183 bonte de luy faire ƒ12:- argent de Lelle plus que moy ie vous

957 283 2309 224 prie madame & tres chere tante, d'avoir egard, quand on disposera

932 449 2254 149 des deniers qui seront entre vos mains de ces revenues de mes

948 544 2242 188 remettre aussij ƒ 12 de plus, qua mons. Coppens, pour estre Egale

925 654 2318 219 somme mons. Coppens at inttitue un teneur de livre pour payer les

929 776 2342 143 debtes de la maison mortuaire ayez la bonte de tirer les £72:12:1

935 877 2280 196 de change, qui vous reviennent, sur les eries de fen mons: de

963 1011 1522 210 swijndrecht, & ils seront promptement payez

978 1099 2297 223 mon esponze a l'honneur de vous faue ses compliments de mesme

965 1251 2307 159 a toute vre chere famile, permette que i'y joigne aussij les iens

977 1368 1689 195 estant avec bien du respect & venetation

2627 1396 620 210 Adij 3 gber 1731-

834 1482 637 193 melsele moenssens

981 1599 2255 131 ue: aendename van den 2 deser is mij desen morgent maer eerst ter

970 1692 2242 175 hant gecomen, waer op tot antooort segge dat op morgen wesende

951 1795 2282 205 dijnsendagh naer buyten met mijne voinden gaen beneven mevrouw

959 1931 2224 171 ven ons wat te verlustigen, voor den geheelen dagh, waerom ue

971 2049 2079 170 seer voindelijck versoecke van soo goedt te wesen, van op

981 2121 2263 195 woonsdagh 5 deser te willen oversomen, om iue te spreken over

905 2282 2362 185 de verheffen van dheerlije kheijdt van twijndrecht als andersints

977 2364 2127 230 wij blijven ue seer werplicht over het paert dat ue neemt

981 2464 2275 181 intrent het accomodiment met dh Cooiens aengegaen, als mede

766 2599 2280 119 x ende de goede attectien, die ue ons is betoonende, het waerte wenschen

1001 2622 2251 216 voor alle ue goede toewenschingen dat alle te prochianen van

985 2747 2237 182 wijndrecht de selve affectie nadden dat echter wil verhopen

970 2900 2275 165 om soo in een goede atmome ende vrintschep met malk eenieven

969 2966 2273 193 te sijn & te blijven, ick soude geirne de te weeke het verhet laten

933 3064 2333 238 doen om possessie de connen nemen dhe coppens heeft met sijven

974 3192 2263 218 eijgenen haudigen brief, aen de wet van sewijndrecht laten

987 3354 2226 182 weeten, dat dheer lijckkheydt aen mij bevallen is, & dat sij mij

986 3444 2249 194 voor hunnen heeve louden eriennen ue: dan niet verlangen

981 3572 1424 184 afwaghtende blijve naer groetenisse

956 3669 2309 206 bidde soo goedt te sijn van de noodige segels te besorgen

968 3758 2285 236 tot snt verliet sal ue ten dancke rembourseren soo over

965 3917 2292 176 de moeyte als verschet soude geirne het verhef op vrijdagh

987 4033 2247 184 toesomende laten doen, als wanneer in persoon daer toe

988 4169 1905 201 soiude overcomen soo het wodigh soude wesen

5848 77 85 160 4

5126 193 704 159 Adij 7 sber 1731

3624 202 390 142 van dam

3528 304 2344 206 voor lede vrijdagh hebbe hier aen ue sogement geweest dogh ul

3533 415 2417 168 was al vertrocken, & heden verneme, dat ue un stadt niet gesomen

3514 550 2336 205 tijdt, & alsoo op toecomende vrijdagh eenige stucken gentsch

3517 662 2344 172 syn waten noodigh sal hebben soo gelieve 3 a 3 stucken

3518 774 2103 197 mede te brengen a 13 a 14 a 45 fyvers delle, dit

3525 893 1559 193 verwaghtende blijve naer groetenisse

5184 888 680 268 Aeij 9 sbre 1731

3351 1050 736 186 mellile S: moeusseus

3538 1139 2262 208 alsoo alle geschillen met de hevre raedt Coppers mijn twage

3531 1274 2365 204 ontrent de succelsie van de aghter gelatene goederen van dh1 de

3514 1386 2377 206 lanney heere van wijndrecht saliger mijn schoon vader sijn

3520 1500 2360 201 iedergeleght & dat bij savelinge aen mij is competernen de

3507 1618 2239 114 heerlieckheydt van Zmijndrecht met alle prnsientien

3520 1730 2431 158 nnosumenten appendentien dependentien, soo ende geljct

3490 1846 2429 159 den voors hiere de selve heeft nchte geloten soo versoeckel

3529 1974 2365 133 in cas op woonsdagh tocomende niet selve in person

3513 2070 2443 212 oversoma van de selve hierlijckheijdt uyt mijne name

3527 2238 2429 117 te doen verheffen waer toe desn dal diernen voor voeuratu

3524 2335 2365 154 ende tot gelegden van het inleggende extraet van de

3516 2480 2308 174 savelinge, aengegan & gepasseert vor den notaris

3515 2568 2435 222 herrmans n dato 36 augi 1731. d it sijnvde het noodige

3533 2709 1811 213 deses & dat naer cordiale groetenisse blijve

3657 2859 747 148 op den name

3516 2938 1905 180 Mher dawel gerard de melijn viddere

3721 3086 1206 118 p de popaesie eude peerlyckheeet

3525 3097 2393 180 heere van lijndrecht egddt alle moessenier der staet

3514 3278 552 117 antwerpen

5165 3241 510 220 Adj 10 d

3333 3362 722 143 messele mochtens

3546 3425 2332 209 desen om ue te versoecken, van int verhefen van d heerlijckhejdt

3518 3555 2374 178 hot woordelien de melijn, achte te laeten, ende maer te stellen

3516 3665 2268 172 ell heer daniel gerarde melijn, siddere ceere der prochie ende

3528 3788 2404 142 heerlijck beydt ven swijndrecht ende addt ael moestender der stat

3539 3896 2407 163 antwerppen dit doende sut obligeven die met haest blijve

3529 3999 757 176 naer groetenisse
