7775 4671
768 1294 156 153 Lille

939 212 2402 131 un sensible plaisir, d'aprendre la reconvalessence de mons: petit cambray

916 292 2429 107 & celle de mons. son fils & nous esperons quil reprendera les forces en peu

930 366 2396 133 & que le bon dieu vous conservera pour des longes annee. mon espouze

931 470 2347 137 vous fait bien des compliments, de mesme a toute vre chen famile

923 564 2402 149 & elle vous est infinement oblige de vre chen souvenir comme celuy

926 677 1079 154 qui se dit tres sircerementt

922 763 2359 164 comme la rente de mons: des jauraux eschue le 31 xber courant, il

931 875 2357 139 seroit bien necessaire de luy donner pait, que mons: hauvray vous

921 1000 2269 169 at transporte sa portion dans dicelle pour ƒ1009:- de brabant

900 1087 2346 202 courant ou vous pouviez vous adresser chez mons. pottier a Lille

927 1194 1763 197 qui fait ordinairement les remises pour son compte

2692 1224 571 196 Ady 27 xber 1729

952 1324 679 123 wed. theodor Van Zeller

930 1400 2255 159 J'ay apriz avec biernn du plaisir p l'honneur de la tres agreable vre du

1969 1497 103 93 129

926 1525 2248 139 23 court. que le relief p la sug. d'esping & dersean at este paye p

938 1629 2286 124 boussemart au s d'espaing, en suite le consentement de mons. Coppons

933 1723 2244 141 dont il at pay 172:- & ƒ428:- a vre chere personne ie ne doute

952 1793 2193 158 pas, ou le t boussemart vous aura mis en mains la recisse

913 1891 472 148 du ditt reliefs

918 1926 2391 193 vous avez la bonte de me marquer, que les eschantillions envoyez ont este

922 2066 2379 193 perdue, & que madame Crombien n'at pas eu la satisfaction de les voir

908 2151 2410 198 & somme ie n'en trouve pas des couleurs a prochantes a son eschantillious

931 2257 2323 149 ie n'ay pas autue d'en prendre ce pour quoy ie vous envoye a joint

908 2345 2401 161 de rechef 5 eschantillions dont il y en at trois souleurs violit deux

924 2492 2244 116 bleu turquin sen eschantillion, n'est cy lun ny lautre elle peut

930 2565 2232 204 choisir la couleur le plus a son gray, la quece de 22 escailins

910 2671 2319 167 l'aune, est parfaittement belle, & finne couleur cependant les ordres

937 2774 2361 209 seront exactement obserre, vous priant de me renvoyer l'eschantillion

919 2914 1822 139 quelle auta choisie pour avoir de la mesme piece

931 3014 2282 183 mon espouze aura soing d'anotter le tout sur les livres, & nous

916 3091 2358 196 vous sommes intinement oblige pour tous vos bontees. ie vous ce

914 3226 2300 184 que mons. Coppens vous at escrit j'aj des grandissimes raisons

939 3312 2263 202 pour ny pas contentir. mon espouze vous faitt bien des cont

916 3417 2230 194 de myme e vre chere famile permitte que cy jorgue aussij

907 3590 2186 140 les miens, ayant l'honneur d'estre avec bien de cettinue

856 3707 618 137 ienctatien

3371 4188 176 158 Londe

3429 198 162 128 Londe

5911 196 79 102 43

5196 188 706 143 Adij 29 sber 1729

3617 215 443 143 raedt Coppens

3567 295 2384 114 op 13 deser was aen ue mijnen laetten, tot antwoordt op ue missive van 8 deser

3550 397 2442 114 selver maendt waer op tot nu toe het geluck niet geheedt hebbe van antwoordt te

3555 481 2411 128 mogen becomen, dan alleenelijck met groote verwonderinge gelien dindaginge aen

5137 544 110 74 orede

3543 547 2388 127 ce gedaen tot het doen vant verhef rakende de leenen van merckem vant hot

3543 613 2369 146 te capelle twelckk mij maer ter hant is gestelt door ile pensionans van lcessel

3557 727 2409 155 donderdagh lest leden 27 deser onder wiens couvert de selve was gaende vermits

3547 847 2401 140 hij woonsdagh savonts, maer was thuysgecomen van hooghttrate, als wanneer

3547 919 2402 149 de papieren dien aengaende hebben gevisiteert maer geen recipisse bevonden

3553 1004 2290 129 van ousen respecteven schoon vader die aparent noch tot rijsel sullen

3538 1131 2356 111 berusten, synde de lette recipisse die wij int sterfhuys bevonden hebben

3554 1190 2427 169 van het denombrement overgegeven door chilippe van dame 29 gber 1636

3527 1292 2439 183 twelck wij bevinden ontrent een en inhoudt te hebben met de Copiye van

3529 1397 2445 119 dindaginge, alleenelijck eenige nieuwe canten sabouten, & dat aldaer niet en

3490 1500 2463 150 bevinden tsedert daer de spel steckt twelck afgeregelt hebbe beginnende aldus

3547 1616 2414 129 tweede leen, dat alhier wordt ingedaeght was eertijdts & 't twelcke aparent

3558 1722 2380 90 eenigh lant moet sijn dat door de voorhonders van onsen schoon vader

3547 1791 2372 167 det bij gesioght is geweest, in voorgaende tijden, vermits mijn hujs

3558 1923 141 87 vro

3546 1995 170 122 toeb

3561 2097 143 113 omy

3558 2182 152 131 ht

3558 2296 143 95 tidee

3552 2379 142 107 indi

3543 2469 158 119 dimi

3561 2556 132 119 ree

3544 2663 162 127 heedt

3561 2767 143 131 verk

3559 2878 128 102 vers

3548 2966 149 139 ters

5881 3032 130 112 de

3546 3054 148 119 leder

3552 3170 157 120 Engo

3524 3166 167 306 e

3519 3366 2463 195 lheten verlieften voor het uemijn sterfhuys sonde prejuditie van

3532 3528 910 188 ider sijne gerecht gheiydt

3552 3593 2390 173 racende de pachters van lidrecht waer over ue geschreven hebbe

3540 3706 2441 174 & mijne brieven in dato 30 ster & 13 deser oft ue geliefte dat aen

3553 3800 2410 189 uk sopge van den packt brief soude senden om de gene die wyt

3564 3913 2467 155 verachtert  te betrecken, bidde van mij daer op te antwoorden

3552 4030 2416 187 wat dat ue, daer ontrent gelieft gedaen t hebben, ot andersints

3585 4129 2192 196 us: niet qualijck connen nemen dat maer mijn helft in het

3567 4258 1080 185 tre comende son de ontfanghee
