8084 4651
911 215 62 67 &

2355 186 734 163 Ady 23 sber 1739

886 204 519 191 sendt Coppens

1017 300 2271 209 Refervere mij aen mijnen laesten van 20 deser s verbeeck is eiyndelijck

1010 443 2268 172 gitteren bij mij geweest & heeft de quitantie tot caste van den bergh van

954 596 2376 171 bernihertigheydt tot gendt door hem & sijnen Josijn Jumnieus onderteekent

985 673 2321 200 & mij terkant gestelt, & hebbe de selve in gevolge ue ordre met twee. en

1015 801 2241 193 jestigh guldens, seven stuyvers courant gelt betaelt, & us: reieninge

997 901 2164 155 daer vooren gedebiteert, & sende aen ue hier benevens de selve

1000 1022 1994 149 quitantie om door ul tot gendt ontfanghen te worden

1006 1145 2173 172 ick wil hopen, dat de Costuyem boecken van brabant voor nu

1002 1251 2268 209 sullen geveedt sijn, smet staet vvormorgen naer gendt de comen

1021 1391 2164 160 efte sijnen teneght, die de boecken sal comen afhaelen blijvende

1021 1499 2194 126 middelertijdt ue ten hooghten derobligeert voor alle genomen

1021 1612 2056 186 moeyte, & in soo danige oft andere voorvallende occasien,

1028 1719 2041 197 gelieft liberlijck te comanderen die naer onse gedaene

1007 1840 2074 240 ordinaire complimenten blijve Ady 2xber 1739

878 1978 504 182 Gendt Coppens

1004 2026 2250 226 tet antwoordt op us: seer aengename van 24 passt. hebbe deere van uk

1013 2193 2232 179 te seggen, dat op ontfange den selve sonder uytstel ben gaen informeren

1013 2326 2317 167 waer de stucken van het proces dat wij tegens dheer praet geheet hebbn

1007 2415 2234 144 waeren beruttende, mijne swagerime heeft  haere pampteren

995 2543 2207 154 doorsoght & niet gevonden, ben bij d heer ballingan gegaen, de het

1008 2653 2203 146 selve proces bestierdt heeft by we de stucken oock niet waeren

1017 2746 2164 184 eyndelinge, heeft de originele noch op het stadthuys gevonden,

1019 2848 2259 205 & desen morgent met mij gevisiteert bij welcke het contract van

1014 2941 2259 215 nouevelijck van voors praet met jouff: bouwens niet en gedient en

1015 3079 2198 190 is geweest maer alleenelijck bij requeste vant selve, mentie

1020 3224 2213 162 gemaeckt, hoe bij het selve contract besprosien was retour van

989 3319 2293 190 goedt it douarie conventioneel, & alsoo sy en lan hadde & jeen

1003 3432 2249 198 cobtroij om daer van te disponeren soo hadden wij geconcluseert

1020 3559 2170 186 vant selve een afstant te doen, & ick te doen dant geene hiy

995 3683 2274 173 sedert de doodt van sijn Comp. ontfanghe hadde, dh. ballingan

1008 3782 2204 150 seght dat uy een copie van de sententie gelibilleert aehoorde

1021 3896 2192 195 te hebben, dt ner uyt ue: het geheel cas, soo van den eenen

1007 4005 2048 195 uls anderen cant ssult sonnen sien, & in gevelle ul het

996 4129 2333 205 selve gelieft hij sal de sententie gelibelleert doen uytrecten

3511 213 2397 88 waer op us: antwoordt sal verwaghten. wat belanght door dun netais

3525 303 2351 132 van tteghem een Copye te laten massen uyt het teltament van den

3522 418 2409 133 heere de lannoy il niet noodigh want soude maer hebben een copice

3516 516 2363 148 copie & boven dien het swaer poort betalen, soo gelieft emaer soo

3531 607 2351 173 goedt te sijn, van mij te noteren, voor wat notaris gepasseert is

3486 685 2374 190 op wat dato van de maendt, & paek sal sien hier eene songe

3513 846 2354 153 ditentigue daer uyt te crijgen, hebbe de boecken noch niet

3521 930 2410 160 ontfanghen smet is gisteren wederom naer gent vertrocken

3519 1047 2342 136 altt gene ue voor mij sal verschoten hebben sal ue: op de

3496 1129 2327 197 quitantien in ri: ten dancke valideren. ick hebbe dh

3503 1250 2256 197 van lessel noch niet gesien is altijdt buyten on sijn hof

3496 1331 2419 224 soo haest hij in stadt sal comen, sal hem de vijftigh guldens

3514 1497 776 151 min 3 t: betalen

3506 1546 2432 154 ickk hebbe den sneght om de hoofdekens voor de nonnesens gesonden

3441 1666 2486 194 de principaelste die daer aen wetckt leght siecken, dogh hebben belooft

3499 1781 2394 170 int eynde van de toest mende wecke, eenige te sendee waer

3504 1920 1923 163 mede naer oute gedaene conglimertie blijvve

5195 2031 653 218 Ady 7 xbre 1739

3425 2037 1075 220 London Joan William tatnall

5659 2216 126 84 me

3498 2220 2427 196 ie me referre a cesle que ie me suis donne l'honneur de vous escrire le 19. du passe

3491 2303 2434 206 depuis sans l'honneur de vre, celle ne servira que pour accompaquer lincluse facture

3492 2396 2395 236 & connoissement d'un balot  .N:81. contenant soisante pieles de cotils portant

3495 2536 2438 191 en semble en argent de change ƒ 474:15 estant charge dans le valeau de John

3492 2606 2435 224 handyside, qui partira p le premier, pour londres, esperant que ce balet, vous

3474 2740 2420 210 donnera plus de satisfaction, ce quil vous plaire me narquer d'abord que

3484 2832 2416 252 vous l'auray examine, & s'il y a d'autre chose a vre service comandez celuy

3491 2959 762 175 qui est seritablement

5017 3031 426 189 Ady 80

3415 3118 481 132 sendt Coppens

3463 3194 2428 184 bij ul: seer aengenaeme dan 4 deser sien, dat ue sigh seer gelegen saett tot het

3467 3322 2076 192 contraet van houwelijck Jan dhs pract met sijne eerste vrouwe

5149 3400 734 220 Adij 15 xber 1739

3416 3410 499 228 Geutt Coppens

3479 3588 2315 175 refertere mij aen mijnen laesten van 2 deser sedert het geluck niet

3474 3697 2378 161 gehadt van ue iets te vernemen de nonnekens hebben al wederom

3458 3788 2399 202 rescireven gehadt om hunne wasse hoofickens de maecktster hat

3444 3897 2389 222 voorleden saturdagh de selve mij gebroght, & ick hebbe ter selver

3441 4051 2423 199 daghe mijn kneght met de doose naert vlaems hoot gesonden

3465 4196 2427 164 myt last van die cito mogelijck op gendt te end mede te nem
