8056 4630
2429 200 728 189 Adj 7 auy: 1723

819 233 977 145 Turnhoudt twill: samen

955 338 2296 174 besome eyndentlijck een ordre voor 120 ps. tijken, & mijn voint

948 458 2271 212 schrijft mij, van dat te tijken minder sijn in prijs als die ick

956 541 2291 243 versonden hebbe & van ue ontfanghen op 22  31 ie reden

945 677 2229 222 dat hij in lange van mij geen tijlen ontboden heeft is

959 798 2302 229 geweest dat hij beter foop beter goedt van andere gehadt heeft

913 903 1901 173 daerom moet ue het alderbeste goedt senden

956 1029 2260 240 voorders soo hebbe voor mijn eijgen gebruyck noodigh

969 1195 2326 217 een stucke tijck ¼ 3 segels smalle strepe twelcke particulie

966 1321 2298 247 gelien te laten weven van den ader besten wever dight

926 1417 2330 261 aengeslagen & vast dat sij niet can uytstwijven mij op

961 1585 2284 246 ue vertrouwende soo wel voort een als dander blijve

986 1734 2129 238 in afwaghtinge van de onderƒ 120 ps: & groete ul

984 1899 512 147 ten herten

1178 1939 1805 214 30 ¾ groot loot„ 20 smalle 10 boeude

1174 2114 1778 208 30„ 20 suille 16 breede

1177 2239 1795 268 10 ¾ 3 segelt „ 6 suille 4 breede

1141 2385 1416 243 50 ¼ 3 segels „ 50 smalle

1596 2590 1482 242 96 sualle 24 brede

1041 2676 409 189 126 ps.

2556 2725 511 203 Adij 8 aug

819 2788 827 191 London John Batnall

2395 2839 72 138 e

983 2871 2292 223 J'ay receu l'honneur de la vre du 20 du passe V.B. avec nin

1008 2989 2211 252 incluse remise de  £100:- a 35:4 et a la charge de gerard

1006 3101 2261 236 dan Wanghen la quelle est accepte & j'en procureray le requis

1013 3290 1182 175 en son temp, pour le payement

995 3337 2308 221 outre vous me mande 120 ps cotils, que ie procureray p le premier de mon

1005 3448 2272 189 melieur ouvrier & au plus bas prix dont ie ne doute pas, que vous seray

994 3577 2317 202 contant, & ie vous envoyeray la facture & connoissement au plustoit possist

981 3722 2319 205 & si vous avez envie, de me donner vos ordres pour un seconsbul

1006 3818 2298 209 ie vous prie de m'envoyer vre notice an plustoit, car le sortimmnt

1028 3974 2268 188 ne pourroit quelque fois estre prest, du melieur ouvoier a la

997 4076 1927 209 demande, & En lattendant jay l'honneur d'estre

4988 116 901 259 hey rm

3374 226 479 203 Gent Coppens

3481 258 2388 213 met groot gevoelen hebben mij ontfnghen ue ons altijdt seer aengena

3484 441 2307 187 van 4 deser om dat wij uyt den selven verstaen, dat ue g mevrouw

3469 537 2338 222 ik: liefste met fisseen gelijck verandert sijdt van resolutie om

3477 638 2457 214 ons te comen besoecken de principaelste redenen daer van alle geaude

3467 737 2272 193 dat mevrouw geincomodeert is met eenen vloet dat ons van

3476 865 2398 227 herten leedt is willende hopen voor nu al sal sijn opgehouden,

3467 983 2461 203 & det ue alle ous noch d'iere sult aendoen van de ficantie tousen

3494 1115 2433 195 nuyte te comen passeren, ist niet ten geheele, laet het ten mintten

3460 1236 2415 160 ten deele wesen twijfele niet oft ue den mevroun sult aen de

3480 1346 2435 225 gedaen gelosten voorleden iaer aen mijn liefste gedaen voldoen

3473 1484 2391 195 op welcke vertrouven sij naer d'eere gegeven heeft van met ue

3495 1581 2390 215 naer quidt te somen, & om ue noch te voldoen, mij souden met

3487 1713 2344 191 ons fillessens noch oversomen om ue alle af te haelen, waert

3467 1827 2405 210 salier de fillestens soo slap & debiel niet waeren van hunne

3472 1933 2353 244 gepasseerde sichtens twelck gelieve te considerenen, & nu voor

3403 2059 2446 194 den resterenden tijdt ons d'eee te geven van het tgeprojecteert

3487 2222 2391 176 dessijn tonten huyse te comen voltrecken wat aen gaet de

3479 2291 2464 204 incesten van verheffen  e ben bereijdt de helft te contribuuren

3472 2424 1658 171 waer aen bj traufactie geobligeert ben

3471 2527 2452 212 heden hebben wij wederom gesonden om de wassche hoofdeseens

3458 2640 2455 220 voor antwoordt becomen, dat sij andere presserende dinghen

3483 2759 2436 227 hebben moeten afdoen, & ontwederom uyt gestelt tet in de

3487 2868 2457 209 naette weeke ick geloove niet datter een stuck gemect

3481 3023 2430 221 is,  op dese maniere konnen sij dat noch al lanck trecken

3463 3143 2470 209 daerom de presentie Jan mevrou is du toe seer nooitsassely

3456 3275 2377 276 & sullen in hope blijve van haer ue, & fissien al hier te

3469 3431 2396 241 moyen ontfanghen middelertijd versoecken wij el hier

3469 3631 2274 189 onte complimenten te agreeren, ende te gelooven

3468 3707 2121 254 dat wij oprechtelijckx sijn gblijven met affectie
