<?xml version="1.0" encoding="UTF-8"?>
<alto xmlns:xsi="http://www.w3.org/2001/XMLSchema-instance"
      xmlns="http://www.loc.gov/standards/alto/ns-v4#"
      xmlns:page="http://schema.primaresearch.org/PAGE/gts/pagecontent/2013-07-15"
      xsi:schemaLocation="http://www.loc.gov/standards/alto/ns-v4# https://www.loc.gov/standards/alto/v4/alto.xsd">
   <Description>
      <MeasurementUnit>pixel</MeasurementUnit>
      <OCRProcessing ID="IdOcr">
         <ocrProcessingStep>
            <processingDateTime>2022-02-11T21:46:15.689+01:00</processingDateTime>
            <processingSoftware>
               <softwareCreator>READ COOP</softwareCreator>
               <softwareName>Transkribus</softwareName>
            </processingSoftware>
         </ocrProcessingStep>
      </OCRProcessing>
   </Description>
   <Layout>
      <Page ID="Page1" PHYSICAL_IMG_NR="1" HEIGHT="4651" WIDTH="7727">
         <TopMargin HEIGHT="0" WIDTH="7727" VPOS="0" HPOS="0"/>
         <LeftMargin HEIGHT="4651" WIDTH="0" VPOS="0" HPOS="0"/>
         <RightMargin HEIGHT="4651" WIDTH="0" VPOS="0" HPOS="7727"/>
         <BottomMargin HEIGHT="0" WIDTH="7727" VPOS="4651" HPOS="0"/>
         <PrintSpace HEIGHT="4651" WIDTH="7727" VPOS="0" HPOS="0">
            <TextBlock ID="region_1644582342251_1185"
                       HEIGHT="4251"
                       WIDTH="2691"
                       VPOS="176"
                       HPOS="509">
               <Shape>
                  <Polygon POINTS="509,176 3200,176 3200,4427 509,4427"/>
               </Shape>
               <TextLine ID="region_1644582342251_1185l1"
                         BASELINE="2520,298 2549,294 2579,291 2609,288 2639,288 2669,285 2699,284 2729,282 2759,280 2789,279 2819,278 2848,278 2878,277 2908,276 2938,276 2968,276 2998,276 3028,276 3058,276 3088,276 3118,278"
                         HEIGHT="167"
                         WIDTH="633"
                         VPOS="192"
                         HPOS="2503">
                  <String ID="string_region_1644582342251_1185l1"
                          HEIGHT="167"
                          WIDTH="633"
                          VPOS="192"
                          HPOS="2503"
                          CONTENT="Adij 23 xber 1728"/>
               </TextLine>
               <TextLine ID="region_1644582342251_1185l2"
                         BASELINE="562,322 624,320 687,318 750,316 813,314 876,313 939,312 1002,312 1065,310 1128,310 1191,310 1253,308 1316,308 1379,308 1442,306 1505,304 1568,303 1631,300 1694,298 1757,296 1820,292"
                         HEIGHT="144"
                         WIDTH="1291"
                         VPOS="211"
                         HPOS="544">
                  <String ID="string_region_1644582342251_1185l2"
                          HEIGHT="144"
                          WIDTH="1291"
                          VPOS="211"
                          HPOS="544"
                          CONTENT="Brussel floris simons meester geel gieter"/>
               </TextLine>
               <TextLine ID="region_1644582342251_1185l3"
                         BASELINE="700,422 820,420 940,420 1060,420 1180,418 1301,418 1421,417 1541,416 1661,414 1781,414 1902,411 2022,409 2142,406 2262,404 2382,400 2503,396 2623,392 2743,388 2863,382 2983,375 3104,368"
                         HEIGHT="127"
                         WIDTH="2435"
                         VPOS="316"
                         HPOS="684">
                  <String ID="string_region_1644582342251_1185l3"
                          HEIGHT="127"
                          WIDTH="2435"
                          VPOS="316"
                          HPOS="684"
                          CONTENT="hebbe ue brief 18 deses wel ontfanghen, waer op tot antwoort segge, als dat het"/>
               </TextLine>
               <TextLine ID="region_1644582342251_1185l4"
                         BASELINE="704,520 824,518 945,516 1065,515 1186,514 1306,512 1427,510 1547,508 1668,506 1788,504 1909,502 2029,500 2150,496 2270,494 2391,490 2511,485 2632,480 2752,474 2873,468 2993,459 3114,450"
                         HEIGHT="163"
                         WIDTH="2446"
                         VPOS="383"
                         HPOS="685">
                  <String ID="string_region_1644582342251_1185l4"
                          HEIGHT="163"
                          WIDTH="2446"
                          VPOS="383"
                          HPOS="685"
                          CONTENT="redelijck ware, dat de modellen &amp;sbergussel van het copere weken eerste soude"/>
               </TextLine>
               <TextLine ID="region_1644582342251_1185l5"
                         BASELINE="698,620 816,618 935,616 1054,612 1173,610 1292,608 1411,606 1530,604 1649,602 1768,600 1887,598 2005,596 2124,592 2243,588 2362,585 2481,580 2600,576 2719,569 2838,562 2957,554 3076,546"
                         HEIGHT="201"
                         WIDTH="2411"
                         VPOS="480"
                         HPOS="680">
                  <String ID="string_region_1644582342251_1185l5"
                          HEIGHT="201"
                          WIDTH="2411"
                          VPOS="480"
                          HPOS="680"
                          CONTENT="sien, voor dat in accoodt met ue soude comen derhalven ingevalle ue de "/>
               </TextLine>
               <TextLine ID="region_1644582342251_1185l6"
                         BASELINE="714,718 834,716 954,714 1075,712 1195,710 1316,707 1436,704 1556,702 1677,699 1797,696 1918,692 2038,689 2158,685 2279,680 2399,676 2520,672 2640,666 2760,661 2881,656 3001,649 3122,642"
                         HEIGHT="187"
                         WIDTH="2439"
                         VPOS="585"
                         HPOS="698">
                  <String ID="string_region_1644582342251_1185l6"
                          HEIGHT="187"
                          WIDTH="2439"
                          VPOS="585"
                          HPOS="698"
                          CONTENT="moejte wilt nemen van over te comen, ende de modelten mede de brengen"/>
               </TextLine>
               <TextLine ID="region_1644582342251_1185l7"
                         BASELINE="720,824 843,820 967,816 1090,814 1214,810 1338,807 1461,803 1585,800 1708,796 1832,793 1956,788 2079,786 2203,781 2326,776 2450,772 2574,767 2697,762 2821,757 2944,752 3068,746 3192,740"
                         HEIGHT="198"
                         WIDTH="2504"
                         VPOS="682"
                         HPOS="703">
                  <String ID="string_region_1644582342251_1185l7"
                          HEIGHT="198"
                          WIDTH="2504"
                          VPOS="682"
                          HPOS="703"
                          CONTENT="wille niet twijfelen, oft sullen wel over een comen, dogh het soude alles moeten"/>
               </TextLine>
               <TextLine ID="region_1644582342251_1185l8"
                         BASELINE="716,920 839,918 963,916 1087,914 1211,912 1335,908 1459,906 1583,902 1707,898 1831,894 1955,888 2078,884 2202,880 2326,874 2450,869 2574,864 2698,858 2822,854 2946,848 3070,842 3194,836"
                         HEIGHT="172"
                         WIDTH="2511"
                         VPOS="750"
                         HPOS="699">
                  <String ID="string_region_1644582342251_1185l8"
                          HEIGHT="172"
                          WIDTH="2511"
                          VPOS="750"
                          HPOS="699"
                          CONTENT="weeten, op het alder beste, &amp; het schoonste datter gemaeckt wort, soo gelieft dan"/>
               </TextLine>
               <TextLine ID="region_1644582342251_1185l9"
                         BASELINE="714,1022 834,1022 955,1020 1076,1018 1197,1016 1318,1013 1438,1010 1559,1004 1680,1000 1801,996 1922,991 2042,986 2163,980 2284,974 2405,969 2526,964 2646,958 2767,952 2888,948 3009,942 3130,938"
                         HEIGHT="195"
                         WIDTH="2451"
                         VPOS="856"
                         HPOS="696">
                  <String ID="string_region_1644582342251_1185l9"
                          HEIGHT="195"
                          WIDTH="2451"
                          VPOS="856"
                          HPOS="696"
                          CONTENT="maer mede te brengen tiene de arnessuren vaecke alleen sal van de rest"/>
               </TextLine>
               <TextLine ID="region_1644582342251_1185l10"
                         BASELINE="694,1116 818,1116 943,1116 1068,1114 1193,1112 1318,1108 1442,1105 1567,1102 1692,1097 1817,1092 1942,1086 2066,1081 2191,1076 2316,1069 2441,1062 2566,1057 2690,1050 2815,1043 2940,1038 3065,1032 3190,1026"
                         HEIGHT="243"
                         WIDTH="2530"
                         VPOS="929"
                         HPOS="675">
                  <String ID="string_region_1644582342251_1185l10"
                          HEIGHT="243"
                          WIDTH="2530"
                          VPOS="929"
                          HPOS="675"
                          CONTENT="us mondelinse spreken, het soude oock moeten vergult wesen, om het verguleter"/>
               </TextLine>
               <TextLine ID="region_1644582342251_1185l11"
                         BASELINE="684,1212 804,1212 925,1212 1045,1212 1166,1210 1286,1209 1407,1206 1527,1204 1648,1200 1768,1196 1889,1191 2009,1186 2130,1181 2250,1174 2371,1168 2491,1162 2612,1155 2732,1149 2853,1140 2973,1133 3094,1126"
                         HEIGHT="175"
                         WIDTH="2443"
                         VPOS="1080"
                         HPOS="667">
                  <String ID="string_region_1644582342251_1185l11"
                          HEIGHT="175"
                          WIDTH="2443"
                          VPOS="1080"
                          HPOS="667"
                          CONTENT="te sien, &amp; wilt ue: oock een gespe van de contre suppanten voor de gallere"/>
               </TextLine>
               <TextLine ID="region_1644582342251_1185l12"
                         BASELINE="724,1316 844,1314 965,1312 1086,1310 1207,1308 1328,1306 1448,1304 1569,1300 1690,1296 1811,1292 1932,1288 2052,1283 2173,1278 2294,1273 2415,1268 2536,1260 2656,1253 2777,1246 2898,1239 3019,1230 3140,1222"
                         HEIGHT="241"
                         WIDTH="2447"
                         VPOS="1142"
                         HPOS="708">
                  <String ID="string_region_1644582342251_1185l12"
                          HEIGHT="241"
                          WIDTH="2447"
                          VPOS="1142"
                          HPOS="708"
                          CONTENT="mede brengen, sont dat doen, mijne wooninge is in de lange iine strait"/>
               </TextLine>
               <TextLine ID="region_1644582342251_1185l13"
                         BASELINE="732,1420 827,1418 923,1417 1019,1416 1114,1412 1210,1410 1306,1408 1401,1405 1497,1402 1593,1398 1689,1395 1784,1391 1880,1388 1976,1383 2071,1379 2167,1374 2263,1370 2358,1365 2454,1360 2550,1355 2646,1350"
                         HEIGHT="240"
                         WIDTH="1951"
                         VPOS="1264"
                         HPOS="711">
                  <String ID="string_region_1644582342251_1185l13"
                          HEIGHT="240"
                          WIDTH="1951"
                          VPOS="1264"
                          HPOS="711"
                          CONTENT="ue dan e eerstae verwaghtende blijve naer groetenisse"/>
               </TextLine>
               <TextLine ID="region_1644582342251_1185l14"
                         BASELINE="2620,1464 2645,1464 2670,1464 2695,1464 2720,1463 2745,1461 2770,1459 2795,1458 2820,1457 2845,1455 2870,1453 2895,1451 2920,1450 2945,1450 2970,1450 2995,1450 3020,1452"
                         HEIGHT="226"
                         WIDTH="436"
                         VPOS="1301"
                         HPOS="2601">
                  <String ID="string_region_1644582342251_1185l14"
                          HEIGHT="226"
                          WIDTH="436"
                          VPOS="1301"
                          HPOS="2601"
                          CONTENT="Adij 26 d"/>
               </TextLine>
               <TextLine ID="region_1644582342251_1185l15"
                         BASELINE="558,1562 627,1560 696,1556 765,1554 834,1552 903,1550 972,1548 1041,1546 1110,1545 1179,1544 1248,1542 1317,1540 1386,1538 1455,1536 1524,1534 1593,1532 1662,1529 1731,1528 1800,1524 1869,1521 1938,1518"
                         HEIGHT="176"
                         WIDTH="1419"
                         VPOS="1413"
                         HPOS="538">
                  <String ID="string_region_1644582342251_1185l15"
                          HEIGHT="176"
                          WIDTH="1419"
                          VPOS="1413"
                          HPOS="538"
                          CONTENT="Brussel floris Limons, mette geelgietes"/>
               </TextLine>
               <TextLine ID="region_1644582342251_1185l16"
                         BASELINE="722,1662 845,1660 968,1658 1091,1655 1215,1652 1338,1650 1461,1648 1585,1646 1708,1644 1831,1642 1955,1639 2078,1636 2201,1634 2324,1632 2448,1630 2571,1628 2694,1626 2818,1624 2941,1622 3064,1620 3188,1618"
                         HEIGHT="157"
                         WIDTH="2497"
                         VPOS="1534"
                         HPOS="706">
                  <String ID="string_region_1644582342251_1185l16"
                          HEIGHT="157"
                          WIDTH="2497"
                          VPOS="1534"
                          HPOS="706"
                          CONTENT="referrere mij aen mijnen voorganden van 22 deser hadde van gedachten geweest"/>
               </TextLine>
               <TextLine ID="region_1644582342251_1185l17"
                         BASELINE="708,1754 831,1754 955,1754 1079,1752 1202,1752 1326,1750 1450,1748 1573,1746 1697,1744 1821,1742 1945,1740 2068,1738 2192,1735 2316,1732 2439,1730 2563,1728 2687,1725 2810,1722 2934,1722 3058,1720 3182,1718"
                         HEIGHT="158"
                         WIDTH="2504"
                         VPOS="1616"
                         HPOS="693">
                  <String ID="string_region_1644582342251_1185l17"
                          HEIGHT="158"
                          WIDTH="2504"
                          VPOS="1616"
                          HPOS="693"
                          CONTENT="dat ut heden met de versoghte modellen soude overgecomen hebben, dogh ul nier"/>
               </TextLine>
               <TextLine ID="region_1644582342251_1185l18"
                         BASELINE="718,1852 842,1854 966,1854 1090,1852 1214,1852 1338,1850 1462,1849 1586,1848 1710,1846 1834,1844 1958,1842 2082,1838 2206,1836 2330,1834 2454,1832 2578,1830 2702,1830 2826,1828 2950,1828 3074,1828 3198,1828"
                         HEIGHT="190"
                         WIDTH="2514"
                         VPOS="1727"
                         HPOS="701">
                  <String ID="string_region_1644582342251_1185l18"
                          HEIGHT="190"
                          WIDTH="2514"
                          VPOS="1727"
                          HPOS="701"
                          CONTENT="vernomen hebbende, doedt mij gelooven dat hoen een dagh drj sult dilayen"/>
               </TextLine>
               <TextLine ID="region_1644582342251_1185l19"
                         BASELINE="728,1952 846,1952 964,1954 1082,1954 1201,1954 1319,1952 1437,1951 1556,1950 1674,1947 1792,1944 1911,1942 2029,1939 2147,1936 2265,1934 2384,1930 2502,1927 2620,1924 2739,1922 2857,1918 2975,1916 3094,1914"
                         HEIGHT="152"
                         WIDTH="2401"
                         VPOS="1852"
                         HPOS="710">
                  <String ID="string_region_1644582342251_1185l19"
                          HEIGHT="152"
                          WIDTH="2401"
                          VPOS="1852"
                          HPOS="710"
                          CONTENT="waer om ue desen tegen woorder en, ue toesenden met versoeck van niet"/>
               </TextLine>
               <TextLine ID="region_1644582342251_1185l20"
                         BASELINE="730,2052 853,2054 977,2056 1100,2054 1224,2054 1347,2052 1471,2050 1594,2048 1718,2044 1841,2042 1965,2038 2088,2034 2212,2030 2335,2026 2459,2022 2582,2018 2706,2015 2829,2012 2953,2008 3076,2007 3200,2006"
                         HEIGHT="129"
                         WIDTH="2504"
                         VPOS="1941"
                         HPOS="712">
                  <String ID="string_region_1644582342251_1185l20"
                          HEIGHT="129"
                          WIDTH="2504"
                          VPOS="1941"
                          HPOS="712"
                          CONTENT="alleen de modellen van de arnassieren mede te brengen maer oockk van allen"/>
               </TextLine>
               <TextLine ID="region_1644582342251_1185l21"
                         BASELINE="718,2156 841,2156 964,2156 1087,2156 1210,2154 1334,2152 1457,2149 1580,2146 1703,2142 1826,2138 1950,2134 2073,2130 2196,2126 2319,2122 2442,2118 2566,2114 2689,2110 2812,2108 2935,2104 3058,2102 3182,2102"
                         HEIGHT="200"
                         WIDTH="2496"
                         VPOS="2017"
                         HPOS="702">
                  <String ID="string_region_1644582342251_1185l21"
                          HEIGHT="200"
                          WIDTH="2496"
                          VPOS="2017"
                          HPOS="702"
                          CONTENT="gene voor de gallere noodigh is alles dobbel vergelt, &amp; het nu wste sick oonth"/>
               </TextLine>
               <TextLine ID="region_1644582342251_1185l22"
                         BASELINE="702,2248 826,2248 950,2248 1074,2247 1199,2246 1323,2244 1447,2242 1572,2240 1696,2236 1820,2233 1945,2230 2069,2226 2193,2222 2317,2219 2442,2216 2566,2212 2690,2208 2815,2204 2939,2202 3063,2198 3188,2196"
                         HEIGHT="135"
                         WIDTH="2516"
                         VPOS="2128"
                         HPOS="685">
                  <String ID="string_region_1644582342251_1185l22"
                          HEIGHT="135"
                          WIDTH="2516"
                          VPOS="2128"
                          HPOS="685"
                          CONTENT="datter tot nooch toe gemaeckt is om geene moeyte voor niet te doen hebbe"/>
               </TextLine>
               <TextLine ID="region_1644582342251_1185l23"
                         BASELINE="706,2344 827,2346 949,2346 1071,2346 1192,2344 1314,2344 1436,2342 1557,2340 1679,2336 1801,2333 1923,2330 2044,2326 2166,2324 2288,2320 2409,2316 2531,2313 2653,2310 2774,2306 2896,2304 3018,2302 3140,2300"
                         HEIGHT="163"
                         WIDTH="2466"
                         VPOS="2250"
                         HPOS="690">
                  <String ID="string_region_1644582342251_1185l23"
                          HEIGHT="163"
                          WIDTH="2466"
                          VPOS="2250"
                          HPOS="690"
                          CONTENT="heden dht senijff gesprkeen die ue steren heeft gerecomandeert &amp; my verseleert "/>
               </TextLine>
               <TextLine ID="region_1644582342251_1185l24"
                         BASELINE="712,2448 834,2446 957,2446 1079,2444 1202,2442 1325,2440 1447,2438 1570,2436 1692,2434 1815,2432 1938,2428 2060,2426 2183,2423 2305,2420 2428,2417 2551,2414 2673,2410 2796,2408 2918,2404 3041,2402 3164,2400"
                         HEIGHT="152"
                         WIDTH="2485"
                         VPOS="2353"
                         HPOS="695">
                  <String ID="string_region_1644582342251_1185l24"
                          HEIGHT="152"
                          WIDTH="2485"
                          VPOS="2353"
                          HPOS="695"
                          CONTENT="dat mij op uss wel vertrouven magh als maer de fatsoonen naer genoegen"/>
               </TextLine>
               <TextLine ID="region_1644582342251_1185l25"
                         BASELINE="712,2548 834,2545 957,2542 1080,2540 1203,2538 1326,2537 1449,2536 1572,2534 1695,2533 1818,2532 1941,2530 2063,2528 2186,2528 2309,2526 2432,2524 2555,2522 2678,2520 2801,2516 2924,2514 3047,2510 3170,2506"
                         HEIGHT="147"
                         WIDTH="2491"
                         VPOS="2433"
                         HPOS="694">
                  <String ID="string_region_1644582342251_1185l25"
                          HEIGHT="147"
                          WIDTH="2491"
                          VPOS="2433"
                          HPOS="694"
                          CONTENT="sijen, daer om isser van ijder maer een stuck noodigh gelijck van de boppa"/>
               </TextLine>
               <TextLine ID="region_1644582342251_1185l26"
                         BASELINE="724,2648 843,2644 963,2641 1083,2638 1203,2636 1323,2634 1443,2632 1563,2632 1683,2630 1803,2630 1923,2630 2042,2628 2162,2628 2282,2628 2402,2628 2522,2626 2642,2626 2762,2624 2882,2622 3002,2620 3122,2618"
                         HEIGHT="145"
                         WIDTH="2428"
                         VPOS="2533"
                         HPOS="708">
                  <String ID="string_region_1644582342251_1185l26"
                          HEIGHT="145"
                          WIDTH="2428"
                          VPOS="2533"
                          HPOS="708"
                          CONTENT="eeen, se loveseen  dit dan mede verwaghtnde blijve nae un gewenst"/>
               </TextLine>
               <TextLine ID="region_1644582342251_1185l27"
                         BASELINE="728,2738 822,2737 916,2736 1010,2734 1104,2734 1199,2732 1293,2732 1387,2732 1481,2732 1575,2732 1670,2730 1764,2730 1858,2730 1952,2730 2046,2730 2141,2730 2235,2728 2329,2728 2423,2727 2517,2726 2612,2724"
                         HEIGHT="151"
                         WIDTH="1917"
                         VPOS="2632"
                         HPOS="711">
                  <String ID="string_region_1644582342251_1185l27"
                          HEIGHT="151"
                          WIDTH="1917"
                          VPOS="2632"
                          HPOS="711"
                          CONTENT="te hebben een taligh hooghtheydt &amp; groete van heben"/>
               </TextLine>
               <TextLine ID="region_1644582342251_1185l28"
                         BASELINE="2640,2800 2666,2795 2692,2793 2718,2792 2744,2791 2770,2790 2796,2790 2822,2792 2848,2792 2875,2792 2901,2792 2927,2792 2953,2792 2979,2791 3005,2788 3031,2786 3057,2782 3084,2778"
                         HEIGHT="192"
                         WIDTH="477"
                         VPOS="2654"
                         HPOS="2622">
                  <String ID="string_region_1644582342251_1185l28"
                          HEIGHT="192"
                          WIDTH="477"
                          VPOS="2654"
                          HPOS="2622"
                          CONTENT="Ad9 31d"/>
               </TextLine>
               <TextLine ID="region_1644582342251_1185l29"
                         BASELINE="560,2868 608,2865 656,2863 704,2861 752,2859 801,2858 849,2856 897,2856 945,2854 993,2854 1042,2854 1090,2853 1138,2852 1186,2852 1234,2852 1283,2852 1331,2852 1379,2850 1427,2850 1475,2850 1524,2850"
                         HEIGHT="210"
                         WIDTH="998"
                         VPOS="2727"
                         HPOS="543">
                  <String ID="string_region_1644582342251_1185l29"
                          HEIGHT="210"
                          WIDTH="998"
                          VPOS="2727"
                          HPOS="543"
                          CONTENT="Rysel de Lannoy de la vaiere"/>
               </TextLine>
               <TextLine ID="region_1644582342251_1185l30"
                         BASELINE="718,2962 839,2962 961,2964 1082,2964 1204,2966 1326,2966 1447,2966 1569,2966 1690,2966 1812,2964 1934,2964 2055,2962 2177,2962 2298,2960 2420,2958 2542,2956 2663,2954 2785,2952 2906,2950 3028,2948 3150,2946"
                         HEIGHT="144"
                         WIDTH="2463"
                         VPOS="2874"
                         HPOS="701">
                  <String ID="string_region_1644582342251_1185l30"
                          HEIGHT="144"
                          WIDTH="2463"
                          VPOS="2874"
                          HPOS="701"
                          CONTENT="J'ay receu avec bien du plaisir l'honneur de la vre du 23 courant, avec avis que"/>
               </TextLine>
               <TextLine ID="region_1644582342251_1185l31"
                         BASELINE="706,3072 816,3072 927,3070 1038,3070 1149,3070 1260,3070 1370,3068 1481,3068 1592,3068 1703,3068 1814,3066 1924,3066 2035,3064 2146,3064 2257,3062 2368,3060 2478,3059 2589,3056 2700,3054 2811,3052 2922,3048"
                         HEIGHT="129"
                         WIDTH="2248"
                         VPOS="2964"
                         HPOS="690">
                  <String ID="string_region_1644582342251_1185l31"
                          HEIGHT="129"
                          WIDTH="2248"
                          VPOS="2964"
                          HPOS="690"
                          CONTENT="vous aviez receu en son tem, mes quatre remises sur anist portant en semble "/>
               </TextLine>
               <TextLine ID="region_1644582342251_1185l32"
                         BASELINE="706,3184 829,3184 953,3182 1077,3182 1201,3180 1325,3180 1449,3178 1573,3176 1697,3174 1821,3172 1945,3170 2068,3166 2192,3164 2316,3162 2440,3160 2564,3158 2688,3158 2812,3156 2936,3154 3060,3154 3184,3154"
                         HEIGHT="196"
                         WIDTH="2511"
                         VPOS="3056"
                         HPOS="688">
                  <String ID="string_region_1644582342251_1185l32"
                          HEIGHT="196"
                          WIDTH="2511"
                          VPOS="3056"
                          HPOS="688"
                          CONTENT="ƒ8490:18¼ de bancque &amp; que vous avez annotte le tout de conformite, comme il y"/>
               </TextLine>
               <TextLine ID="region_1644582342251_1185l33"
                         BASELINE="728,3290 851,3290 974,3290 1097,3290 1220,3288 1343,3286 1466,3284 1589,3282 1712,3280 1835,3278 1959,3275 2082,3272 2205,3270 2328,3268 2451,3264 2574,3262 2697,3260 2820,3260 2943,3258 3066,3258 3190,3258"
                         HEIGHT="153"
                         WIDTH="2495"
                         VPOS="3154"
                         HPOS="712">
                  <String ID="string_region_1644582342251_1185l33"
                          HEIGHT="153"
                          WIDTH="2495"
                          VPOS="3154"
                          HPOS="712"
                          CONTENT="a quelques amnees passe, que nous n'avons point solde vne compte ie vous envoye cy join"/>
               </TextLine>
               <TextLine ID="region_1644582342251_1185l34"
                         BASELINE="744,3390 863,3388 982,3386 1101,3386 1220,3384 1339,3382 1458,3382 1577,3380 1696,3380 1815,3378 1935,3376 2054,3375 2173,3374 2292,3371 2411,3368 2530,3366 2649,3362 2768,3359 2887,3356 3006,3350 3126,3346"
                         HEIGHT="144"
                         WIDTH="2413"
                         VPOS="3261"
                         HPOS="728">
                  <String ID="string_region_1644582342251_1185l34"
                          HEIGHT="144"
                          WIDTH="2413"
                          VPOS="3261"
                          HPOS="728"
                          CONTENT="vil compte courant, p le quil vous reviend pour solde ƒ118:11:6 dont ie vous ay"/>
               </TextLine>
               <TextLine ID="region_1644582342251_1185l35"
                         BASELINE="722,3486 845,3486 969,3484 1092,3484 1216,3482 1340,3481 1463,3480 1587,3478 1710,3476 1834,3474 1958,3472 2081,3470 2205,3468 2328,3466 2452,3464 2576,3462 2699,3460 2823,3458 2946,3456 3070,3452 3194,3450"
                         HEIGHT="167"
                         WIDTH="2504"
                         VPOS="3362"
                         HPOS="707">
                  <String ID="string_region_1644582342251_1185l35"
                          HEIGHT="167"
                          WIDTH="2504"
                          VPOS="3362"
                          HPOS="707"
                          CONTENT="credite a compte nouveau vous priant de l'examiner &amp; le trouvant juste de l'annoter"/>
               </TextLine>
               <TextLine ID="region_1644582342251_1185l36"
                         BASELINE="732,3582 854,3580 977,3579 1100,3578 1222,3576 1345,3576 1468,3574 1590,3574 1713,3572 1836,3572 1959,3570 2081,3570 2204,3568 2327,3568 2449,3566 2572,3564 2695,3564 2817,3562 2940,3560 3063,3558 3186,3556"
                         HEIGHT="137"
                         WIDTH="2485"
                         VPOS="3500"
                         HPOS="717">
                  <String ID="string_region_1644582342251_1185l36"
                          HEIGHT="137"
                          WIDTH="2485"
                          VPOS="3500"
                          HPOS="717"
                          CONTENT="de conformite, mons. Coppens est presentement icy &amp; il ne m'avoit rien dit de ce"/>
               </TextLine>
               <TextLine ID="region_1644582342251_1185l37"
                         BASELINE="728,3682 850,3678 973,3676 1096,3674 1218,3672 1341,3670 1464,3668 1586,3668 1709,3666 1832,3666 1955,3664 2077,3664 2200,3664 2323,3662 2445,3662 2568,3662 2691,3662 2813,3660 2936,3660 3059,3660 3182,3658"
                         HEIGHT="136"
                         WIDTH="2485"
                         VPOS="3580"
                         HPOS="712">
                  <String ID="string_region_1644582342251_1185l37"
                          HEIGHT="136"
                          WIDTH="2485"
                          VPOS="3580"
                          HPOS="712"
                          CONTENT="quil auroit receu de largent du fus de S: de mon, ie souhaiterois bien sa avois"/>
               </TextLine>
               <TextLine ID="region_1644582342251_1185l38"
                         BASELINE="740,3770 859,3770 979,3770 1098,3769 1218,3768 1338,3768 1457,3766 1577,3766 1696,3764 1816,3762 1936,3762 2055,3760 2175,3760 2294,3758 2414,3758 2534,3757 2653,3756 2773,3757 2892,3758 3012,3758 3132,3760"
                         HEIGHT="113"
                         WIDTH="2422"
                         VPOS="3700"
                         HPOS="724">
                  <String ID="string_region_1644582342251_1185l38"
                          HEIGHT="113"
                          WIDTH="2422"
                          VPOS="3700"
                          HPOS="724"
                          CONTENT="la somme sil vous plait, de la mandere quil at ayie comme vous le marque"/>
               </TextLine>
               <TextLine ID="region_1644582342251_1185l39"
                         BASELINE="732,3870 853,3868 974,3866 1095,3864 1216,3863 1338,3862 1459,3860 1580,3858 1701,3856 1822,3856 1944,3854 2065,3854 2186,3854 2307,3854 2428,3854 2550,3854 2671,3854 2792,3856 2913,3856 3034,3859 3156,3862"
                         HEIGHT="171"
                         WIDTH="2453"
                         VPOS="3746"
                         HPOS="718">
                  <String ID="string_region_1644582342251_1185l39"
                          HEIGHT="171"
                          WIDTH="2453"
                          VPOS="3746"
                          HPOS="718"
                          CONTENT="ie ne siauvois l'ap prouver mais ie veu bien vous dire aussj, que le S: de"/>
               </TextLine>
               <TextLine ID="region_1644582342251_1185l40"
                         BASELINE="716,3964 839,3962 962,3960 1086,3958 1209,3956 1333,3956 1456,3954 1579,3952 1703,3950 1826,3950 1950,3948 2073,3948 2196,3948 2320,3948 2443,3948 2567,3948 2690,3948 2813,3950 2937,3950 3060,3952 3184,3954"
                         HEIGHT="107"
                         WIDTH="2500"
                         VPOS="3898"
                         HPOS="700">
                  <String ID="string_region_1644582342251_1185l40"
                          HEIGHT="107"
                          WIDTH="2500"
                          VPOS="3898"
                          HPOS="700"
                          CONTENT="many at a qie aussij drolle, pois quil avoit dit de n'avoir receu de largent des"/>
               </TextLine>
               <TextLine ID="region_1644582342251_1185l41"
                         BASELINE="740,4060 861,4058 983,4056 1104,4055 1226,4054 1348,4052 1469,4050 1591,4050 1712,4048 1834,4048 1956,4046 2077,4046 2199,4046 2320,4046 2442,4046 2564,4046 2685,4046 2807,4048 2928,4050 3050,4052 3172,4054"
                         HEIGHT="127"
                         WIDTH="2466"
                         VPOS="3984"
                         HPOS="723">
                  <String ID="string_region_1644582342251_1185l41"
                          HEIGHT="127"
                          WIDTH="2466"
                          VPOS="3984"
                          HPOS="723"
                          CONTENT="personnes, qui ont pourtant montre la quitance a nre vallet qui at este"/>
               </TextLine>
               <TextLine ID="region_1644582342251_1185l42"
                         BASELINE="718,4150 835,4150 952,4152 1069,4152 1187,4152 1304,4150 1421,4150 1539,4148 1656,4148 1773,4146 1891,4144 2008,4144 2125,4142 2242,4142 2360,4141 2477,4140 2594,4142 2712,4142 2829,4144 2946,4146 3064,4150"
                         HEIGHT="97"
                         WIDTH="2379"
                         VPOS="4075"
                         HPOS="702">
                  <String ID="string_region_1644582342251_1185l42"
                          HEIGHT="97"
                          WIDTH="2379"
                          VPOS="4075"
                          HPOS="702"
                          CONTENT="a merchem, ie vous souhaite parellement &amp; a taute le famile lanne"/>
               </TextLine>
               <TextLine ID="region_1644582342251_1185l43"
                         BASELINE="724,4246 847,4246 970,4244 1093,4244 1216,4243 1339,4242 1462,4242 1585,4240 1708,4240 1831,4240 1954,4240 2077,4240 2200,4240 2323,4240 2446,4240 2569,4240 2692,4242 2815,4243 2938,4244 3061,4246 3184,4248"
                         HEIGHT="147"
                         WIDTH="2490"
                         VPOS="4154"
                         HPOS="710">
                  <String ID="string_region_1644582342251_1185l43"
                          HEIGHT="147"
                          WIDTH="2490"
                          VPOS="4154"
                          HPOS="710"
                          CONTENT="nouvelle tres heureuse &amp; salutaire suivie de nombre daitie &amp; mon espouze en "/>
               </TextLine>
               <TextLine ID="region_1644582342251_1185l44"
                         BASELINE="758,4342 851,4342 945,4340 1039,4340 1132,4340 1226,4338 1320,4338 1413,4338 1507,4338 1601,4340 1695,4340 1788,4340 1882,4340 1976,4340 2069,4340 2163,4340 2257,4340 2350,4340 2444,4338 2538,4338 2632,4338"
                         HEIGHT="154"
                         WIDTH="1904"
                         VPOS="4259"
                         HPOS="743">
                  <String ID="string_region_1644582342251_1185l44"
                          HEIGHT="154"
                          WIDTH="1904"
                          VPOS="4259"
                          HPOS="743"
                          CONTENT="fait de mesme, ayant l'honneur destre tres linterement"/>
               </TextLine>
            </TextBlock>
            <TextBlock ID="region_1644582346179_1188"
                       HEIGHT="4273"
                       WIDTH="2750"
                       VPOS="201"
                       HPOS="3255">
               <Shape>
                  <Polygon POINTS="3255,201 6005,201 6005,4474 3255,4474"/>
               </Shape>
               <TextLine ID="region_1644582346179_1188l1"
                         BASELINE="4062,334 4096,337 4131,340 4165,342 4200,343 4234,344 4269,344 4303,344 4338,344 4372,344 4407,344 4441,344 4476,344 4510,342 4545,342 4579,342 4614,342 4648,342 4683,342 4717,344 4752,344"
                         HEIGHT="212"
                         WIDTH="721"
                         VPOS="202"
                         HPOS="4047">
                  <String ID="string_region_1644582346179_1188l1"
                          HEIGHT="212"
                          WIDTH="721"
                          VPOS="202"
                          HPOS="4047"
                          CONTENT="d maiorem de "/>
               </TextLine>
               <TextLine ID="region_1644582346179_1188l2"
                         BASELINE="3776,480 3838,477 3900,474 3962,472 4024,470 4086,468 4148,468 4210,466 4272,466 4334,464 4397,464 4459,464 4521,464 4583,464 4645,464 4707,464 4769,464 4831,464 4893,464 4955,462 5018,462"
                         HEIGHT="210"
                         WIDTH="1275"
                         VPOS="341"
                         HPOS="3759">
                  <String ID="string_region_1644582346179_1188l2"
                          HEIGHT="210"
                          WIDTH="1275"
                          VPOS="341"
                          HPOS="3759"
                          CONTENT="Deipary que Virginis Marce"/>
               </TextLine>
               <TextLine ID="region_1644582346179_1188l3"
                         BASELINE="4054,598 4102,597 4151,596 4200,596 4249,596 4298,594 4347,594 4396,594 4445,594 4494,594 4543,592 4591,592 4640,592 4689,592 4738,592 4787,590 4836,590 4885,590 4934,588 4983,588 5032,586"
                         HEIGHT="168"
                         WIDTH="1009"
                         VPOS="495"
                         HPOS="4038">
                  <String ID="string_region_1644582346179_1188l3"
                          HEIGHT="168"
                          WIDTH="1009"
                          VPOS="495"
                          HPOS="4038"
                          CONTENT="shenorem Et fsoodam"/>
               </TextLine>
               <TextLine ID="region_1644582346179_1188l4"
                         BASELINE="4042,734 4079,736 4117,737 4155,738 4193,738 4231,740 4269,740 4307,740 4345,740 4383,740 4421,739 4458,738 4496,738 4534,736 4572,736 4610,734 4648,732 4686,730 4724,729 4762,726 4800,724"
                         HEIGHT="193"
                         WIDTH="788"
                         VPOS="608"
                         HPOS="4027">
                  <String ID="string_region_1644582346179_1188l4"
                          HEIGHT="193"
                          WIDTH="788"
                          VPOS="608"
                          HPOS="4027"
                          CONTENT="Anno Donine"/>
               </TextLine>
               <TextLine ID="region_1644582346179_1188l5"
                         BASELINE="5206,846 5242,846 5279,846 5316,848 5353,848 5390,848 5426,848 5463,848 5500,848 5537,846 5574,846 5610,846 5647,844 5684,844 5721,843 5758,842 5794,841 5831,840 5868,840 5905,838 5942,838"
                         HEIGHT="200"
                         WIDTH="769"
                         VPOS="709"
                         HPOS="5189">
                  <String ID="string_region_1644582346179_1188l5"
                          HEIGHT="200"
                          WIDTH="769"
                          VPOS="709"
                          HPOS="5189"
                          CONTENT="Adij 11 anu"/>
               </TextLine>
               <TextLine ID="region_1644582346179_1188l6"
                         BASELINE="3286,894 3369,892 3453,890 3536,888 3620,886 3703,884 3787,882 3870,880 3954,878 4037,874 4121,872 4204,870 4288,867 4371,864 4455,862 4538,859 4622,856 4705,853 4789,850 4872,848 4956,846"
                         HEIGHT="168"
                         WIDTH="1703"
                         VPOS="777"
                         HPOS="3267">
                  <String ID="string_region_1644582346179_1188l6"
                          HEIGHT="168"
                          WIDTH="1703"
                          VPOS="777"
                          HPOS="3267"
                          CONTENT="Lille laveuve Vn ette 17292"/>
               </TextLine>
               <TextLine ID="region_1644582346179_1188l7"
                         BASELINE="3510,972 3632,970 3755,970 3877,968 4000,968 4123,968 4245,968 4368,968 4490,968 4613,970 4736,970 4858,970 4981,972 5103,972 5226,974 5349,974 5471,976 5594,978 5716,978 5839,980 5962,982"
                         HEIGHT="106"
                         WIDTH="2485"
                         VPOS="887"
                         HPOS="3494">
                  <String ID="string_region_1644582346179_1188l7"
                          HEIGHT="106"
                          WIDTH="2485"
                          VPOS="887"
                          HPOS="3494"
                          CONTENT="pour responce a celle quil vous a pluist escrire a mon espoure le 2 du court"/>
               </TextLine>
               <TextLine ID="region_1644582346179_1188l8"
                         BASELINE="3494,1070 3616,1068 3739,1066 3861,1064 3984,1064 4107,1064 4229,1064 4352,1066 4474,1066 4597,1068 4720,1070 4842,1072 4965,1074 5087,1075 5210,1076 5333,1078 5455,1078 5578,1080 5700,1080 5823,1078 5946,1078"
                         HEIGHT="144"
                         WIDTH="2482"
                         VPOS="999"
                         HPOS="3479">
                  <String ID="string_region_1644582346179_1188l8"
                          HEIGHT="144"
                          WIDTH="2482"
                          VPOS="999"
                          HPOS="3479"
                          CONTENT="J'ay l'honneur de vous dire, que nous vous sommes &amp; a vre chere famile "/>
               </TextLine>
               <TextLine ID="region_1644582346179_1188l9"
                         BASELINE="3524,1174 3645,1168 3766,1166 3887,1164 4008,1162 4129,1162 4250,1162 4371,1164 4492,1166 4613,1168 4734,1170 4855,1172 4976,1174 5097,1176 5218,1178 5339,1178 5460,1180 5581,1179 5702,1178 5823,1175 5944,1172"
                         HEIGHT="120"
                         WIDTH="2451"
                         VPOS="1087"
                         HPOS="3509">
                  <String ID="string_region_1644582346179_1188l9"
                          HEIGHT="120"
                          WIDTH="2451"
                          VPOS="1087"
                          HPOS="3509"
                          CONTENT="infinement oblige pour les favorables souhaits &amp; offres obligantes que vous"/>
               </TextLine>
               <TextLine ID="region_1644582346179_1188l10"
                         BASELINE="3520,1272 3637,1268 3754,1266 3872,1265 3989,1264 4107,1264 4224,1266 4341,1266 4459,1268 4576,1270 4694,1272 4811,1272 4928,1274 5046,1276 5163,1276 5281,1278 5398,1278 5515,1276 5633,1274 5750,1272 5868,1270"
                         HEIGHT="135"
                         WIDTH="2379"
                         VPOS="1204"
                         HPOS="3505">
                  <String ID="string_region_1644582346179_1188l10"
                          HEIGHT="135"
                          WIDTH="2379"
                          VPOS="1204"
                          HPOS="3505"
                          CONTENT="nous faites p ycelle au suject de ce renouvellement d'anne, il est bien "/>
               </TextLine>
               <TextLine ID="region_1644582346179_1188l11"
                         BASELINE="3522,1372 3644,1372 3767,1372 3890,1372 4013,1372 4136,1372 4259,1372 4382,1374 4505,1374 4628,1374 4751,1376 4873,1376 4996,1376 5119,1378 5242,1378 5365,1378 5488,1380 5611,1380 5734,1380 5857,1380 5980,1380"
                         HEIGHT="154"
                         WIDTH="2492"
                         VPOS="1276"
                         HPOS="3505">
                  <String ID="string_region_1644582346179_1188l11"
                          HEIGHT="154"
                          WIDTH="2492"
                          VPOS="1276"
                          HPOS="3505"
                          CONTENT="que vous avez eu la bonte, de dire a celuy qui a fait la priserie des bient,"/>
               </TextLine>
               <TextLine ID="region_1644582346179_1188l12"
                         BASELINE="3526,1468 3646,1468 3766,1468 3886,1470 4007,1470 4127,1472 4247,1474 4368,1474 4488,1476 4608,1476 4729,1478 4849,1478 4969,1478 5089,1480 5210,1480 5330,1480 5450,1479 5571,1478 5691,1477 5811,1476 5932,1474"
                         HEIGHT="138"
                         WIDTH="2438"
                         VPOS="1393"
                         HPOS="3511">
                  <String ID="string_region_1644582346179_1188l12"
                          HEIGHT="138"
                          WIDTH="2438"
                          VPOS="1393"
                          HPOS="3511"
                          CONTENT="pour quil parle a desbonnet des 2 pieces de terres de la seig. de le vigne "/>
               </TextLine>
               <TextLine ID="region_1644582346179_1188l13"
                         BASELINE="3510,1564 3633,1564 3756,1566 3879,1568 4003,1568 4126,1570 4249,1572 4373,1574 4496,1574 4619,1576 4743,1578 4866,1578 4989,1578 5112,1580 5236,1579 5359,1578 5482,1578 5606,1576 5729,1574 5852,1572 5976,1568"
                         HEIGHT="126"
                         WIDTH="2497"
                         VPOS="1474"
                         HPOS="3495">
                  <String ID="string_region_1644582346179_1188l13"
                          HEIGHT="126"
                          WIDTH="2497"
                          VPOS="1474"
                          HPOS="3495"
                          CONTENT="si le tout est bien annotte, ie ne doute point quils seront a trouver sur le "/>
               </TextLine>
               <TextLine ID="region_1644582346179_1188l14"
                         BASELINE="3518,1668 3642,1668 3766,1668 3890,1668 4014,1668 4138,1670 4262,1670 4386,1672 4510,1672 4634,1674 4759,1674 4883,1674 5007,1676 5131,1676 5255,1674 5379,1674 5503,1672 5627,1672 5751,1670 5875,1666 6000,1662"
                         HEIGHT="120"
                         WIDTH="2512"
                         VPOS="1575"
                         HPOS="3504">
                  <String ID="string_region_1644582346179_1188l14"
                          HEIGHT="120"
                          WIDTH="2512"
                          VPOS="1575"
                          HPOS="3504"
                          CONTENT="regstre, vous estant bien redeuable des peines, que vous voules bien vous donner"/>
               </TextLine>
               <TextLine ID="region_1644582346179_1188l15"
                         BASELINE="3516,1762 3638,1764 3761,1766 3884,1768 4007,1768 4130,1770 4253,1770 4376,1770 4499,1770 4622,1770 4745,1770 4867,1770 4990,1770 5113,1770 5236,1770 5359,1770 5482,1770 5605,1770 5728,1770 5851,1770 5974,1772"
                         HEIGHT="155"
                         WIDTH="2487"
                         VPOS="1678"
                         HPOS="3502">
                  <String ID="string_region_1644582346179_1188l15"
                          HEIGHT="155"
                          WIDTH="2487"
                          VPOS="1678"
                          HPOS="3502"
                          CONTENT="pour les relieft de ferres, ie vous prie de faire en sorte, quil veuillent attendre"/>
               </TextLine>
               <TextLine ID="region_1644582346179_1188l16"
                         BASELINE="3508,1864 3632,1866 3756,1866 3880,1868 4004,1868 4129,1868 4253,1868 4377,1868 4501,1868 4625,1868 4750,1868 4874,1868 4998,1866 5122,1866 5246,1865 5371,1864 5495,1862 5619,1862 5743,1860 5867,1858 5992,1856"
                         HEIGHT="139"
                         WIDTH="2515"
                         VPOS="1803"
                         HPOS="3493">
                  <String ID="string_region_1644582346179_1188l16"
                          HEIGHT="139"
                          WIDTH="2515"
                          VPOS="1803"
                          HPOS="3493"
                          CONTENT="que nous aions fait partage ensemble, j'avois compte que cela auroit este fait"/>
               </TextLine>
               <TextLine ID="region_1644582346179_1188l17"
                         BASELINE="3528,1972 3645,1972 3762,1970 3879,1970 3996,1968 4114,1968 4231,1968 4348,1966 4465,1966 4582,1965 4700,1964 4817,1964 4934,1964 5051,1962 5168,1962 5286,1962 5403,1960 5520,1960 5637,1958 5754,1958 5872,1956"
                         HEIGHT="152"
                         WIDTH="2376"
                         VPOS="1871"
                         HPOS="3511">
                  <String ID="string_region_1644582346179_1188l17"
                          HEIGHT="152"
                          WIDTH="2376"
                          VPOS="1871"
                          HPOS="3511"
                          CONTENT="au noil passe, quand mons: Coppens fut icy, cependant, il est partie sans "/>
               </TextLine>
               <TextLine ID="region_1644582346179_1188l18"
                         BASELINE="3528,2076 3645,2073 3763,2071 3881,2069 3999,2068 4117,2066 4235,2066 4353,2066 4471,2066 4589,2066 4707,2064 4824,2064 4942,2064 5060,2063 5178,2062 5296,2060 5414,2058 5532,2054 5650,2051 5768,2046 5886,2040"
                         HEIGHT="152"
                         WIDTH="2392"
                         VPOS="1963"
                         HPOS="3510">
                  <String ID="string_region_1644582346179_1188l18"
                          HEIGHT="152"
                          WIDTH="2392"
                          VPOS="1963"
                          HPOS="3510"
                          CONTENT="rien effecthier, cett un homene bien difficile sans raison, j'espere pourtant"/>
               </TextLine>
               <TextLine ID="region_1644582346179_1188l19"
                         BASELINE="3514,2178 3635,2175 3756,2174 3878,2172 3999,2172 4121,2170 4242,2170 4363,2170 4485,2170 4606,2168 4728,2168 4849,2168 4970,2166 5092,2164 5213,2162 5335,2159 5456,2156 5577,2152 5699,2146 5820,2140 5942,2132"
                         HEIGHT="146"
                         WIDTH="2460"
                         VPOS="2050"
                         HPOS="3497">
                  <String ID="string_region_1644582346179_1188l19"
                          HEIGHT="146"
                          WIDTH="2460"
                          VPOS="2050"
                          HPOS="3497"
                          CONTENT="que nous en aurons un fin vers les pasques &amp; comme ie ne pouvois vien"/>
               </TextLine>
               <TextLine ID="region_1644582346179_1188l20"
                         BASELINE="3508,2270 3631,2271 3754,2272 3877,2272 4001,2272 4124,2272 4247,2272 4371,2270 4494,2270 4617,2268 4741,2266 4864,2264 4987,2262 5110,2259 5234,2256 5357,2252 5480,2249 5604,2246 5727,2241 5850,2237 5974,2232"
                         HEIGHT="157"
                         WIDTH="2501"
                         VPOS="2164"
                         HPOS="3490">
                  <String ID="string_region_1644582346179_1188l20"
                          HEIGHT="157"
                          WIDTH="2501"
                          VPOS="2164"
                          HPOS="3490"
                          CONTENT="faire a legard de la rente de mons: desj'auaceux, ie luy vsy propose, de vous"/>
               </TextLine>
               <TextLine ID="region_1644582346179_1188l21"
                         BASELINE="3508,2372 3632,2372 3757,2372 3882,2372 4006,2372 4131,2372 4256,2372 4380,2372 4505,2370 4630,2369 4755,2368 4879,2366 5004,2364 5129,2361 5253,2358 5378,2355 5503,2352 5627,2348 5752,2344 5877,2338 6002,2332"
                         HEIGHT="178"
                         WIDTH="2526"
                         VPOS="2256"
                         HPOS="3492">
                  <String ID="string_region_1644582346179_1188l21"
                          HEIGHT="178"
                          WIDTH="2526"
                          VPOS="2256"
                          HPOS="3492"
                          CONTENT="la transporter en semble, il me responde bien fierement, quand elle me rombra"/>
               </TextLine>
               <TextLine ID="region_1644582346179_1188l22"
                         BASELINE="3514,2470 3636,2470 3758,2470 3881,2472 4003,2472 4126,2472 4248,2472 4370,2472 4493,2470 4615,2470 4738,2468 4860,2468 4982,2466 5105,2463 5227,2460 5350,2456 5472,2452 5594,2448 5717,2443 5839,2438 5962,2430"
                         HEIGHT="135"
                         WIDTH="2479"
                         VPOS="2404"
                         HPOS="3499">
                  <String ID="string_region_1644582346179_1188l22"
                          HEIGHT="135"
                          WIDTH="2479"
                          VPOS="2404"
                          HPOS="3499"
                          CONTENT="en partage que j'en pourrois faire alors, celon que ie le trouverois convenir"/>
               </TextLine>
               <TextLine ID="region_1644582346179_1188l23"
                         BASELINE="3526,2570 3649,2570 3772,2570 3896,2570 4019,2570 4143,2570 4266,2570 4389,2568 4513,2568 4636,2566 4760,2564 4883,2562 5006,2560 5130,2558 5253,2556 5377,2552 5500,2550 5623,2546 5747,2542 5870,2538 5994,2534"
                         HEIGHT="200"
                         WIDTH="2501"
                         VPOS="2425"
                         HPOS="3510">
                  <String ID="string_region_1644582346179_1188l23"
                          HEIGHT="200"
                          WIDTH="2501"
                          VPOS="2425"
                          HPOS="3510"
                          CONTENT="ie dois avoir patience, si long temps, que ie suis ambarque avec luy, si mon"/>
               </TextLine>
               <TextLine ID="region_1644582346179_1188l24"
                         BASELINE="3518,2670 3641,2672 3764,2674 3887,2674 4010,2676 4134,2674 4257,2674 4380,2672 4503,2672 4626,2669 4750,2666 4873,2664 4996,2662 5119,2658 5242,2656 5366,2653 5489,2650 5612,2648 5735,2646 5858,2644 5982,2642"
                         HEIGHT="160"
                         WIDTH="2495"
                         VPOS="2558"
                         HPOS="3503">
                  <String ID="string_region_1644582346179_1188l24"
                          HEIGHT="160"
                          WIDTH="2495"
                          VPOS="2558"
                          HPOS="3503"
                          CONTENT="espouze n'estoit pas en ceinte de six mois, ie pourrois faire autant que luy"/>
               </TextLine>
               <TextLine ID="region_1644582346179_1188l25"
                         BASELINE="3526,2772 3644,2774 3763,2774 3881,2774 4000,2774 4119,2774 4237,2772 4356,2772 4474,2770 4593,2768 4712,2766 4830,2763 4949,2760 5067,2757 5186,2754 5305,2750 5423,2748 5542,2744 5660,2740 5779,2736 5898,2732"
                         HEIGHT="166"
                         WIDTH="2404"
                         VPOS="2655"
                         HPOS="3508">
                  <String ID="string_region_1644582346179_1188l25"
                          HEIGHT="166"
                          WIDTH="2404"
                          VPOS="2655"
                          HPOS="3508"
                          CONTENT="mais la raison me force d'avoir patience, ie serois fache ma chere tante"/>
               </TextLine>
               <TextLine ID="region_1644582346179_1188l26"
                         BASELINE="3522,2876 3644,2876 3766,2876 3888,2876 4010,2876 4133,2874 4255,2872 4377,2870 4499,2868 4621,2865 4744,2862 4866,2859 4988,2856 5110,2854 5232,2850 5355,2848 5477,2844 5599,2842 5721,2840 5843,2838 5966,2836"
                         HEIGHT="209"
                         WIDTH="2474"
                         VPOS="2721"
                         HPOS="3506">
                  <String ID="string_region_1644582346179_1188l26"
                          HEIGHT="209"
                          WIDTH="2474"
                          VPOS="2721"
                          HPOS="3506"
                          CONTENT="de vous preiudicier en rien, ne sachant si la rente me rombera en partage"/>
               </TextLine>
               <TextLine ID="region_1644582346179_1188l27"
                         BASELINE="3510,2978 3633,2978 3757,2976 3880,2974 4004,2974 4128,2972 4251,2970 4375,2968 4498,2966 4622,2964 4746,2962 4869,2958 4993,2956 5116,2954 5240,2952 5364,2950 5487,2948 5611,2946 5734,2944 5858,2942 5982,2940"
                         HEIGHT="168"
                         WIDTH="2504"
                         VPOS="2843"
                         HPOS="3495">
                  <String ID="string_region_1644582346179_1188l27"
                          HEIGHT="168"
                          WIDTH="2504"
                          VPOS="2843"
                          HPOS="3495"
                          CONTENT="cependant mons: Michel auvray, qui y at part de ƒ6000:- argent de change"/>
               </TextLine>
               <TextLine ID="region_1644582346179_1188l28"
                         BASELINE="3510,3080 3632,3080 3754,3078 3876,3076 3998,3074 4121,3072 4243,3069 4365,3066 4487,3064 4609,3060 4732,3056 4854,3054 4976,3050 5098,3048 5220,3046 5343,3042 5465,3041 5587,3040 5709,3038 5831,3038 5954,3038"
                         HEIGHT="157"
                         WIDTH="2477"
                         VPOS="2955"
                         HPOS="3493">
                  <String ID="string_region_1644582346179_1188l28"
                          HEIGHT="157"
                          WIDTH="2477"
                          VPOS="2955"
                          HPOS="3493"
                          CONTENT="dicy, voudroit bien sen deffaire, en vous faissant un transport sans quarand"/>
               </TextLine>
               <TextLine ID="region_1644582346179_1188l29"
                         BASELINE="3510,3176 3630,3176 3750,3176 3870,3174 3990,3174 4111,3172 4231,3170 4351,3168 4471,3165 4591,3162 4712,3159 4832,3156 4952,3153 5072,3150 5192,3148 5313,3144 5433,3142 5553,3140 5673,3136 5793,3136 5914,3134"
                         HEIGHT="160"
                         WIDTH="2436"
                         VPOS="3044"
                         HPOS="3494">
                  <String ID="string_region_1644582346179_1188l29"
                          HEIGHT="160"
                          WIDTH="2436"
                          VPOS="3044"
                          HPOS="3494"
                          CONTENT="de la ditte partie si cela vous accomoderoit entre tems, que nous edne"/>
               </TextLine>
               <TextLine ID="region_1644582346179_1188l30"
                         BASELINE="3512,3282 3630,3280 3749,3278 3868,3276 3986,3274 4105,3271 4224,3268 4342,3267 4461,3264 4580,3262 4699,3260 4817,3256 4936,3254 5055,3252 5173,3248 5292,3246 5411,3243 5529,3240 5648,3236 5767,3234 5886,3230"
                         HEIGHT="119"
                         WIDTH="2407"
                         VPOS="3191"
                         HPOS="3494">
                  <String ID="string_region_1644582346179_1188l30"
                          HEIGHT="119"
                          WIDTH="2407"
                          VPOS="3191"
                          HPOS="3494"
                          CONTENT="fait partage, pour pourriez n escrire un mot a ce suject, sil vous plait."/>
               </TextLine>
               <TextLine ID="region_1644582346179_1188l31"
                         BASELINE="3514,3394 3632,3390 3750,3384 3869,3380 3987,3376 4106,3373 4224,3370 4342,3368 4461,3364 4579,3362 4698,3358 4816,3356 4934,3354 5053,3350 5171,3348 5290,3344 5408,3340 5526,3336 5645,3332 5763,3326 5882,3320"
                         HEIGHT="206"
                         WIDTH="2402"
                         VPOS="3253"
                         HPOS="3495">
                  <String ID="string_region_1644582346179_1188l31"
                          HEIGHT="206"
                          WIDTH="2402"
                          VPOS="3253"
                          HPOS="3495"
                          CONTENT="j'auray soin de faire anotter les ƒ36: argent courant de lille, que vous"/>
               </TextLine>
               <TextLine ID="region_1644582346179_1188l32"
                         BASELINE="3514,3486 3637,3484 3761,3482 3884,3480 4008,3478 4132,3476 4255,3473 4379,3470 4502,3468 4626,3466 4750,3462 4873,3460 4997,3456 5120,3453 5244,3449 5368,3446 5491,3442 5615,3436 5738,3431 5862,3426 5986,3420"
                         HEIGHT="174"
                         WIDTH="2503"
                         VPOS="3337"
                         HPOS="3498">
                  <String ID="string_region_1644582346179_1188l32"
                          HEIGHT="174"
                          WIDTH="2503"
                          VPOS="3337"
                          HPOS="3498"
                          CONTENT="marque avoir reccu de piere villers. mon espouze vous assure de les oblissances "/>
               </TextLine>
               <TextLine ID="region_1644582346179_1188l33"
                         BASELINE="3504,3590 3627,3584 3750,3579 3873,3575 3996,3572 4119,3568 4242,3566 4365,3564 4488,3562 4611,3562 4735,3560 4858,3558 4981,3556 5104,3554 5227,3552 5350,3550 5473,3548 5596,3544 5719,3540 5842,3535 5966,3530"
                         HEIGHT="177"
                         WIDTH="2495"
                         VPOS="3433"
                         HPOS="3487">
                  <String ID="string_region_1644582346179_1188l33"
                          HEIGHT="177"
                          WIDTH="2495"
                          VPOS="3433"
                          HPOS="3487"
                          CONTENT="Irespects &amp; fait bien des complements a vre chere famile, ce quils y trouveront de "/>
               </TextLine>
               <TextLine ID="region_1644582346179_1188l34"
                         BASELINE="3518,3690 3641,3684 3765,3678 3889,3674 4012,3670 4136,3666 4260,3664 4383,3662 4507,3660 4631,3658 4755,3658 4878,3656 5002,3656 5126,3654 5249,3652 5373,3652 5497,3650 5620,3647 5744,3644 5868,3640 5992,3636"
                         HEIGHT="153"
                         WIDTH="2508"
                         VPOS="3543"
                         HPOS="3501">
                  <String ID="string_region_1644582346179_1188l34"
                          HEIGHT="153"
                          WIDTH="2508"
                          VPOS="3543"
                          HPOS="3501"
                          CONTENT="mesumeede ma part en vous persuadant que lon ne peu estre avec plus de "/>
               </TextLine>
               <TextLine ID="region_1644582346179_1188l35"
                         BASELINE="3516,3786 3611,3784 3706,3782 3801,3782 3896,3779 3992,3776 4087,3774 4182,3772 4277,3769 4372,3766 4468,3764 4563,3762 4658,3760 4753,3758 4848,3758 4944,3756 5039,3756 5134,3756 5229,3756 5324,3758 5420,3760"
                         HEIGHT="179"
                         WIDTH="1937"
                         VPOS="3655"
                         HPOS="3499">
                  <String ID="string_region_1644582346179_1188l35"
                          HEIGHT="179"
                          WIDTH="1937"
                          VPOS="3655"
                          HPOS="3499"
                          CONTENT="Zele &amp; inclination, que celuy qui a l'honneur de le dire"/>
               </TextLine>
               <TextLine ID="region_1644582346179_1188l36"
                         BASELINE="5436,3792 5463,3793 5491,3794 5519,3794 5547,3794 5575,3794 5603,3794 5631,3792 5659,3792 5687,3790 5715,3790 5742,3788 5770,3788 5798,3787 5826,3786 5854,3786 5882,3786 5910,3786 5938,3786 5966,3787 5994,3788"
                         HEIGHT="159"
                         WIDTH="591"
                         VPOS="3705"
                         HPOS="5419">
                  <String ID="string_region_1644582346179_1188l36"
                          HEIGHT="159"
                          WIDTH="591"
                          VPOS="3705"
                          HPOS="5419"
                          CONTENT="Adij 19 Janu 1729"/>
               </TextLine>
               <TextLine ID="region_1644582346179_1188l37"
                         BASELINE="3362,3904 3416,3901 3470,3896 3525,3893 3579,3890 3634,3888 3688,3888 3742,3886 3797,3886 3851,3886 3906,3886 3960,3886 4014,3886 4069,3884 4123,3884 4178,3884 4232,3882 4286,3881 4341,3879 4395,3876 4450,3872"
                         HEIGHT="133"
                         WIDTH="1123"
                         VPOS="3790"
                         HPOS="3344">
                  <String ID="string_region_1644582346179_1188l37"
                          HEIGHT="133"
                          WIDTH="1123"
                          VPOS="3790"
                          HPOS="3344"
                          CONTENT="Lille, La veuve theodor Van Celler"/>
               </TextLine>
               <TextLine ID="region_1644582346179_1188l38"
                         BASELINE="3530,3970 3626,3968 3722,3968 3818,3968 3915,3968 4011,3966 4107,3966 4204,3966 4300,3964 4396,3964 4493,3964 4589,3962 4685,3962 4781,3962 4878,3962 4974,3962 5070,3962 5167,3962 5263,3964 5359,3964 5456,3966"
                         HEIGHT="185"
                         WIDTH="1958"
                         VPOS="3833"
                         HPOS="3515">
                  <String ID="string_region_1644582346179_1188l38"
                          HEIGHT="185"
                          WIDTH="1958"
                          VPOS="3833"
                          HPOS="3515"
                          CONTENT="J'ay receu l'honneur de la vre du 16 courant y joint quatre remises scavoir"/>
               </TextLine>
               <TextLine ID="region_1644582346179_1188l39"
                         BASELINE="3518,4054 3610,4054 3702,4054 3794,4054 3887,4054 3979,4054 4071,4052 4164,4052 4256,4050 4348,4050 4441,4050 4533,4048 4625,4048 4717,4046 4810,4046 4902,4046 4994,4046 5087,4046 5179,4046 5271,4048 5364,4048"
                         HEIGHT="159"
                         WIDTH="1876"
                         VPOS="3960"
                         HPOS="3502">
                  <String ID="string_region_1644582346179_1188l39"
                          HEIGHT="159"
                          WIDTH="1876"
                          VPOS="3960"
                          HPOS="3502"
                          CONTENT="£250:- banco sur mess. wittert &amp; de vos a amst en ƒ1500:-"/>
               </TextLine>
               <TextLine ID="region_1644582346179_1188l40"
                         BASELINE="4802,4128 4830,4123 4858,4122 4886,4121 4915,4119 4943,4118 4971,4118 5000,4118 5028,4120 5056,4122 5085,4124 5113,4124 5141,4127 5169,4128 5198,4130 5226,4130 5254,4132 5283,4132 5311,4131 5339,4130 5368,4128"
                         HEIGHT="114"
                         WIDTH="598"
                         VPOS="4047"
                         HPOS="4786">
                  <String ID="string_region_1644582346179_1188l40"
                          HEIGHT="114"
                          WIDTH="598"
                          VPOS="4047"
                          HPOS="4786"
                          CONTENT="„ 1500:-"/>
               </TextLine>
               <TextLine ID="region_1644582346179_1188l41"
                         BASELINE="3528,4146 3574,4144 3621,4144 3667,4142 3714,4141 3760,4140 3807,4140 3853,4140 3900,4140 3946,4138 3993,4138 4039,4138 4086,4138 4132,4138 4179,4138 4225,4138 4272,4138 4318,4136 4365,4136 4411,4134 4458,4134"
                         HEIGHT="144"
                         WIDTH="963"
                         VPOS="4051"
                         HPOS="3510">
                  <String ID="string_region_1644582346179_1188l41"
                          HEIGHT="144"
                          WIDTH="963"
                          VPOS="4051"
                          HPOS="3510"
                          CONTENT="„ 250- ditto sur les dits en "/>
               </TextLine>
               <TextLine ID="region_1644582346179_1188l42"
                         BASELINE="3532,4240 3628,4236 3724,4232 3821,4230 3917,4228 4014,4226 4110,4226 4206,4226 4303,4224 4399,4224 4496,4224 4592,4224 4688,4224 4785,4222 4881,4222 4978,4220 5074,4217 5170,4214 5267,4209 5363,4204 5460,4198"
                         HEIGHT="160"
                         WIDTH="1959"
                         VPOS="4124"
                         HPOS="3515">
                  <String ID="string_region_1644582346179_1188l42"
                          HEIGHT="160"
                          WIDTH="1959"
                          VPOS="4124"
                          HPOS="3515"
                          CONTENT="96 48:0 17 ditto sur les ditt 23 eu £57 sterlinx a 34 p"/>
               </TextLine>
               <TextLine ID="region_1644582346179_1188l43"
                         BASELINE="5326,4282 5346,4286"
                         HEIGHT="86"
                         WIDTH="66"
                         VPOS="4231"
                         HPOS="5307">
                  <String ID="string_region_1644582346179_1188l43"
                          HEIGHT="86"
                          WIDTH="66"
                          VPOS="4231"
                          HPOS="5307"
                          CONTENT="t"/>
               </TextLine>
               <TextLine ID="region_1644582346179_1188l44"
                         BASELINE="3524,4342 3614,4338 3704,4334 3795,4330 3885,4328 3976,4326 4066,4325 4156,4324 4247,4322 4337,4322 4428,4322 4518,4322 4608,4320 4699,4320 4789,4320 4880,4320 4970,4318 5060,4318 5151,4316 5241,4314 5332,4312"
                         HEIGHT="140"
                         WIDTH="1843"
                         VPOS="4232"
                         HPOS="3506">
                  <String ID="string_region_1644582346179_1188l44"
                          HEIGHT="140"
                          WIDTH="1843"
                          VPOS="4232"
                          HPOS="3506"
                          CONTENT="£590:18:0 et en semble en argent de bancque d'amtt."/>
               </TextLine>
               <TextLine ID="region_1644582346179_1188l45"
                         BASELINE="3532,4424 3652,4422 3773,4420 3894,4418 4015,4416 4136,4416 4256,4414 4377,4414 4498,4414 4619,4414 4740,4414 4860,4412 4981,4412 5102,4410 5223,4408 5344,4406 5464,4404 5585,4400 5706,4396 5827,4390 5948,4384"
                         HEIGHT="138"
                         WIDTH="2447"
                         VPOS="4296"
                         HPOS="3517">
                  <String ID="string_region_1644582346179_1188l45"
                          HEIGHT="138"
                          WIDTH="2447"
                          VPOS="4296"
                          HPOS="3517"
                          CONTENT="„400:- en argent de change sur le S. Vanderheyden a bruges les quelles ie baes"/>
               </TextLine>
            </TextBlock>
         </PrintSpace>
      </Page>
   </Layout>
</alto>
