8070 4637
921 1060 2088 219 Rawall Men brthese Rebenso Thal S Darnel Cerarse

2213 1225 154 70 Gent

932 1198 2059 186 Meljn de wijndrechs of Antwern merchant do make

923 1314 1995 200 conslilule hand appoins John Ddwarces of London mer

931 1435 2068 186 chans miy treue and Lawfull Attorneiy for me in myname

947 1518 2042 223 end on my behalf, la conspact for Berchase an d Buy and

939 1651 2041 162 13 dake and acheps Afsigne menls or Fransfers as any lime

939 1741 2045 161 or limes of humself for Jany other verson Cor versone of an9

928 1863 2045 166 Spares or nleresso whafsoever, in the Capisaal new Joind

934 1918 2052 180 toch of Southela Annuilies, and to recuye and avre

940 2050 2009 145 rcceple for all dirikends now ave or that heretafler shall

915 2121 2057 198 glonm rrcce und payable for any my new fointssloct of

890 2212 2087 188 J oiun lea cHhneulies for the Sime being and to as all

911 2312 2044 237 Laufull Aele requiville for esseeling of the remisses

916 2424 2017 197 Ritefying and confitmingb all thet my vaid elllame

944 2520 2029 229 shll. dofthereen bly serluyf here of  Bitncks where of

908 2608 1967 213 hove hereunto Sett my hars seal in Antwerp

923 2703 1803 188 fercaudthe  December 1733: hewliles

2896 2798 55 147 d14

786 2816 2173 244 Signd Seledana Rellrereden Darel Gerardo Melijn

794 2920 1105 157 the Tresene of ue wo dditnesses

1868 2988 1092 198 de swijndrecht Coegell

818 3013 1357 195 andre Rubry Tibliegt

853 3099 166 139 8

1201 3133 145 110 d

1688 3115 1082 208 sutinge den selve blijve nae

869 3217 136 94 th

1178 3219 170 126 B

940 3239 960 233 P. Rotareg Rabley

895 3397 736 154 wasndesterchht

846 3473 439 152 Pedre Beut

879 3581 380 138 2: auvray

876 3609 899 193 S:P. Van Jonger soo not: pul

5240 203 633 146 Ady 20 xber 1733

3357 204 1223 137 Brussel dh adviart van der voost

3421 330 2397 117 d'eere van ue mij seer aengeneeme van 16 deses, wel ontfanghen daer

3472 420 2423 156 benevens het contraet ven coop van het speel not met het consent van

3445 475 2326 199 den heere raedt procureur qual tot her doen van de goedenisse

3429 589 2480 195 de retour welcke goedenisse gisteren geschiedt is ende hebbe de twee

3482 702 2368 167 reeten van ƒ3000:- ƒ1500 capital wisselgelde waer mede het hof

3474 814 2326 199 belast was, gerembourseert, nelts gaders ƒ 184:11½ wissel gelde over

5050 936 57 92 16

3475 922 2365 223 vervallene snt resten sedert 1e july 1730 tot si mey 1232 op d'eertte

3473 1036 2389 250 partije en ƒ6:1¼1: oock wissel gelde voor 4 jeueren openst aende

3484 1164 2292 209 chijsen soo dat ick n rest schuldigh ben volgens dingeslotene

3496 1272 2435 220 notitie ƒ1009:7 segge duytens negen gutens seven stuyvert wissel

3479 1382 2402 235 gilde, de welcke paraet ben te betalen soo haest de behoorelycke

3456 1509 2377 162 lacte van de charge sal hebben waer toe dh. rima reedts ordre

3475 1607 2402 211 heeft, dogh recomandere ue: de noodige sorge te dragen dat ick van

3489 1735 2403 203 elle morgelyckheijdt bewoydt ben ende terwijlen het nergens

3482 1794 2444 263 conttent dat de goederen van madon, bij eenigh vonnes sijn gelonfisqu

3471 1962 2401 193 soo dunckt mij het noodtsasielijck is. dat hij mij een quitantie gef

3472 2052 2325 222 van de selve excresientie ofte ven minsten een order, om die

3503 2191 1783 212 penningen in de casse van syne May: te tellen

3482 2277 2420 193 ul: schijndt van opinie te wesen dat ick mae het capital van de

3463 2432 2354 136 twee venten moet rembourseren, & niet den entrest, ick hebbe daer

3463 2551 2433 143 over met dh. de pret gesproken, ende fijn ƒ3000:- geofferreert maer

3469 2624 2350 197 hij woude, den soude dander niet ontfanghe seggende dat het

3468 2745 2395 227 peel hof hem voor capital en intrest, verbonden was, ende dat

3463 2905 2440 137 tot het veel remboursement dat des niet tegenstaende, hy te vreden

3472 3031 2413 140 was met den intrest, tot P mey 1232 te ontfanghee & dat hij de

3475 3103 2456 185 rest bij me rouw bloun soude hebben, oock is den aet tusschen de selve

3471 3220 2395 220 mevrouw blouu & ssmadon op 3 jauu. 1732 gepasseert claer ende

3468 3324 2455 218 sij allen belast met den intrest van de selve ƒ3000:- reginnende

3713 3517 49 55 m

3475 3513 2330 134 met P mey 1732 ende de ƒ1500:- sonder intrest welcken aet

3468 3592 2423 186 sipponere ul niet gesien heeft den heere vandt procureur qual

3476 3741 2386 154 heeft daer van de copye oock van den aet van vercoop oock wat

3472 3857 2419 166 het dintentie van ditto heer den intrest op deerste somme d

3466 3980 2432 156 verloope daren hijns, mede moesten betaelt & af getrocken worden

3468 4119 2378 144 ende vanneer deere hadde nevens dh. de poet hem te spreken,

3459 4239 2437 142 hebben hem geseydt dexcrescentie iets boven de ƒ1000:- wijsel
