8063 4651
1065 227 2139 121 worden, waerom dese aen ue andermael schrijve op dat ue

1063 298 2210 155 ondersight soude wesen, dat mijne gesondene nititie moet

1053 401 2179 193 sijn, soo de leingde als dictte alles antwerpsche niate by

1064 515 2283 143 mijnen doordijen heeft ue de notitie van 6 duynen entwernsch

1061 631 2170 121 mate & soo 11 duymen masken enen antwerpschen doet

1049 699 2259 194 waer naer ur sigh moet reguleren sijnde mijne gesondene

1052 837 2258 145 notitie op den antwerpschen voet genomen, tujfele niet

1060 956 2258 150 oft onse antwerpsche mate aen ue genoechtaem becant

1044 1022 2307 199 is om soo alles sonform te senden & blijve in afwaghtinge

1046 1155 1158 138 deere Jan ust antwoordt

2409 1201 715 217 Ady 30 di meiy

867 1268 1076 199 Brussel F: Van Berthem

1033 1390 2230 183 nievolge ue: aengename Jan 27 deser soo verhope

1048 1471 2215 197 alle de geoodonneerde ribbe p beurt schip dat begintsel

1030 1575 2014 252 van de toecomende wesie alhier te ontfanghen

1050 1717 2193 226 waerom ingesloten ul mijnn tolbrief, benevens de

1023 1855 2168 217 twee resoghte certificatien tresende, ick can niet

1048 1942 2222 205 bepeijsen dat de partje 2000 voeten soude uyt nichen

1061 2129 2212 151 us magh niet een stock meer senden als gevraege

1039 2237 2184 175 hebbe want hebbe geen overschet noodigh. voor des

1046 2334 2186 249 ben geinformeert dat den ordinairce prjs van de

1036 2473 2148 161 tebber brusselsche mate maer mes ƒ 6:15 te meer

1058 2591 2171 203 om dat de goordonneerde van lijn langhde sijn

1036 2699 2283 263 deshalven afele niet of uet sal die mede tot die

1048 2885 579 135 ovit stelln

1041 2894 2002 266 versoocke soo in die vesendt mij de stucken

1046 3063 2226 194 l'adviseren & de vete latte toetme un desi de

1040 3195 2281 158 selve te connen vldoenn t' selve ae ick ve wagse

1035 3314 1744 179 blijve naer er mirsam groetent te

1029 3422 2029 216 B. hebbe mijne tolbrief hver gehonden

1022 3556 2157 220 voer mits de eestficeetien genoeht ane siblisteren

1024 3692 858 192 Londe den selve

5832 220 135 105 173

4727 218 674 171 Ady 2 Juny 1722

3404 224 865 186 London John Eduiards & soon

3549 334 2384 143 ue aengename Jan 3 pass V.S. wel ontfanghen daer bij advies dat ue voor

3539 455 789 167 mij geincasseert soudde

4300 446 1603 153 renten vervallen 25 sber laete te weeten

3539 579 2399 157 op luyce  £1000:- niuwe suydtz ce tauities a 2  .. £20:0:0

3520 690 2377 159 op mijne £234:7:6 et suydt ee tetden .. a 1 st „ 4:2:

3526 797 1995 168 ende in renten vervallen 25 meert taest te weeten

3523 926 2442 144 op mijne 2000:- bancke aetien  a 2 b„ 55:0:0

3522 1001 2429 182 op mijne £938:13:4 op de suyr anuities  2  „ 18:12:8

3519 1089 2436 167 twelck alsoo sonform genoteert hebbe, & ul ick. daer vooren gedebiteert

3533 1240 2445 141 voorders sien, dat ue mijne gegevene ordre volbroght hadde, en voor mij

3515 1343 2212 178 ingekoght  ƒ68:6:8 et oude suystree antities a 112

3520 1475 2418 159 bedrarende met makelaer dj que provisie a ½ te samen £72:-

3532 1544 2353 150 ende oock ingeskoght £265:12:6 en suydtr actiea a 106

3520 1673 2405 172 ende daer vooren betaelt met makelaerdij a ste, tranfer voor op

3527 1803 2439 153 mjn naem te brengen, 12 schellingen, en ⅓ provisie massende te

3514 1885 2402 167 Samen  £284:111:5 et sijnde ue rek. soo voor teen als dander

3536 1982 2380 187 daer vooren gecrediteert hebsende dan nu nitto  £1000:- onde

3518 2094 2335 180 luyd ce audities   £500:- suydez ie actien. sonde wel

3524 2222 2396 148 afmeten dat de suyc ce comp. present geene negotie conde doen

3532 2288 2339 195 dogh wiste niet dat het lans de intresten betaelde, tis sekerlijck

3516 2407 2406 194 dat die comp. voor desen groote gerogressee moet gedaen hebben maer

3506 2541 2458 117 tot wiens profijte de wintte gesomen is, is my tot nu toe onbescent

3500 2614 2453 192 geloove eenser dat het parlement, oft het lant voor de Capitalen ofte

3498 2709 2440 194 fondsen instaet vermits sij de intresten betalen, ende int jaer 1133

3525 2787 2430 201 Vant Capitael in annuuties verandert hebben, bevinde oock dat

3526 2938 2378 148 int selve jaer in de maent meij aen de geintresseerde af getoock en

3517 3020 2403 212 werdt 6½ ƒ op hun Capitael hebbende selfs als dan op  £1000:

3497 3157 2336 187 £62:10 s verlooren, soo dat sedert die tijdt niet al te veel

3526 3291 2421 170 piculatie op die fondtse gemaeckt hebbe. ingevalle het parlement

3507 3348 2456 176 voor de Capitalen caveert soo soude die comp. soo goedt houden, als de

3513 3492 2418 150 anuities waer van wel geirne bij occasie, soude geinformeert sijn

3503 3622 2402 175 om vervolgens naer te conmen reguleren waer mede blijve naer

3520 3726 1119 181 sier mi hsame groet oisse

5284 3748 673 189 Adij 3 Juny 1732

3419 3837 1245 206 Lille madame Saviel de Crombien

3491 3988 2483 182 j'aurois plutost satisfait a la demande, que vous avez fait a mad

3515 4092 2432 206 de swijndrecht, p l'aggreable vre du 16 du mois de may passé

3495 4205 2386 217 si non, que mons: merd Lenaer im a diluye de tous en sous
