7748 4665
776 211 2334 156 fais, ce qui fait, quil m'est tres sensible de vour mons vre espoux

753 309 2399 169 dans les sentiment, de ne vouloir faire separation des biens delaissez

770 434 2430 147 p feu nre chere pere amiablement ce qui n'at temoigne que trop a

765 524 2433 174 mon espoux p ces propositions esxtraordinaire quil fait de vouloir

763 601 2458 182 separer la Lg de swijndrecht disant quil ne vent avoir la chausse

782 748 2267 156 di celle, enfen des choses, inprcctieable, & comme il a menasce

761 813 2391 213 demporter tous les papiers avec luy m'alqre nous, dont il n a point

736 898 2476 243 droit si long tems que les affaires de la maison mort waire, me sont

756 1025 2421 205 fince, & on ne luy a jamais refuse au q'un inttraition ny empeschez

764 1106 2414 233 de les examiner icy, nous avons este oblige dy faire arrest deslus

757 1242 2383 193 & aller  de voies, dont nous n'avons frue, de nous devoir servir & que

796 1341 2383 159 nous avions suppose, que vous auriez prevenue p vre presence

775 1427 2450 236 icy, sors que vous auriez pu juger vous mesme les manieres arreables

772 1519 2483 254 avec les quelles, nous souhaitions de fir, car a dire la verite, conme

789 1636 2434 199 nous ne sommes que deux soeurs au monde, le lien du sang & de

785 1798 2455 165 la nature devroit bien nous unir dans une plus grande siaison

787 1883 2338 198 au lieu de nous en cloiguer p des longes proces don ne puisse

782 1985 2377 203 n'aitre qun contiuel chagrin, pour nos deux du moins, si vous

779 2079 2374 179 avez le coeur aussij sensible envers moy, somme ie lay pour vre

789 2172 2388 230 chere personne & dalieur le toute ne puisse contribuer qu'a la

782 2321 2415 177 perte de nos revenues de part & dautre, comme on le vois dua

779 2443 2431 147 des biens de mersiem, dont le vaille des lrb hetbes a faucher

775 2551 2422 218 donne en ferme, pour jcelle annee devroit estre receu & dernier

787 2656 2335 178 payement au noeel passe, & ussy il doivent estre donne de

777 2779 2429 223 nouveau en ferme en j'un prochain, pour le quel nous avions

784 2877 2323 261 prepose a mons. vre espoux de commetre qwel quie de

772 2995 2489 255 commeue man, pour caisser recevoir tous les revenu ce quel

779 3135 2474 203 n'a voulu faire enfin nous ne scavons point a quoy tout cela

775 3224 2491 247 bute, cependant ie vous prie de vouloir, scalmer le tout, s'il vous

771 3331 2405 290 est possible, pour que nous puissions lunr agreablement a

776 3470 2391 280 quoy le veu voire que vre presence icy, pourrez contribirer

787 3634 2385 232 veau coup, lois que ie tacheray de faire aussij de mon cotte

789 3737 2365 187 toute ce quel sera aucunement faisonable pour pouvoir

780 3863 2375 209 retter dans une parfaite union comme estant d'une coeur

2623 4017 130 135 l

767 4010 1461 204 lincere & pleur d'estme & amitie

759 4045 1967 316 mon espoux vous fau des c

5321 169 600 169 Ady 25 april

3289 193 700 156 brussel floris limoais

3504 271 2357 145 wille niet twijfelen, oft ue is genoechs aem geintormeert dat s:

3505 349 2433 165 ballieu tot noch toe niet is gesomen om mijne voiture te schoderen

3463 485 2467 152 die nu al een maenst naer hem gewaght hieft hij hadde mij gelooft

3518 562 2374 199 met sijn brief van 10 deser in de gepasseerde paisdagen te comen

3503 671 2362 198 twelck met mijn brief van 14 deser hert elij si versoghte tselve

3508 797 2421 153 te willen effectiueren, & dat het mij ten hooghtten aengenaem soude

3479 936 2441 114 sijn dogh alles te vergeeft come ue dan andermael versoecken

3513 1035 2406 147 van hem te willen bewegen dat het niet langer uyt geteelt en

3508 1163 2426 130 wordt, & in gevalle niet van sin is te conme, mij te laten weete

3490 1248 2371 171 op dat andere masures neme hebbe mij niet comme inelden

3510 1380 2420 126 dat soo misleydt saed worden, hij hadde mij seschien pestolen

3483 1459 2467 191 gevraeght om t'antwerpen de comen schoderen die hem toegestan

3498 1575 2306 205 hebbe & boven dien snomens mijn tasel, om dat hij niets

3503 1696 2458 133 verteren soude bidden de dan andermael, om sijn leste resolutie

3504 1799 2440 179 te vernemen. paul heeft mij geseydt dat ul: de vetterende

3501 1903 2332 211 rosetten & puuten my sult toesenden, dat op ue comoditijde

3495 2011 2366 193 sal verwaghten, vermits het niet presseert ter mijl de casse

3498 2154 2463 170 noch noet geschiedert is. het dock my chagenn dat ue soo veel

3500 2256 2215 168 moeyte aen doen, & dat sien dat mijne galeve niet slan

3497 2353 2316 181 avanceren blijvnde met presentatie van mijne diens

3502 2464 938 165 & groete ue van herten

5220 2470 678 200 Ady 2 mey 1229

3298 2583 836 154 Brussel mons. Bailliea

3474 2656 2492 189 J'ay este suipris d'aprendre p l'honneur de la vre qui m'a este vendu p paux

3499 2762 2396 174 que vous me mante encor trois semaines de teme, avant de venir icy pour

3505 2851 2464 213 peindre ma voiture vous pouvez bren juger mons que cela me cause du chagrin

3505 2956 2358 188 cependant ie veu bien vous aecorder ce temis la, a cause que j'annerois

3509 3082 2457 155 l'avoir peind p vre main, mons si ences que vous n'avez point la resolution

3488 3178 2430 179 ferme pour y venir pour ce tems la, ie vous prie de grace, de ne me plus

3510 3303 2368 103 desabuser & de faire toutes les modelles scavoir le dessin du devant du

3492 3382 2445 144 derriere de deux portieres & de quatre pannots en y mettant les couleurs

3503 3459 2362 181 comme vous louhaiteroit, qui seroit peund & alois ie le ferray executer

3505 3567 2448 168 l ets melieurs peintres en vous pay ant les trois pestois & demie pour vos

3515 3668 2403 168 dessins il me semble, que vre veu est de faire les quatres elements ambas

3505 3769 2384 149 sar les grands pannots & les portieres, & au lieu de mettre les armes vous

3509 3879 2445 178 pourries mettre les quatre deson, mais tont collore afin de pouvoir

3497 3973 2483 132 svivre vre gout ie vous prie de rechof mons. de nesme plus desabuses

3499 4112 2442 125 & de me donner le contentement de lun & de lautre, considerez sil vous

3497 4199 2457 151 plait, que ie perderois la belle saison, & que ie ne pourois me servir

3502 4261 2488 137 de ma galeve cette aiste, esperant mons. que vous ne me donneray pas
