8063 4637
968 201 2293 135 d'eugudelijck toe quam dat hem als dan promistelijck soude betal

970 294 2144 151 antwoorde dat men sulx vraeght van onderdige menchen

973 391 2216 169 maer niet van eenen not aris van eernn enfin is met alle

962 483 2269 226 impertinentien wegh gegaen, seggende ick sal mij wel anders

953 613 2153 204 doen betalen, tis gebeurt dat hij mij voorgisteren heeft doen

938 708 2327 180 dagen om op gisteren te compareren op de groote volle, waer toe

926 824 2263 223 den procureair Rallingan hebbe moeten committera, & iustellen,

940 930 2271 214 die dagh versoght heeft om den tijdt te hebben van ue van

950 1048 2312 165 alles tenisse te geven, ingesloten de copiye van sijne genomene

926 1134 2263 238 conclusie beneffent eenen missiven van dhr ballingans gelieft

961 1240 2303 213 nu ul: positeve ordres te geven sonder asien & bogen, oft icke hun

952 1388 2312 167 betalen soude oft in rechte te suttineren dat hij soudde doen den

947 1487 2224 233 ledt over de dengneelijckheijdt van sijne rek: op coste vant

955 1581 2224 249 gemeyn sterfauys, want al hoe wel ick allen gedaeght

937 1721 2234 209 ben, en geloove niet dat ue soude begeiren, dat die costen

950 1801 2252 239 alleen soude dragen, uee ant woordt verwaghtende blijve

968 1968 2206 201 naer onse gedaene ordrlain complimenten soo aen ick

960 2058 2183 213 als mercoue als liefste, mijn heer ue broeder, & fisken

945 2171 2297 221 gelijck ont sillekens, die ue goot danck wel vaerende sijn

886 2311 1737 216 mede sijn doende, & groete ick  van herten

2573 2327 668 220 Ady 7 meert 1734

819 2441 811 197 chellebelle Mossevelde

975 2555 2267 178 sende aen ue hier ingesloten mijn consent in de reductie van de

977 2699 2104 187 rente die ick ben heffende tot laste van de prochie van

986 2842 2259 175 schellebelle, in gevolge mijn mondelinge geloften, als mede

985 2905 2222 180 het consent tot de selve van d ht bosschaert, tgene ondr mij

1004 3065 1236 191 was berustende waer mede blijve

1643 3181 277 173 Caije

974 3189 2313 196 den onderschreven verclaent als boven te consenteren voor het toecomente

980 3373 2261 158 in de reduitie voot drijen half ten houderden van de rente d& can

993 3467 2259 153 ses endertigh hondert guldens capitael wissel glde, die hy is hebbende

978 3558 2165 219 ten laste der poons. prochie van schelle belle, op conditie dat de te

986 3694 2271 199 verschijnen iaerelijcksche intresten, promt sullen betaelt worden

991 3787 2160 199 binnen dese stadt antwerpen ten coste van de voors prochie

984 3892 2275 214 & dit alles sonder eenige de mntte voordere atteratie, oft in novatie

995 3998 2279 224 van den renter brief, waer aen voorder gereffereert woodt, actun

1003 4125 1769 232 in antwerpen 6 meert 1100 vier en datugh

5156 195 743 177 Adij 4 aprill 1734

3377 217 933 175 Swijndrecht Adriaen Rijns

3503 302 2384 196 alsoo vernomen hebbe dat ue heeft gecoght, van derfgenamen

3498 460 2442 118 van wijlen den heere dhanins gewesene haest peusionaris van

3478 524 2424 161 aen kande van waer schere partije van lauden gelegen tusschen

3493 678 2363 175 besie, onder mijne heerlijckhejdt van mijndreckt welcke

3484 757 2298 185 vanden ten chijersboeck belast sijn met den 18 penninck soo

3495 863 2348 210 dramer bertiert worden bij coope, & vermits tot hier toe in

4912 990 139 84 die

3464 968 2345 212 faute siyt geblven van den seven 18 peick te comen

3499 1110 2225 207 toldoey soo ist dat bij desen ue some te vermaenen

3496 1244 2418 158 van me sort ik plighte te quyben oft by faute dies sal

3495 1331 2374 200 genoodisacckt wesen de selve sanden tot volcomen vant

3444 1460 2381 192 voor dagh te malken waer naer sigh san reguleren

3477 1589 394 191 blijve

5270 1584 621 193 Ady 16 april

3329 1691 1433 213 desel Jan Claus ofte des selfs Erfgenamen

3494 1769 2398 181 alsoo bevinde, op mijnen heynsboeck dat ul is hebbende  deel in een

3487 1893 2432 166 stuck lant groot 5 gemeten, gelegen achter de kercke van hwijndrece

3502 1987 2413 205 & de  retterende aen de wiese van dan Mertijn welck stuck kans

3496 2112 2414 194 seght tusschen besie, & in gevolge mijnen meijnsooeck schuldigh is den

3510 2260 2427 193 p peseninck, soo eannelr vertiert modt bij coope, & dat geinformert

3481 2346 2421 180 ben, dat het selve sant il twee mael verkoght is sonder den 18 d

3498 2430 2276 233 penuiuck betaelt te hebben, soo ist dat bij desen ue some te

3501 2558 2335 183 vermanen, vant int sort iue: plight te quyten, oft by faute dies

3471 2670 2322 198 sal genoodtsaecht wesen, het voors kant dagh te massen tot

3481 2751 2403 222 het becomen tgene my is competerende, waer naer ue sigh can

3496 2898 678 192 reguleren & blijve

5109 2911 746 207 Ady 20 april 1734

3400 3046 428 202 Gent Coppens

3492 3197 2421 156 ul: mij altijdt seer aengename van 6 pass op sijn tijdt wel ontfangen

3478 3292 2430 179 daer bij ue consent om te dienen van antwoorde tegens de aens pracck

3488 3392 2417 180 van den notaris herremans tgene oock geschiert is, & de salee is al

3490 3521 2431 211 gesloten, bij sijn antwoorrt op ons eerste heeft gepresenteert den

3488 3682 2430 183 hidt te doen nopende sijne eren van bacatien, in de rek. vermelt

3498 3767 2442 221 dogh voor de reste dat de posten sullen getaxeert wordens door twee

3489 3918 2455 205 seretanssen & twee notarissen, waer op gerepliceert is, dat wij hem

3483 4066 2476 206 sijnen eiygen rechter maken & bereedt sijn & geweest hebben te betalen

3483 4222 2452 185 midts doende den bedt over de denghdelijckhejdt sijner rekeninge ul
