7933 4658
2480 203 760 157 Ady 23 febru: 1732

766 211 1088 182 London Isaack  delpech

969 289 2268 204 la derniere que i'ay pris la liberte de vous escrire, estoit le 14 d'aoust

963 394 2214 199 1726, p la quelle ie vous avois priez de vouloir visiter les livres

961 505 2068 190 de la bancque d'englettere ou ie devois estre interesse pour

979 619 2244 164 £1700:- comme aussij celles de la comp du sud, pour mille

963 730 2148 178 livres sterlins, dont vous avez eu la bonte, de m'envoyer un

950 836 2305 238 certificat de l'un & de l'autre en date 10 d'aoust 1728.V.S. pour

960 937 2298 204 le quelle la sitatuall vous at paye le 30 sbre 1726 £0:7:7 et

952 1100 1496 192 En suite vre quittance a luy donne

973 1205 2256 198 depuis ce tenis la, il y est survenue quelque changement ce

986 1282 2246 205 pour quoy ie viend p cette vous prier d'avoir le bonte de vous

979 1411 2198 222 rendre au bureau de la comp. du sud, pour voir si j'y suis

948 1533 2265 204 credite pour mille livres sterlins de mesme au bureau de

978 1650 2216 236 annuities du sud, pour voir si cy suis credite pour pareille

972 1785 2218 202 somme de mille livres sterlins & de m'envoyer un certificat

980 1897 2223 211 de lun & de lautre & ie vous ferray payer les frais p le

985 2000 2289 195 mesme monss. John tatuall estant en attente de vre responce

972 2140 1723 195 avec le certificat, ie suis tres parfaittement

857 2248 2404 201 S.le S: Jean francois Van haure qui at signe au pied de cette vous

1002 2376 2236 212 prie aussij de vouloir examiner les livres de la comp. des

1001 2490 2186 216 indes, ou il doit estre credite, pour mille livres sterlins de

999 2590 2235 207 mesme les livres de la Bancque d'englettere, ou il doit estre

972 2709 2117 230 credite, pour deux mille deux cent, cincquante livres

976 2849 2236 192 sterlins, aussij les livres de la comp. du sud, ou il doit estre

956 2938 2268 235 credite pour mil deux cent, vingt & un livres, trois escarlins

998 3036 2188 255 & un denier sterlins, & aussij les livres des annuities du sud

1002 3163 2282 251 ou il doit estre credite, pour deux mille trois cent soisante

984 3324 2296 183 six livres, trois escarlins & deux deniers dont il vous plaira

999 3428 2200 253 faire & Envoyer le certificat de tout, & l'envoyer avec les

2647 3549 549 224 Ady 3 Meert

1014 3586 260 151 miens

789 3654 626 239 Baruys ouseau

965 3703 2325 271 neme de libertijt van ue te versoecken & desen van aen mij te wille

986 3865 2311 189 toesenden de boecken van momorel gebonden in fransen bant soo ene

995 4014 2256 164 gelijck mijn broede, dh Jan Mochel melijn ul versoght heeft sj

936 4075 2324 209 sijn brief van 29 pass. & de selve met de lyne te willen packien

990 4218 2240 186 & hut amport op synt rek te stellen, sult mij ten hooghsten

1010 4304 2297 178 catobligere var aen un ue1 eenigen dients ean don te comsanderen

5131 182 727 166 Ady 4 mars 1732a

3364 193 910 198 Rijsel Mons: Jean B. pottier

3450 325 2452 163 de vois p l'honneur de la vre du 21 passe, que vous me marque que la remise

3443 410 2445 163 que vous m'avez fait p vre lettre du 28 gbre 1731. pour la somme de onze

3468 533 2437 180 cent & vingt florins argent courant, ettoit pour la rente de mons: desjaunaux

3458 628 2374 191 de donay, & que le part de madame Van Zeller y est copris ainsy ie luy

3443 722 2410 190 bonnefieray pour ƒ280:- courant pour les sept mille florins qu'elle y

3452 850 2379 189 at, nous avons fait les lots des biens delaisse p mons. de Lannoy de

3458 970 2391 187 swijndrecht, entre les quelles il m'est tombe ƒ7000:- Capital argent

3438 1104 2330 147 courant dans la ditte rente, & a mons. Coppens ƒ14000:- Capital

3459 1189 2376 197 de sorte qu'il me revient aussij en la preditte rente ƒ280:- & a

3467 1323 2406 170 mons: Coppens ƒ560:- ce que ie luy payeray aussij, vous priant

3468 1407 2372 194 d'oresnavant de me remettre seulement ƒ280:- pour ma parte

3450 1534 2448 160 que J'ay de ƒ7000:- Capital, ne voulant plus me charger de la

3447 1639 2373 200 somme entiere, & si vous voulez avoir un extrait autent que

3458 1768 2300 187 des lots, que nous avons fait, ie vous l'envoyeray, estant le

3452 1894 1593 166 suject de cette & suis tres parfaittement

5178 1942 459 211 Ady 4d

3337 2031 1027 195 Rijsel wed: theodor Van Zeller

3469 2129 2409 196 J'ay receu l'honneur de la vre du 19 passe, avec avis de la reception des

3465 2302 2410 135 miennes du 18 & 16 ditto & que vous m'avez credite pour ma remise

3459 2387 2398 167 sur le s: f. Louis Bant a Gand, pour £600:- de change, & debite pour

3443 2508 2410 150 £1:15:8 et de change pour le billiet de mad: Crombien sur le ƒ

3460 2583 1002 149 meulenaer ce qui est bien

3460 2662 2372 163 En suite de la lettre de mons: pottier, m'etent le 21 du passe, a

3466 2786 2384 146 legard sa remise me fait pour la rente de mons: desjaunaux ie

3467 2926 2327 187 vous ay credite a vre compte pour £401- de change l'annee

3476 3035 2324 196 dinterest et  le dernier octobre  trente & un, ie luy ay

3483 3135 2359 215 prie que doresnavant il auroit la bonte de faire faire des

3454 3267 2446 207 lettres des changes chacun pour sa parte, & les endosse chacun

3467 3391 2398 218 a son ordre, & vous pourriez toujours m'envoyer la vre pour le

3476 3519 2283 192 recevoir ne voulant plus me charger de la somme entiere

3459 3628 2454 172 estant toujours prest pour vous rendre service en tous occasions

3470 3756 2454 184 ie vous prie de presser Boussemar qui doit encor ƒ900:- p reste

3448 3878 2452 188 de lanne 1730, pour avoir un fin des revenuer de Lille de la

3475 4015 2226 199 comenaute. nous sommes avec bien des compliments estime &

3458 4151 2371 137 veneration pour vre chere personne & ie me dit tres sincera

3340 4253 2041 196 ie vous envoyeray vre compte courant & le premier
