<?xml version="1.0" encoding="UTF-8"?>
<alto xmlns:xsi="http://www.w3.org/2001/XMLSchema-instance"
      xmlns="http://www.loc.gov/standards/alto/ns-v4#"
      xmlns:page="http://schema.primaresearch.org/PAGE/gts/pagecontent/2013-07-15"
      xsi:schemaLocation="http://www.loc.gov/standards/alto/ns-v4# https://www.loc.gov/standards/alto/v4/alto.xsd">
   <Description>
      <MeasurementUnit>pixel</MeasurementUnit>
      <OCRProcessing ID="IdOcr">
         <ocrProcessingStep>
            <processingDateTime>2022-02-11T21:46:25.965+01:00</processingDateTime>
            <processingSoftware>
               <softwareCreator>READ COOP</softwareCreator>
               <softwareName>Transkribus</softwareName>
            </processingSoftware>
         </ocrProcessingStep>
      </OCRProcessing>
   </Description>
   <Layout>
      <Page ID="Page1" PHYSICAL_IMG_NR="1" HEIGHT="4637" WIDTH="8097">
         <TopMargin HEIGHT="0" WIDTH="8097" VPOS="0" HPOS="0"/>
         <LeftMargin HEIGHT="4637" WIDTH="0" VPOS="0" HPOS="0"/>
         <RightMargin HEIGHT="4637" WIDTH="0" VPOS="0" HPOS="8097"/>
         <BottomMargin HEIGHT="0" WIDTH="8097" VPOS="4637" HPOS="0"/>
         <PrintSpace HEIGHT="4637" WIDTH="8097" VPOS="0" HPOS="0">
            <TextBlock ID="region_1644588491968_3408"
                       HEIGHT="4320"
                       WIDTH="2451"
                       VPOS="135"
                       HPOS="867">
               <Shape>
                  <Polygon POINTS="867,135 3318,135 3318,4455 867,4455"/>
               </Shape>
               <TextLine ID="region_1644588491968_3408l1"
                         BASELINE="926,274 972,270 1018,268 1064,268 1110,266 1156,266 1202,266 1248,266 1294,266 1340,267 1387,268 1433,268 1479,269 1525,270 1571,270 1617,270 1663,270 1709,269 1755,268 1801,267 1848,264"
                         HEIGHT="178"
                         WIDTH="953"
                         VPOS="175"
                         HPOS="911">
                  <String ID="string_region_1644588491968_3408l1"
                          HEIGHT="178"
                          WIDTH="953"
                          VPOS="175"
                          HPOS="911"
                          CONTENT="Lille de Lannoy de la vaiere"/>
               </TextLine>
               <TextLine ID="region_1644588491968_3408l2"
                         BASELINE="2608,292 2638,289 2668,286 2698,284 2728,284 2758,283 2788,282 2818,282 2848,282 2878,282 2909,282 2939,282 2969,282 2999,282 3029,282 3059,282 3089,281 3119,280 3149,279 3179,277 3210,274"
                         HEIGHT="164"
                         WIDTH="635"
                         VPOS="191"
                         HPOS="2592">
                  <String ID="string_region_1644588491968_3408l2"
                          HEIGHT="164"
                          WIDTH="635"
                          VPOS="191"
                          HPOS="2592"
                          CONTENT="Adij 28 mey 1737"/>
               </TextLine>
               <TextLine ID="region_1644588491968_3408l3"
                         BASELINE="1078,376 1182,377 1287,378 1392,378 1496,380 1601,381 1706,382 1810,383 1915,384 2020,384 2125,386 2229,386 2334,386 2439,388 2543,388 2648,388 2753,388 2857,388 2962,388 3067,388 3172,386"
                         HEIGHT="205"
                         WIDTH="2124"
                         VPOS="259"
                         HPOS="1062">
                  <String ID="string_region_1644588491968_3408l3"
                          HEIGHT="205"
                          WIDTH="2124"
                          VPOS="259"
                          HPOS="1062"
                          CONTENT="nous avons apporrs p la lhonneur de la vre du 18 courant avec un"/>
               </TextLine>
               <TextLine ID="region_1644588491968_3408l4"
                         BASELINE="1068,480 1174,480 1281,480 1387,480 1494,480 1601,480 1707,482 1814,482 1920,484 2027,486 2134,486 2240,488 2347,488 2453,490 2560,490 2667,490 2773,488 2880,488 2986,486 3093,482 3200,480"
                         HEIGHT="143"
                         WIDTH="2163"
                         VPOS="426"
                         HPOS="1054">
                  <String ID="string_region_1644588491968_3408l4"
                          HEIGHT="143"
                          WIDTH="2163"
                          VPOS="426"
                          HPOS="1054"
                          CONTENT="sensible depaisir la mort de mons. le privost de secliu vre frere, nous"/>
               </TextLine>
               <TextLine ID="region_1644588491968_3408l5"
                         BASELINE="1074,576 1150,578 1226,582 1302,584 1378,586 1454,586 1530,588 1606,588 1682,588 1758,588 1835,588 1911,588 1987,588 2063,588 2139,586 2215,586 2291,586 2367,586 2443,586 2519,586 2596,586"
                         HEIGHT="150"
                         WIDTH="1550"
                         VPOS="518"
                         HPOS="1060">
                  <String ID="string_region_1644588491968_3408l5"
                          HEIGHT="150"
                          WIDTH="1550"
                          VPOS="518"
                          HPOS="1060"
                          CONTENT="vous en fons nos compliments de condoleance &amp;"/>
               </TextLine>
               <TextLine ID="region_1644588491968_3408l6"
                         BASELINE="1068,690 1177,692 1286,696 1395,698 1504,700 1614,700 1723,702 1832,702 1941,702 2050,702 2160,700 2269,700 2378,698 2487,698 2596,696 2706,695 2815,694 2924,692 3033,692 3142,690 3252,690"
                         HEIGHT="152"
                         WIDTH="2218"
                         VPOS="588"
                         HPOS="1051">
                  <String ID="string_region_1644588491968_3408l6"
                          HEIGHT="152"
                          WIDTH="2218"
                          VPOS="588"
                          HPOS="1051"
                          CONTENT="quoy que vous ne faite au cune mention de mes deux lettres que ie "/>
               </TextLine>
               <TextLine ID="region_1644588491968_3408l7"
                         BASELINE="1060,796 1169,800 1279,804 1388,806 1498,808 1608,810 1717,810 1827,810 1936,810 2046,810 2156,808 2265,808 2375,806 2484,804 2594,802 2704,800 2813,798 2923,796 3032,794 3142,792 3252,790"
                         HEIGHT="185"
                         WIDTH="2223"
                         VPOS="697"
                         HPOS="1045">
                  <String ID="string_region_1644588491968_3408l7"
                          HEIGHT="185"
                          WIDTH="2223"
                          VPOS="697"
                          HPOS="1045"
                          CONTENT="me suis donne lhonneur de vous escrire le 24 &amp; 15 du passe, ie vois que"/>
               </TextLine>
               <TextLine ID="region_1644588491968_3408l8"
                         BASELINE="1078,898 1185,904 1292,908 1399,912 1507,914 1614,916 1721,918 1829,918 1936,918 2043,916 2151,916 2258,914 2365,912 2472,910 2580,908 2687,906 2794,904 2902,902 3009,900 3116,900 3224,900"
                         HEIGHT="176"
                         WIDTH="2175"
                         VPOS="805"
                         HPOS="1063">
                  <String ID="string_region_1644588491968_3408l8"
                          HEIGHT="176"
                          WIDTH="2175"
                          VPOS="805"
                          HPOS="1063"
                          CONTENT="la derniere vous est pervenue,  la lettre de mons: Brouos "/>
               </TextLine>
               <TextLine ID="region_1644588491968_3408l9"
                         BASELINE="1064,1008 1173,1014 1283,1018 1393,1020 1503,1022 1613,1024 1723,1024 1833,1024 1943,1022 2053,1022 2163,1020 2272,1018 2382,1016 2492,1015 2602,1014 2712,1012 2822,1012 2932,1012 3042,1014 3152,1015 3262,1018"
                         HEIGHT="187"
                         WIDTH="2226"
                         VPOS="917"
                         HPOS="1050">
                  <String ID="string_region_1644588491968_3408l9"
                          HEIGHT="187"
                          WIDTH="2226"
                          VPOS="917"
                          HPOS="1050"
                          CONTENT="du 22 courant qui me renvoye une quittance pour salde de compte avec"/>
               </TextLine>
               <TextLine ID="region_1644588491968_3408l10"
                         BASELINE="1072,1114 1179,1118 1287,1122 1394,1126 1502,1128 1609,1130 1717,1130 1824,1132 1932,1132 2039,1130 2147,1130 2254,1128 2362,1128 2469,1126 2577,1126 2684,1124 2792,1124 2899,1122 3007,1122 3114,1122 3222,1124"
                         HEIGHT="145"
                         WIDTH="2181"
                         VPOS="1013"
                         HPOS="1056">
                  <String ID="string_region_1644588491968_3408l10"
                          HEIGHT="145"
                          WIDTH="2181"
                          VPOS="1013"
                          HPOS="1056"
                          CONTENT="less. l Gouteux, en me marquant, que ces massis la trouvent en"/>
               </TextLine>
               <TextLine ID="region_1644588491968_3408l11"
                         BASELINE="1080,1224 1189,1230 1299,1236 1408,1240 1518,1243 1628,1244 1737,1246 1847,1246 1956,1246 2066,1246 2176,1244 2285,1242 2395,1242 2504,1240 2614,1238 2724,1238 2833,1236 2943,1236 3052,1236 3162,1238 3272,1240"
                         HEIGHT="145"
                         WIDTH="2223"
                         VPOS="1158"
                         HPOS="1065">
                  <String ID="string_region_1644588491968_3408l11"
                          HEIGHT="145"
                          WIDTH="2223"
                          VPOS="1158"
                          HPOS="1065"
                          CONTENT="regle, mais quils demandent, que vous en passions un ooire au dos"/>
               </TextLine>
               <TextLine ID="region_1644588491968_3408l12"
                         BASELINE="1068,1336 1173,1344 1278,1350 1383,1355 1488,1359 1594,1362 1699,1362 1804,1364 1909,1364 2014,1362 2120,1362 2225,1360 2330,1358 2435,1356 2540,1356 2646,1355 2751,1354 2856,1356 2961,1356 3066,1358 3172,1362"
                         HEIGHT="166"
                         WIDTH="2136"
                         VPOS="1239"
                         HPOS="1052">
                  <String ID="string_region_1644588491968_3408l12"
                          HEIGHT="166"
                          WIDTH="2136"
                          VPOS="1239"
                          HPOS="1052"
                          CONTENT="afin, quil puisse y mettre son aequit, ce que j'ay fait, &amp; envoyez"/>
               </TextLine>
               <TextLine ID="region_1644588491968_3408l13"
                         BASELINE="1060,1450 1169,1456 1278,1462 1387,1466 1496,1470 1606,1472 1715,1472 1824,1474 1933,1474 2042,1472 2152,1472 2261,1472 2370,1470 2479,1470 2588,1470 2698,1470 2807,1470 2916,1472 3025,1474 3134,1478 3244,1482"
                         HEIGHT="194"
                         WIDTH="2217"
                         VPOS="1357"
                         HPOS="1044">
                  <String ID="string_region_1644588491968_3408l13"
                          HEIGHT="194"
                          WIDTH="2217"
                          VPOS="1357"
                          HPOS="1044"
                          CONTENT="a mons. Coupens, pour estre signe aussij de luy plors que ie cauray"/>
               </TextLine>
               <TextLine ID="region_1644588491968_3408l14"
                         BASELINE="1064,1562 1175,1567 1287,1571 1398,1575 1510,1578 1621,1580 1733,1582 1844,1584 1956,1584 2067,1586 2179,1586 2290,1588 2402,1588 2513,1588 2625,1590 2736,1590 2848,1592 2959,1592 3071,1594 3182,1596 3294,1598"
                         HEIGHT="196"
                         WIDTH="2262"
                         VPOS="1462"
                         HPOS="1048">
                  <String ID="string_region_1644588491968_3408l14"
                          HEIGHT="196"
                          WIDTH="2262"
                          VPOS="1462"
                          HPOS="1048"
                          CONTENT="reccu, ie l'envoijeray advoitlere a mess. bronod &amp; fils predits vous priant"/>
               </TextLine>
               <TextLine ID="region_1644588491968_3408l15"
                         BASELINE="1064,1668 1167,1675 1270,1683 1373,1688 1476,1692 1579,1696 1682,1698 1785,1698 1888,1700 1991,1700 2094,1700 2197,1699 2300,1698 2403,1698 2506,1698 2609,1696 2712,1698 2815,1698 2918,1700 3021,1702 3124,1704"
                         HEIGHT="157"
                         WIDTH="2091"
                         VPOS="1578"
                         HPOS="1048">
                  <String ID="string_region_1644588491968_3408l15"
                          HEIGHT="157"
                          WIDTH="2091"
                          VPOS="1578"
                          HPOS="1048"
                          CONTENT="de me marquer, pour combien, ie vous en doit debster en compte"/>
               </TextLine>
               <TextLine ID="region_1644588491968_3408l16"
                         BASELINE="1072,1788 1182,1795 1293,1800 1404,1805 1515,1808 1626,1812 1736,1814 1847,1816 1958,1816 2069,1818 2180,1818 2290,1816 2401,1816 2512,1816 2623,1816 2734,1814 2844,1814 2955,1814 3066,1814 3177,1814 3288,1816"
                         HEIGHT="187"
                         WIDTH="2244"
                         VPOS="1707"
                         HPOS="1058">
                  <String ID="string_region_1644588491968_3408l16"
                          HEIGHT="187"
                          WIDTH="2244"
                          VPOS="1707"
                          HPOS="1058"
                          CONTENT="ie ne doute pat, que vous auray reccu le batistadre de feu mons. le "/>
               </TextLine>
               <TextLine ID="region_1644588491968_3408l17"
                         BASELINE="1072,1910 1180,1914 1288,1917 1396,1920 1504,1922 1613,1924 1721,1924 1829,1926 1937,1926 2045,1926 2154,1926 2262,1926 2370,1926 2478,1925 2586,1924 2695,1922 2803,1922 2911,1920 3019,1918 3127,1917 3236,1916"
                         HEIGHT="169"
                         WIDTH="2193"
                         VPOS="1839"
                         HPOS="1057">
                  <String ID="string_region_1644588491968_3408l17"
                          HEIGHT="169"
                          WIDTH="2193"
                          VPOS="1839"
                          HPOS="1057"
                          CONTENT="prevost que ie vous ay envoyez p le premiere, &amp; quil serat venue"/>
               </TextLine>
               <TextLine ID="region_1644588491968_3408l18"
                         BASELINE="1058,2016 1167,2020 1277,2024 1387,2027 1497,2030 1607,2030 1716,2032 1826,2032 1936,2034 2046,2034 2156,2032 2265,2032 2375,2032 2485,2030 2595,2030 2705,2028 2814,2027 2924,2026 3034,2024 3144,2024 3254,2022"
                         HEIGHT="149"
                         WIDTH="2226"
                         VPOS="1915"
                         HPOS="1043">
                  <String ID="string_region_1644588491968_3408l18"
                          HEIGHT="149"
                          WIDTH="2226"
                          VPOS="1915"
                          HPOS="1043"
                          CONTENT="en teies, pour vous en servier estant en tous occossions toes parfitt:"/>
               </TextLine>
               <TextLine ID="region_1644588491968_3408l19"
                         BASELINE="912,2154 1021,2158 1130,2162 1240,2164 1349,2166 1459,2168 1568,2168 1677,2168 1787,2168 1896,2166 2006,2166 2115,2164 2224,2164 2334,2162 2443,2160 2553,2160 2662,2158 2771,2158 2881,2158 2990,2158 3100,2160"
                         HEIGHT="207"
                         WIDTH="2221"
                         VPOS="2037"
                         HPOS="895">
                  <String ID="string_region_1644588491968_3408l19"
                          HEIGHT="207"
                          WIDTH="2221"
                          VPOS="2037"
                          HPOS="895"
                          CONTENT="stivelle Nicolas marcq marchand de pierel a feluy £ly 29 d"/>
               </TextLine>
               <TextLine ID="region_1644588491968_3408l20"
                         BASELINE="1078,2278 1135,2280 1193,2280 1251,2282 1308,2282 1366,2284 1424,2284 1481,2284 1539,2284 1597,2284 1655,2284 1712,2282 1770,2282 1828,2282 1885,2282 1943,2282 2001,2282 2058,2282 2116,2284 2174,2284 2232,2286"
                         HEIGHT="168"
                         WIDTH="1186"
                         VPOS="2187"
                         HPOS="1063">
                  <String ID="string_region_1644588491968_3408l20"
                          HEIGHT="168"
                          WIDTH="1186"
                          VPOS="2187"
                          HPOS="1063"
                          CONTENT="au petit cheval blanc a nivelle "/>
               </TextLine>
               <TextLine ID="region_1644588491968_3408l21"
                         BASELINE="1054,2400 1165,2406 1277,2410 1389,2412 1501,2415 1613,2416 1725,2416 1837,2416 1949,2416 2061,2414 2173,2412 2284,2410 2396,2408 2508,2407 2620,2404 2732,2403 2844,2402 2956,2400 3068,2400 3180,2400 3292,2400"
                         HEIGHT="166"
                         WIDTH="2269"
                         VPOS="2295"
                         HPOS="1040">
                  <String ID="string_region_1644588491968_3408l21"
                          HEIGHT="166"
                          WIDTH="2269"
                          VPOS="2295"
                          HPOS="1040"
                          CONTENT="J'ay receu les deux fables &amp; les deux piedestots, en son tems me marque"/>
               </TextLine>
               <TextLine ID="region_1644588491968_3408l22"
                         BASELINE="1062,2528 1173,2532 1285,2534 1397,2536 1509,2538 1621,2540 1732,2540 1844,2540 1956,2542 2068,2542 2180,2542 2291,2542 2403,2542 2515,2542 2627,2544 2739,2544 2850,2544 2962,2546 3074,2547 3186,2549 3298,2552"
                         HEIGHT="141"
                         WIDTH="2265"
                         VPOS="2430"
                         HPOS="1047">
                  <String ID="string_region_1644588491968_3408l22"
                          HEIGHT="141"
                          WIDTH="2265"
                          VPOS="2430"
                          HPOS="1047"
                          CONTENT="on ma dit que vous estiez passé p anvers pour la hollande ayant"/>
               </TextLine>
               <TextLine ID="region_1644588491968_3408l23"
                         BASELINE="1056,2638 1165,2645 1275,2650 1385,2655 1495,2658 1605,2662 1715,2664 1825,2666 1935,2666 2045,2668 2155,2668 2264,2668 2374,2668 2484,2668 2594,2668 2704,2668 2814,2666 2924,2666 3034,2666 3144,2666 3254,2668"
                         HEIGHT="179"
                         WIDTH="2230"
                         VPOS="2573"
                         HPOS="1041">
                  <String ID="string_region_1644588491968_3408l23"
                          HEIGHT="179"
                          WIDTH="2230"
                          VPOS="2573"
                          HPOS="1041"
                          CONTENT="este en attente de vous voire a vre retour pour vous payer, &amp; comme"/>
               </TextLine>
               <TextLine ID="region_1644588491968_3408l24"
                         BASELINE="1062,2774 1172,2776 1282,2780 1393,2782 1503,2784 1614,2785 1724,2786 1834,2788 1945,2790 2055,2790 2166,2791 2276,2792 2386,2792 2497,2794 2607,2794 2718,2795 2828,2796 2938,2798 3049,2798 3159,2800 3270,2802"
                         HEIGHT="188"
                         WIDTH="2239"
                         VPOS="2659"
                         HPOS="1047">
                  <String ID="string_region_1644588491968_3408l24"
                          HEIGHT="188"
                          WIDTH="2239"
                          VPOS="2659"
                          HPOS="1047"
                          CONTENT="ie n'apprend rien de vous ie vous prie de faire fellement que ie"/>
               </TextLine>
               <TextLine ID="region_1644588491968_3408l25"
                         BASELINE="1062,2904 1169,2906 1277,2908 1385,2910 1493,2912 1601,2914 1708,2916 1816,2916 1924,2918 2032,2919 2140,2920 2247,2922 2355,2922 2463,2922 2571,2924 2679,2924 2786,2924 2894,2926 3002,2926 3110,2926 3218,2928"
                         HEIGHT="233"
                         WIDTH="2187"
                         VPOS="2777"
                         HPOS="1047">
                  <String ID="string_region_1644588491968_3408l25"
                          HEIGHT="233"
                          WIDTH="2187"
                          VPOS="2777"
                          HPOS="1047"
                          CONTENT="sis quitte de ce que ie vous dois soit p assignation en comme"/>
               </TextLine>
               <TextLine ID="region_1644588491968_3408l26"
                         BASELINE="1034,3022 1081,3026 1128,3028 1175,3031 1223,3034 1270,3034 1317,3036 1365,3037 1412,3038 1459,3038 1507,3038 1554,3038 1601,3038 1648,3038 1696,3038 1743,3038 1790,3040 1838,3040 1885,3040 1932,3042 1980,3042"
                         HEIGHT="191"
                         WIDTH="975"
                         VPOS="2930"
                         HPOS="1020">
                  <String ID="string_region_1644588491968_3408l26"
                          HEIGHT="191"
                          WIDTH="975"
                          VPOS="2930"
                          HPOS="1020"
                          CONTENT="vous le trouveray convenir"/>
               </TextLine>
               <TextLine ID="region_1644588491968_3408l27"
                         BASELINE="1048,3150 1157,3154 1266,3156 1375,3158 1484,3160 1593,3162 1702,3162 1811,3162 1920,3162 2029,3162 2138,3160 2247,3160 2356,3158 2465,3158 2574,3156 2683,3156 2792,3154 2901,3154 3010,3154 3119,3154 3228,3156"
                         HEIGHT="220"
                         WIDTH="2208"
                         VPOS="3020"
                         HPOS="1034">
                  <String ID="string_region_1644588491968_3408l27"
                          HEIGHT="220"
                          WIDTH="2208"
                          VPOS="3020"
                          HPOS="1034"
                          CONTENT="mon neveu voudroit bien avoir aussij deux tables mais pas si "/>
               </TextLine>
               <TextLine ID="region_1644588491968_3408l28"
                         BASELINE="1034,3280 1142,3282 1250,3284 1358,3286 1466,3286 1574,3286 1682,3286 1790,3286 1898,3286 2006,3284 2115,3283 2223,3282 2331,3280 2439,3278 2547,3276 2655,3274 2763,3272 2871,3270 2979,3268 3087,3265 3196,3264"
                         HEIGHT="192"
                         WIDTH="2194"
                         VPOS="3165"
                         HPOS="1017">
                  <String ID="string_region_1644588491968_3408l28"
                          HEIGHT="192"
                          WIDTH="2194"
                          VPOS="3165"
                          HPOS="1017"
                          CONTENT="grand, ou dune autre fason, quaild vous viendray icy, ie vous"/>
               </TextLine>
               <TextLine ID="region_1644588491968_3408l29"
                         BASELINE="1028,3400 1100,3402 1172,3403 1245,3404 1317,3406 1390,3406 1462,3408 1534,3408 1607,3408 1679,3408 1752,3408 1824,3408 1896,3408 1969,3408 2041,3406 2114,3406 2186,3404 2258,3404 2331,3402 2403,3402 2476,3400"
                         HEIGHT="190"
                         WIDTH="1478"
                         VPOS="3299"
                         HPOS="1012">
                  <String ID="string_region_1644588491968_3408l29"
                          HEIGHT="190"
                          WIDTH="1478"
                          VPOS="3299"
                          HPOS="1012"
                          CONTENT="prie de venir chez moy, pour en parler"/>
               </TextLine>
               <TextLine ID="region_1644588491968_3408l30"
                         BASELINE="1046,3522 1156,3524 1266,3527 1377,3530 1487,3530 1598,3530 1708,3530 1818,3530 1929,3528 2039,3526 2150,3524 2260,3522 2370,3520 2481,3518 2591,3516 2702,3514 2812,3512 2922,3510 3033,3508 3143,3508 3254,3508"
                         HEIGHT="227"
                         WIDTH="2239"
                         VPOS="3376"
                         HPOS="1030">
                  <String ID="string_region_1644588491968_3408l30"
                          HEIGHT="227"
                          WIDTH="2239"
                          VPOS="3376"
                          HPOS="1030"
                          CONTENT="J'ay besoing une piece de piere bleuse, de la Congeur de 15 piecs"/>
               </TextLine>
               <TextLine ID="region_1644588491968_3408l31"
                         BASELINE="978,3660 1093,3658 1208,3658 1323,3658 1438,3658 1553,3656 1668,3656 1783,3654 1898,3654 2013,3653 2128,3652 2243,3652 2358,3650 2473,3648 2588,3648 2703,3646 2818,3644 2933,3644 3048,3642 3163,3640 3278,3638"
                         HEIGHT="183"
                         WIDTH="2333"
                         VPOS="3515"
                         HPOS="961">
                  <String ID="string_region_1644588491968_3408l31"
                          HEIGHT="183"
                          WIDTH="2333"
                          VPOS="3515"
                          HPOS="961"
                          CONTENT="&amp;de 15 pouses de larqeur, unie on pollisse comme les tables &amp; e"/>
               </TextLine>
               <TextLine ID="region_1644588491968_3408l32"
                         BASELINE="992,3778 1105,3778 1218,3778 1332,3776 1445,3776 1559,3776 1672,3776 1785,3776 1899,3778 2012,3778 2126,3778 2239,3778 2352,3778 2466,3776 2579,3776 2693,3775 2806,3774 2919,3772 3033,3770 3146,3768 3260,3764"
                         HEIGHT="131"
                         WIDTH="2299"
                         VPOS="3698"
                         HPOS="975">
                  <String ID="string_region_1644588491968_3408l32"
                          HEIGHT="131"
                          WIDTH="2299"
                          VPOS="3698"
                          HPOS="975"
                          CONTENT="de la pesseur de deux a 3 poures, plus mente quelle sera mieu"/>
               </TextLine>
               <TextLine ID="region_1644588491968_3408l33"
                         BASELINE="1030,3888 1140,3890 1251,3892 1361,3894 1472,3896 1583,3896 1693,3898 1804,3898 1914,3900 2025,3900 2136,3902 2246,3902 2357,3902 2467,3902 2578,3902 2689,3902 2799,3900 2910,3900 3020,3898 3131,3896 3242,3894"
                         HEIGHT="172"
                         WIDTH="2241"
                         VPOS="3790"
                         HPOS="1015">
                  <String ID="string_region_1644588491968_3408l33"
                          HEIGHT="172"
                          WIDTH="2241"
                          VPOS="3790"
                          HPOS="1015"
                          CONTENT="serat il, elle pourroit estre de deux pieces chacque de EL pred"/>
               </TextLine>
               <TextLine ID="region_1644588491968_3408l34"
                         BASELINE="1038,4008 1150,4010 1262,4012 1375,4014 1487,4016 1600,4016 1712,4018 1824,4020 1937,4022 2049,4022 2162,4024 2274,4026 2386,4026 2499,4026 2611,4028 2724,4028 2836,4028 2948,4028 3061,4028 3173,4028 3286,4026"
                         HEIGHT="152"
                         WIDTH="2279"
                         VPOS="3915"
                         HPOS="1022">
                  <String ID="string_region_1644588491968_3408l34"
                          HEIGHT="152"
                          WIDTH="2279"
                          VPOS="3915"
                          HPOS="1022"
                          CONTENT="il doit servir pour l'escurie, dans le fors de la sable pour doner"/>
               </TextLine>
               <TextLine ID="region_1644588491968_3408l35"
                         BASELINE="1034,4128 1141,4130 1248,4132 1355,4134 1462,4136 1569,4138 1676,4140 1783,4140 1890,4142 1997,4142 2105,4144 2212,4144 2319,4144 2426,4146 2533,4146 2640,4146 2747,4147 2854,4148 2961,4148 3068,4150 3176,4150"
                         HEIGHT="169"
                         WIDTH="2172"
                         VPOS="4018"
                         HPOS="1020">
                  <String ID="string_region_1644588491968_3408l35"
                          HEIGHT="169"
                          WIDTH="2172"
                          VPOS="4018"
                          HPOS="1020"
                          CONTENT="a manqer au shevaux, ie crois que vous pouvez comprendre"/>
               </TextLine>
               <TextLine ID="region_1644588491968_3408l36"
                         BASELINE="1052,4254 1162,4256 1272,4258 1383,4260 1493,4262 1604,4262 1714,4262 1824,4262 1935,4262 2045,4262 2156,4260 2266,4260 2376,4260 2487,4260 2597,4262 2708,4262 2818,4264 2928,4267 3039,4270 3149,4275 3260,4280"
                         HEIGHT="130"
                         WIDTH="2238"
                         VPOS="4170"
                         HPOS="1036">
                  <String ID="string_region_1644588491968_3408l36"
                          HEIGHT="130"
                          WIDTH="2238"
                          VPOS="4170"
                          HPOS="1036"
                          CONTENT="ce que c'est, ie vous prie de me l'envoyyer au pelus it possible"/>
               </TextLine>
               <TextLine ID="region_1644588491968_3408l37"
                         BASELINE="1058,4378 1103,4378 1149,4376 1195,4376 1241,4376 1287,4376 1332,4376 1378,4376 1424,4376 1470,4376 1516,4378 1561,4378 1607,4378 1653,4378 1699,4378 1745,4378 1790,4378 1836,4378 1882,4378 1928,4378 1974,4376"
                         HEIGHT="198"
                         WIDTH="944"
                         VPOS="4250"
                         HPOS="1044">
                  <String ID="string_region_1644588491968_3408l37"
                          HEIGHT="198"
                          WIDTH="944"
                          VPOS="4250"
                          HPOS="1044"
                          CONTENT="&amp; En lattendant ie suis"/>
               </TextLine>
            </TextBlock>
            <TextBlock ID="region_1644588494560_3411"
                       HEIGHT="4114"
                       WIDTH="2541"
                       VPOS="135"
                       HPOS="3399">
               <Shape>
                  <Polygon POINTS="3399,135 5940,135 5940,4249 3399,4249"/>
               </Shape>
               <TextLine ID="region_1644588494560_3411l1"
                         BASELINE="5260,276 5293,278 5326,280 5359,282 5392,284 5426,285 5459,286 5492,286 5525,288 5558,289 5592,290 5625,290 5658,290 5691,291 5724,292 5758,292 5791,292 5824,291 5857,290 5890,290 5924,288"
                         HEIGHT="161"
                         WIDTH="700"
                         VPOS="204"
                         HPOS="5242">
                  <String ID="string_region_1644588494560_3411l1"
                          HEIGHT="161"
                          WIDTH="700"
                          VPOS="204"
                          HPOS="5242"
                          CONTENT="Ady 29 maij 1727 a3"/>
               </TextLine>
               <TextLine ID="region_1644588494560_3411l2"
                         BASELINE="3450,304 3524,302 3599,298 3673,297 3748,296 3823,294 3897,293 3972,292 4046,292 4121,292 4196,290 4270,290 4345,290 4419,290 4494,290 4569,292 4643,292 4718,292 4792,292 4867,292 4942,292"
                         HEIGHT="164"
                         WIDTH="1524"
                         VPOS="216"
                         HPOS="3434">
                  <String ID="string_region_1644588494560_3411l2"
                          HEIGHT="164"
                          WIDTH="1524"
                          VPOS="216"
                          HPOS="3434"
                          CONTENT="Larys Mess. Bronod &amp; fils rue Jean Robert prez de"/>
               </TextLine>
               <TextLine ID="region_1644588494560_3411l3"
                         BASELINE="3512,388 3548,386 3584,386 3620,385 3656,384 3692,384 3728,384 3764,384 3800,384 3836,384 3872,384 3908,384 3944,384 3980,382 4016,382 4052,382 4088,382 4124,380 4160,380 4196,378 4232,376"
                         HEIGHT="177"
                         WIDTH="752"
                         VPOS="285"
                         HPOS="3496">
                  <String ID="string_region_1644588494560_3411l3"
                          HEIGHT="177"
                          WIDTH="752"
                          VPOS="285"
                          HPOS="3496"
                          CONTENT="M: Nicolas des Champs"/>
               </TextLine>
               <TextLine ID="region_1644588494560_3411l4"
                         BASELINE="3522,488 3642,484 3762,482 3882,480 4002,478 4123,478 4243,478 4363,478 4483,478 4603,478 4724,478 4844,480 4964,480 5084,482 5204,482 5325,484 5445,484 5565,484 5685,484 5805,484 5926,484"
                         HEIGHT="188"
                         WIDTH="2434"
                         VPOS="328"
                         HPOS="3507">
                  <String ID="string_region_1644588494560_3411l4"
                          HEIGHT="188"
                          WIDTH="2434"
                          VPOS="328"
                          HPOS="3507"
                          CONTENT="J'ay receu en son tans les deux lettres que vous m'avez fait l'honneur de m'escrire"/>
               </TextLine>
               <TextLine ID="region_1644588494560_3411l5"
                         BASELINE="3522,584 3640,581 3759,578 3877,578 3996,576 4115,574 4233,574 4352,574 4470,574 4589,574 4708,574 4826,574 4945,574 5063,574 5182,576 5301,576 5419,576 5538,576 5656,576 5775,576 5894,574"
                         HEIGHT="156"
                         WIDTH="2404"
                         VPOS="496"
                         HPOS="3506">
                  <String ID="string_region_1644588494560_3411l5"
                          HEIGHT="156"
                          WIDTH="2404"
                          VPOS="496"
                          HPOS="3506"
                          CONTENT="le 15 fevrier &amp; 22 du courant, p la premiere avis, de la reception de mes trois"/>
               </TextLine>
               <TextLine ID="region_1644588494560_3411l6"
                         BASELINE="3530,678 3647,678 3764,676 3881,676 3998,674 4115,674 4232,674 4349,672 4466,672 4583,672 4700,672 4817,672 4934,674 5051,674 5168,674 5285,676 5402,676 5519,678 5636,680 5753,680 5870,682"
                         HEIGHT="165"
                         WIDTH="2368"
                         VPOS="593"
                         HPOS="3516">
                  <String ID="string_region_1644588494560_3411l6"
                          HEIGHT="165"
                          WIDTH="2368"
                          VPOS="593"
                          HPOS="3516"
                          CONTENT="lettres de change vous envoyez pour compte de mons: de Lannoy de Lille "/>
               </TextLine>
               <TextLine ID="region_1644588494560_3411l7"
                         BASELINE="3526,786 3645,784 3765,782 3884,780 4004,779 4123,778 4243,776 4362,776 4482,776 4601,776 4721,776 4840,776 4960,776 5079,776 5199,778 5318,778 5438,780 5557,782 5677,784 5796,786 5916,788"
                         HEIGHT="143"
                         WIDTH="2422"
                         VPOS="702"
                         HPOS="3510">
                  <String ID="string_region_1644588494560_3411l7"
                          HEIGHT="143"
                          WIDTH="2422"
                          VPOS="702"
                          HPOS="3510"
                          CONTENT="la derniere vre quittance de 67.4 pour solde de compte avec m. le gouteux"/>
               </TextLine>
               <TextLine ID="region_1644588494560_3411l8"
                         BASELINE="3536,876 3654,876 3772,874 3891,874 4009,874 4128,874 4246,874 4364,874 4483,874 4601,874 4720,876 4838,876 4956,876 5075,878 5193,878 5312,878 5430,878 5548,878 5667,878 5785,878 5904,878"
                         HEIGHT="169"
                         WIDTH="2398"
                         VPOS="785"
                         HPOS="3521">
                  <String ID="string_region_1644588494560_3411l8"
                          HEIGHT="169"
                          WIDTH="2398"
                          VPOS="785"
                          HPOS="3521"
                          CONTENT="que mons: de lannoy vous avoit adresse, pour recevoir de retour, ainant les"/>
               </TextLine>
               <TextLine ID="region_1644588494560_3411l9"
                         BASELINE="3536,968 3655,968 3774,968 3894,970 4013,970 4133,971 4252,972 4371,972 4491,974 4610,974 4730,976 4849,976 4968,978 5088,978 5207,980 5327,980 5446,982 5565,982 5685,984 5804,986 5924,988"
                         HEIGHT="174"
                         WIDTH="2420"
                         VPOS="869"
                         HPOS="3521">
                  <String ID="string_region_1644588494560_3411l9"
                          HEIGHT="174"
                          WIDTH="2420"
                          VPOS="869"
                          HPOS="3521"
                          CONTENT="dits S que ons en passions une ordre au dos afin que vous puissiez mettre"/>
               </TextLine>
               <TextLine ID="region_1644588494560_3411l10"
                         BASELINE="3516,1070 3633,1070 3750,1072 3867,1072 3984,1072 4101,1074 4218,1074 4335,1074 4452,1076 4569,1076 4686,1078 4803,1078 4920,1080 5037,1080 5154,1082 5271,1082 5388,1084 5505,1086 5622,1087 5739,1088 5856,1090"
                         HEIGHT="184"
                         WIDTH="2368"
                         VPOS="968"
                         HPOS="3502">
                  <String ID="string_region_1644588494560_3411l10"
                          HEIGHT="184"
                          WIDTH="2368"
                          VPOS="968"
                          HPOS="3502"
                          CONTENT="vre acquit, ce qui est execute, que piend la liberte, de vous la renvoyer "/>
               </TextLine>
               <TextLine ID="region_1644588494560_3411l11"
                         BASELINE="3518,1168 3636,1170 3755,1170 3873,1172 3992,1174 4110,1174 4229,1176 4347,1176 4466,1178 4584,1180 4703,1180 4821,1182 4940,1184 5058,1184 5177,1186 5295,1188 5414,1188 5532,1190 5651,1192 5769,1192 5888,1194"
                         HEIGHT="178"
                         WIDTH="2402"
                         VPOS="1090"
                         HPOS="3501">
                  <String ID="string_region_1644588494560_3411l11"
                          HEIGHT="178"
                          WIDTH="2402"
                          VPOS="1090"
                          HPOS="3501"
                          CONTENT="cy joint vous priant de le faire recevoir, &amp; le passer en compte du predit"/>
               </TextLine>
               <TextLine ID="region_1644588494560_3411l12"
                         BASELINE="3522,1270 3638,1272 3755,1272 3871,1272 3988,1274 4104,1276 4221,1278 4337,1279 4454,1280 4570,1283 4687,1286 4803,1288 4920,1288 5036,1290 5153,1292 5269,1294 5386,1296 5502,1296 5619,1298 5735,1298 5852,1298"
                         HEIGHT="137"
                         WIDTH="2363"
                         VPOS="1187"
                         HPOS="3505">
                  <String ID="string_region_1644588494560_3411l12"
                          HEIGHT="137"
                          WIDTH="2363"
                          VPOS="1187"
                          HPOS="3505"
                          CONTENT="&amp; de lannoy, vous m'obligeray insinement, &amp; ou ie vous puis estre ntil"/>
               </TextLine>
               <TextLine ID="region_1644588494560_3411l13"
                         BASELINE="3524,1372 3627,1372 3730,1374 3834,1376 3937,1378 4041,1378 4144,1380 4247,1382 4351,1384 4454,1386 4558,1386 4661,1388 4764,1390 4868,1390 4971,1392 5075,1392 5178,1392 5281,1392 5385,1392 5488,1390 5592,1390"
                         HEIGHT="191"
                         WIDTH="2100"
                         VPOS="1275"
                         HPOS="3508">
                  <String ID="string_region_1644588494560_3411l13"
                          HEIGHT="191"
                          WIDTH="2100"
                          VPOS="1275"
                          HPOS="3508"
                          CONTENT="dans nos quartiers, commandez celuy qui a l'honneur d'estre"/>
               </TextLine>
               <TextLine ID="region_1644588494560_3411l14"
                         BASELINE="5314,1506 5339,1504 5365,1502 5391,1501 5417,1500 5442,1500 5468,1500 5494,1500 5520,1500 5546,1500 5571,1500 5597,1502 5623,1502 5649,1502 5674,1502 5700,1502 5726,1502 5752,1502 5778,1500"
                         HEIGHT="199"
                         WIDTH="495"
                         VPOS="1384"
                         HPOS="5297">
                  <String ID="string_region_1644588494560_3411l14"
                          HEIGHT="199"
                          WIDTH="495"
                          VPOS="1384"
                          HPOS="5297"
                          CONTENT="Adij 9 Juny"/>
               </TextLine>
               <TextLine ID="region_1644588494560_3411l15"
                         BASELINE="3430,1526 3504,1524 3578,1522 3652,1522 3726,1520 3801,1520 3875,1522 3949,1522 4023,1524 4097,1524 4172,1526 4246,1528 4320,1530 4394,1530 4468,1532 4543,1532 4617,1532 4691,1532 4765,1532 4839,1532 4914,1530"
                         HEIGHT="193"
                         WIDTH="1516"
                         VPOS="1398"
                         HPOS="3415">
                  <String ID="string_region_1644588494560_3411l15"
                          HEIGHT="193"
                          WIDTH="1516"
                          VPOS="1398"
                          HPOS="3415"
                          CONTENT="Brussel den heere advocaet van der voorst"/>
               </TextLine>
               <TextLine ID="region_1644588494560_3411l16"
                         BASELINE="3514,1644 3631,1642 3748,1642 3865,1642 3982,1642 4099,1642 4216,1642 4333,1642 4450,1644 4567,1644 4685,1646 4802,1646 4919,1648 5036,1649 5153,1650 5270,1650 5387,1652 5504,1652 5621,1652 5738,1652 5856,1650"
                         HEIGHT="147"
                         WIDTH="2371"
                         VPOS="1564"
                         HPOS="3499">
                  <String ID="string_region_1644588494560_3411l16"
                          HEIGHT="147"
                          WIDTH="2371"
                          VPOS="1564"
                          HPOS="3499"
                          CONTENT="bevinde mij gedaeght door  u ignatius de syis roy ende"/>
               </TextLine>
               <TextLine ID="region_1644588494560_3411l17"
                         BASELINE="3522,1758 3640,1754 3759,1750 3878,1748 3997,1746 4116,1746 4234,1746 4353,1748 4472,1749 4591,1752 4710,1754 4828,1756 4947,1760 5066,1762 5185,1766 5304,1768 5422,1770 5541,1772 5660,1774 5779,1776 5898,1776"
                         HEIGHT="184"
                         WIDTH="2408"
                         VPOS="1641"
                         HPOS="3506">
                  <String ID="string_region_1644588494560_3411l17"
                          HEIGHT="184"
                          WIDTH="2408"
                          VPOS="1641"
                          HPOS="3506"
                          CONTENT="heront d'armes in den souverjnendraede van bontant overt sitten"/>
               </TextLine>
               <TextLine ID="region_1644588494560_3411l18"
                         BASELINE="3508,1862 3628,1858 3748,1855 3868,1852 3988,1852 4108,1852 4228,1852 4348,1854 4468,1856 4588,1858 4708,1862 4828,1864 4948,1868 5068,1872 5188,1874 5308,1878 5428,1880 5548,1882 5668,1884 5788,1885 5908,1886"
                         HEIGHT="212"
                         WIDTH="2429"
                         VPOS="1757"
                         HPOS="3494">
                  <String ID="string_region_1644588494560_3411l18"
                          HEIGHT="212"
                          WIDTH="2429"
                          VPOS="1757"
                          HPOS="3494"
                          CONTENT="van den heere in de sivisie van mijne heerly escheydt van swijedrecht"/>
               </TextLine>
               <TextLine ID="region_1644588494560_3411l19"
                         BASELINE="3516,1968 3632,1967 3748,1966 3864,1966 3980,1968 4096,1968 4212,1970 4328,1970 4444,1972 4560,1975 4676,1978 4792,1980 4908,1982 5024,1985 5140,1988 5256,1990 5372,1992 5488,1996 5604,1998 5720,2000 5836,2002"
                         HEIGHT="174"
                         WIDTH="2351"
                         VPOS="1873"
                         HPOS="3502">
                  <String ID="string_region_1644588494560_3411l19"
                          HEIGHT="174"
                          WIDTH="2351"
                          VPOS="1873"
                          HPOS="3502"
                          CONTENT="welcke sake genoodtsaeckt sal sijn te deffendenen tit de decissie"/>
               </TextLine>
               <TextLine ID="region_1644588494560_3411l20"
                         BASELINE="3496,2082 3612,2082 3728,2082 3844,2082 3960,2082 4076,2084 4192,2084 4308,2086 4424,2088 4540,2090 4656,2092 4772,2094 4888,2096 5004,2098 5120,2100 5236,2103 5352,2105 5468,2107 5584,2109 5700,2112 5816,2112"
                         HEIGHT="194"
                         WIDTH="2355"
                         VPOS="1998"
                         HPOS="3479">
                  <String ID="string_region_1644588494560_3411l20"
                          HEIGHT="194"
                          WIDTH="2355"
                          VPOS="1998"
                          HPOS="3479"
                          CONTENT="&amp; alsoo mijn heer us: broeder mij geseyt heeft dat ue: naer spaa"/>
               </TextLine>
               <TextLine ID="region_1644588494560_3411l21"
                         BASELINE="3520,2190 3638,2190 3756,2192 3874,2194 3992,2196 4110,2198 4228,2200 4346,2202 4464,2205 4582,2208 4700,2210 4818,2212 4936,2214 5054,2217 5172,2219 5290,2220 5408,2222 5526,2222 5644,2222 5762,2222 5880,2220"
                         HEIGHT="208"
                         WIDTH="2390"
                         VPOS="2072"
                         HPOS="3505">
                  <String ID="string_region_1644588494560_3411l21"
                          HEIGHT="208"
                          WIDTH="2390"
                          VPOS="2072"
                          HPOS="3505"
                          CONTENT="stont te vertrecken, soo neme de libertijdt teen p desen ue te"/>
               </TextLine>
               <TextLine ID="region_1644588494560_3411l22"
                         BASELINE="3520,2306 3628,2306 3737,2306 3845,2306 3954,2308 4063,2310 4171,2312 4280,2314 4388,2317 4497,2320 4606,2322 4714,2325 4823,2328 4931,2331 5040,2334 5149,2336 5257,2338 5366,2340 5474,2342 5583,2344 5692,2346"
                         HEIGHT="217"
                         WIDTH="2203"
                         VPOS="2187"
                         HPOS="3505">
                  <String ID="string_region_1644588494560_3411l22"
                          HEIGHT="217"
                          WIDTH="2203"
                          VPOS="2187"
                          HPOS="3505"
                          CONTENT="versoecken van mij te lleeten weeten, ofte ue mij hier inne"/>
               </TextLine>
               <TextLine ID="region_1644588494560_3411l23"
                         BASELINE="3520,2418 3640,2420 3761,2422 3881,2424 4002,2426 4123,2428 4243,2430 4364,2432 4484,2435 4605,2438 4726,2441 4846,2444 4967,2447 5087,2450 5208,2454 5329,2458 5449,2462 5570,2466 5690,2472 5811,2477 5932,2482"
                         HEIGHT="233"
                         WIDTH="2444"
                         VPOS="2308"
                         HPOS="3504">
                  <String ID="string_region_1644588494560_3411l23"
                          HEIGHT="233"
                          WIDTH="2444"
                          VPOS="2308"
                          HPOS="3504"
                          CONTENT="sehulpsaen soude connen wesen, &amp; van enen procureur te nomeee"/>
               </TextLine>
               <TextLine ID="region_1644588494560_3411l24"
                         BASELINE="3512,2538 3570,2536 3628,2536 3686,2534 3744,2534 3802,2534 3860,2534 3918,2534 3976,2534 4034,2536 4092,2536 4150,2536 4208,2538 4266,2540 4324,2542 4382,2543 4440,2546 4498,2548 4556,2550 4614,2554 4672,2558"
                         HEIGHT="198"
                         WIDTH="1193"
                         VPOS="2420"
                         HPOS="3496">
                  <String ID="string_region_1644588494560_3411l24"
                          HEIGHT="198"
                          WIDTH="1193"
                          VPOS="2420"
                          HPOS="3496"
                          CONTENT="die daer toe den besten oordeelt."/>
               </TextLine>
               <TextLine ID="region_1644588494560_3411l25"
                         BASELINE="3496,2648 3613,2648 3730,2650 3848,2652 3965,2652 4083,2654 4200,2656 4317,2657 4435,2658 4552,2660 4670,2662 4787,2664 4904,2668 5022,2670 5139,2673 5257,2676 5374,2680 5491,2683 5609,2688 5726,2692 5844,2696"
                         HEIGHT="164"
                         WIDTH="2382"
                         VPOS="2553"
                         HPOS="3479">
                  <String ID="string_region_1644588494560_3411l25"
                          HEIGHT="164"
                          WIDTH="2382"
                          VPOS="2553"
                          HPOS="3479"
                          CONTENT="D advocaet mertens, heeft het request om de antwoorde op te"/>
               </TextLine>
               <TextLine ID="region_1644588494560_3411l26"
                         BASELINE="3506,2762 3624,2764 3743,2765 3862,2766 3981,2768 4100,2770 4219,2772 4338,2772 4457,2774 4576,2776 4695,2779 4813,2782 4932,2784 5051,2788 5170,2790 5289,2794 5408,2798 5527,2802 5646,2804 5765,2809 5884,2814"
                         HEIGHT="195"
                         WIDTH="2412"
                         VPOS="2668"
                         HPOS="3488">
                  <String ID="string_region_1644588494560_3411l26"
                          HEIGHT="195"
                          WIDTH="2412"
                          VPOS="2668"
                          HPOS="3488"
                          CONTENT="stellen, on by tijde, an ul: ofte jen procureur toe te senden lyie"/>
               </TextLine>
               <TextLine ID="region_1644588494560_3411l27"
                         BASELINE="3496,2882 3615,2882 3734,2884 3853,2884 3972,2886 4091,2888 4210,2892 4329,2894 4448,2896 4567,2900 4686,2902 4805,2906 4924,2908 5043,2912 5162,2915 5281,2918 5400,2922 5519,2925 5638,2928 5757,2932 5876,2936"
                         HEIGHT="174"
                         WIDTH="2411"
                         VPOS="2806"
                         HPOS="3482">
                  <String ID="string_region_1644588494560_3411l27"
                          HEIGHT="174"
                          WIDTH="2411"
                          VPOS="2806"
                          HPOS="3482"
                          CONTENT="de eerste comuucatie an my gedaen op 6 deser versoeckende "/>
               </TextLine>
               <TextLine ID="region_1644588494560_3411l28"
                         BASELINE="3502,3002 3601,3004 3701,3005 3800,3007 3900,3010 3999,3012 4099,3014 4198,3017 4298,3020 4397,3022 4497,3024 4596,3028 4696,3030 4795,3034 4895,3036 4994,3038 5094,3042 5193,3044 5293,3046 5392,3048 5492,3050"
                         HEIGHT="166"
                         WIDTH="2024"
                         VPOS="2956"
                         HPOS="3485">
                  <String ID="string_region_1644588494560_3411l28"
                          HEIGHT="166"
                          WIDTH="2024"
                          VPOS="2956"
                          HPOS="3485"
                          CONTENT="d'eere ven ue antwooodt blijve net vel respeef"/>
               </TextLine>
               <TextLine ID="region_1644588494560_3411l29"
                         BASELINE="3406,3114 3440,3115 3474,3116 3509,3118 3543,3120 3578,3120 3612,3122 3646,3124 3681,3124 3715,3126 3750,3126 3784,3128 3818,3128 3853,3128 3887,3130 3922,3130 3956,3130 3990,3130 4025,3132 4059,3132 4094,3132"
                         HEIGHT="150"
                         WIDTH="721"
                         VPOS="3034"
                         HPOS="3391">
                  <String ID="string_region_1644588494560_3411l29"
                          HEIGHT="150"
                          WIDTH="721"
                          VPOS="3034"
                          HPOS="3391"
                          CONTENT="Naciloos Michiel Coots"/>
               </TextLine>
               <TextLine ID="region_1644588494560_3411l30"
                         BASELINE="5202,3160 5233,3161 5265,3162 5296,3163 5328,3164 5359,3164 5391,3164 5422,3164 5454,3164 5485,3164 5517,3164 5548,3163 5580,3162 5611,3162 5643,3162 5674,3162 5706,3162 5737,3162 5769,3162 5800,3162 5832,3162"
                         HEIGHT="197"
                         WIDTH="661"
                         VPOS="3038"
                         HPOS="5186">
                  <String ID="string_region_1644588494560_3411l30"
                          HEIGHT="197"
                          WIDTH="661"
                          VPOS="3038"
                          HPOS="5186"
                          CONTENT="Ady 21 Juny 1733"/>
               </TextLine>
               <TextLine ID="region_1644588494560_3411l31"
                         BASELINE="3502,3224 3621,3224 3740,3226 3859,3228 3978,3230 4098,3233 4217,3236 4336,3240 4455,3244 4574,3248 4694,3254 4813,3257 4932,3262 5051,3265 5170,3269 5290,3272 5409,3274 5528,3276 5647,3278 5766,3278 5886,3278"
                         HEIGHT="227"
                         WIDTH="2417"
                         VPOS="3130"
                         HPOS="3486">
                  <String ID="string_region_1644588494560_3411l31"
                          HEIGHT="227"
                          WIDTH="2417"
                          VPOS="3130"
                          HPOS="3486"
                          CONTENT="sedert 21 meij 36 hebbe sann ue niets vernomen, twijfele niet, oft ue weet"/>
               </TextLine>
               <TextLine ID="region_1644588494560_3411l32"
                         BASELINE="3522,3328 3639,3328 3757,3328 3875,3330 3993,3333 4111,3336 4228,3340 4346,3344 4464,3350 4582,3355 4700,3360 4817,3364 4935,3370 5053,3376 5171,3380 5289,3385 5406,3388 5524,3392 5642,3394 5760,3396 5878,3396"
                         HEIGHT="217"
                         WIDTH="2389"
                         VPOS="3257"
                         HPOS="3506">
                  <String ID="string_region_1644588494560_3411l32"
                          HEIGHT="217"
                          WIDTH="2389"
                          VPOS="3257"
                          HPOS="3506"
                          CONTENT="wel, dat de rente die tot ice laste ben hebbende, croiseert ten penninck 1s"/>
               </TextLine>
               <TextLine ID="region_1644588494560_3411l33"
                         BASELINE="3508,3434 3626,3436 3744,3436 3862,3440 3980,3442 4098,3446 4216,3450 4334,3454 4452,3458 4570,3464 4689,3468 4807,3474 4925,3480 5043,3484 5161,3490 5279,3494 5397,3498 5515,3502 5633,3504 5751,3506 5870,3508"
                         HEIGHT="237"
                         WIDTH="2399"
                         VPOS="3341"
                         HPOS="3489">
                  <String ID="string_region_1644588494560_3411l33"
                          HEIGHT="237"
                          WIDTH="2399"
                          VPOS="3341"
                          HPOS="3489"
                          CONTENT="&amp; alsoo ue geene verschene croisen comt betalen, soo vinde, dat den"/>
               </TextLine>
               <TextLine ID="region_1644588494560_3411l34"
                         BASELINE="3506,3544 3623,3544 3741,3546 3859,3549 3977,3552 4095,3556 4213,3559 4331,3563 4449,3568 4567,3573 4685,3578 4802,3584 4920,3588 5038,3593 5156,3599 5274,3602 5392,3608 5510,3612 5628,3616 5746,3618 5864,3622"
                         HEIGHT="209"
                         WIDTH="2391"
                         VPOS="3459"
                         HPOS="3490">
                  <String ID="string_region_1644588494560_3411l34"
                          HEIGHT="209"
                          WIDTH="2391"
                          VPOS="3459"
                          HPOS="3490"
                          CONTENT="noegh van juttitie sal moeten in gant, dogh voor en al eer soo wille"/>
               </TextLine>
               <TextLine ID="region_1644588494560_3411l35"
                         BASELINE="3538,3664 3650,3664 3763,3664 3876,3664 3989,3666 4102,3670 4214,3672 4327,3676 4440,3680 4553,3684 4666,3690 4778,3694 4891,3699 5004,3704 5117,3710 5230,3714 5342,3719 5455,3724 5568,3729 5681,3732 5794,3736"
                         HEIGHT="231"
                         WIDTH="2288"
                         VPOS="3568"
                         HPOS="3521">
                  <String ID="string_region_1644588494560_3411l35"
                          HEIGHT="231"
                          WIDTH="2288"
                          VPOS="3568"
                          HPOS="3521"
                          CONTENT="&amp; bij desen noch wel comen vermanen, : ick naer te reguleren"/>
               </TextLine>
               <TextLine ID="region_1644588494560_3411l36"
                         BASELINE="3476,3780 3595,3778 3714,3778 3833,3779 3953,3780 4072,3783 4191,3786 4311,3790 4430,3792 4549,3796 4669,3802 4788,3806 4907,3811 5026,3816 5146,3822 5265,3826 5384,3830 5504,3834 5623,3838 5742,3842 5862,3844"
                         HEIGHT="182"
                         WIDTH="2417"
                         VPOS="3720"
                         HPOS="3461">
                  <String ID="string_region_1644588494560_3411l36"
                          HEIGHT="182"
                          WIDTH="2417"
                          VPOS="3720"
                          HPOS="3461"
                          CONTENT="&amp;m gevalle binnen de vierthien dagen, mij niet somt satisfactie geven"/>
               </TextLine>
               <TextLine ID="region_1644588494560_3411l37"
                         BASELINE="3510,3884 3620,3886 3730,3888 3840,3890 3951,3894 4061,3897 4171,3900 4282,3904 4392,3908 4502,3912 4613,3916 4723,3920 4833,3924 4943,3928 5054,3932 5164,3935 5274,3938 5385,3940 5495,3942 5605,3945 5716,3946"
                         HEIGHT="211"
                         WIDTH="2242"
                         VPOS="3794"
                         HPOS="3492">
                  <String ID="string_region_1644588494560_3411l37"
                          HEIGHT="211"
                          WIDTH="2242"
                          VPOS="3794"
                          HPOS="3492"
                          CONTENT="ul moedt niet vernondert wesen, dat op een ander mantere sult"/>
               </TextLine>
               <TextLine ID="region_1644588494560_3411l38"
                         BASELINE="3514,4002 3560,4000 3607,4000 3653,4000 3700,4000 3746,4002 3793,4002 3839,4004 3886,4004 3932,4007 3979,4008 4025,4010 4072,4012 4118,4014 4165,4015 4211,4016 4258,4018 4304,4020 4351,4020 4397,4020 4444,4020"
                         HEIGHT="208"
                         WIDTH="961"
                         VPOS="3901"
                         HPOS="3499">
                  <String ID="string_region_1644588494560_3411l38"
                          HEIGHT="208"
                          WIDTH="961"
                          VPOS="3901"
                          HPOS="3499"
                          CONTENT="vermaendt worden blijvende"/>
               </TextLine>
            </TextBlock>
         </PrintSpace>
      </Page>
   </Layout>
</alto>
