7762 4699
841 205 2394 127 monss Cappeus &madame icy pour la fin de ce mas il faut voir

821 324 2412 110 sil seros encor du mesme sentiment, qui est sans raison ny fonden

811 382 2415 161 & si en cas quil ne sfresonde point, pour fieir, il en faut pas estre

827 467 2399 188 estonne, que nous sajons en ptces c'est un hone sans raison

814 586 2388 162 & a qui du ne se peut trop fier si non que p escrit ie suis tres

803 713 2427 129 mortafie ma chere tante, que ie vous doit de lares telles choses

820 793 2379 157 esperant pouurant, que nons ferons a lon vayage prochan

819 884 2329 154 mie sesparation a lamiable, ce que me ferrait implausir

823 997 2398 147 in crouable, entre tans J'ay lhonneurs d'estre avec beaucoup

780 1109 1183 145 die respuest pvenent don

832 1214 1794 198 mon esponse vous fait bien des complements

805 1262 2404 216 de mesme a vre chere famile, permette que ie juque

821 1461 744 181 nu tles wiens

2535 1426 636 227 Ady 16 augusng

659 1561 533 214 Gent Coppens

819 1635 2322 196 moens sens le mayeur me viend d'escrire ce matin que jacobus renders

794 1804 2375 116 fermier de la chause, estoit mort, & que ie devoir necessairement venir

820 1871 2391 151 a la reste de flandre pour faire arrest sur tout les biens & meubles

821 1988 2324 123 Ibettiaux pour estre preferre aux au tres crediteurs ce que j'aij

809 2069 2327 211 fais, mais ie ne vous point, que nous en suons quitte sans perte

815 2196 2382 166 puis quil doit d'errierage, de la ferme, depuis le dernier jamier

806 2302 2385 135 1229 la veufve veut bien desitter de la setme, qui ne oute plus

795 2393 2406 131 que jusqu au dernier doctobre de sorte que nous pourions la faie

809 2495 2336 185 collelter pour ce temt la auttrement nou en serons quitte vous

797 2592 2309 189 doriant de me marquer 10 vous este contant, que livx de smet

795 2717 2323 182 fait la recepte pour ous, si encas, que vois ne venez pas

793 2807 2421 168 encor icy, pour vos interesss esperant pourtant que nous aurons

792 2958 2369 156 lhonneur de vous recevoir chez nous en compt. de madum

815 3061 2186 161 vre chere comp: & ofus a quel fin ie vous presente

810 3142 2383 191 sterati vement hie maison, estant eutre tems avee bien

760 3284 1246 177 de lest me & lincerite

2479 3285 708 197 Ady 22 uy 1729

806 3399 238 187 met ƒ

658 3494 900 158 Lille madame van Zeller

799 3568 2415 148 ie me referre a celle que ie me suis donné l'honneur de vous escoire

798 3697 2363 146 le 13 du passé depuis mons & madume Coppens sont venu ily &ont

805 3840 2277 138 pris p beclu coup dinstances leur logement chez moy, & jusqua

790 3908 2443 153 presant, il ny a encor vien fait a legard de la ceparation des biens

771 4024 2446 139 delausse & mons: de smijndrecht il cett declare de prendre a luy la

783 4106 2393 161 leigh de swijndrecht, & il pretant que ie prend les biens de lille

762 4235 2396 193 & la rente de mons: dejaunaux au prise, que vous avez en

3545 215 2445 128 la bonte de fain faire, a quoy ie ne peu me resondre, d'autant plus 1

3547 299 2351 109 que ie m'inagine que sa sence de wambrechie a ƒ50797:17 est

3553 400 2360 124 trop haut prise, pour la pouvoir vendre, & ravoir la dette somme

3545 505 2375 122 le change jayant este considere 168 oe montant en nre argent

3542 592 2442 159 de change ƒ30236:16 ie vous prie de me mander a la receptien

3532 681 2418 127 de cette, si vous jjigiez que ie la prenderres a la ditte somme

3541 791 2445 170 pour la pouvoir vendre sans parte, aussij si lachetteur n'est pas

3549 896 2351 118 oblige a payer le droits segn. je qul monteroient a sou 8000

3554 981 2421 171 florins de foite quelle devooit se vendre ƒ58000:- il est a scavoir

3556 1106 2429 141 si mons: de lattre at considere cela, aussij ie vous prie de me

3535 1248 2390 118 marquer, si vous servez encor inclire pour la rente de mons:

3525 1335 2375 126 desjouanaux, ou autre personne, soit en partie ou autrement

3552 1435 2415 155 vre responce me pourra faire resondre & mons: Coppens ne reste

3540 1563 2448 125 plus que tjours icy, & nous resterions sans rien faire, toute la

3541 1633 2354 182 Crainte que j'ay est la confiscations des biens pendant le

3525 1752 2390 149 guere, & la somme n'est pas de peu dimportance la prise

3471 1861 2475 180 de lanne 1701 monte a 61691:11:0 livres paris is n estant

3544 1949 2415 170 que ƒ30845:15- sols, ca qui me mette en doute, est cuse ma

3543 2087 2394 159 chere tante limportunite que ie vous fais soyez cependant

3537 2199 2351 167 persuade, que ie seray pour toute ma vie ie vous vendre

3533 2303 2271 155 service en tous occasions de mesme a vre chere famile

3546 2412 2387 129 mon espeute vous fait bien des compliments permette que

3546 2478 2364 227 Iy joigne aussy les miens & suis avec bien du respect en

3541 2619 1911 135 attendant vre respne a la reception de cette

3565 2717 2443 218 ie vous prie de me marquer les change d'auvers & damst

5234 2819 709 189 Ady pm fre 1729

3386 2853 958 162 Lille madame van Zeller

3549 2974 2387 168 J'ay receu celle quill vous at plut de m'escrire le 29 passeé dint ie

3553 3086 2394 143 vous suis infinement oblige ie l'ay montre a monsr conneses

3542 3158 2440 152 que me ce que vous avez la bonte de me marquer de luy avoir

3517 3251 2422 206 dit il ny aerien a faire maljre des presentations les plus

3545 3389 2458 144 favorables que ie luy ay fait le tems ne me permette point

3553 3517 2440 125 de vous donner plus declairsissement ce que ie ferray a mon

3534 3594 2421 142 loiss il est prest pour parth dans une heure duy ie suis si

3548 3674 2202 145 broullie de l'espis que ie ne scay presque que ie fait.

3528 3772 2399 182 j'avois negotie vre remise de ƒ694:9 de baneque d'amst

3560 3885 2384 208 a 1 ¼ l de voe avance, que quand i'estois pour l'endosser

3537 3973 2450 205 ie me suis appersue, que vous aveez oubliez de l'en disses

3529 4123 2417 169 a mon oodre, ce pour quoy ie vous les renvoije cy joint vous

3528 4202 2413 219 priant de dire a mons: de la radere, quil fasse une utre
