7919 4644
922 191 2197 195 vre chere famele les saints faites de noch, & la nouvelle

949 306 1453 190 anne a veur tres heureuses

2492 382 716 210 Ady 31 xbre 1731

795 456 1092 221 Lille de Lannoy de la vaiere

931 551 2328 241 le 29 daoust  vous fut ma dernier avec avis, que j'avois remis

911 673 2355 232 cincg cent florms de change a mons: Lansot a bouxelles, pour vre

933 814 2183 217 compte depuis sans l'honneur d'auqune vre estant tres

937 908 2254 242 estonne, qu'on me viend presenter aujourdhuy voe traitte

927 1036 2266 246 de ƒ1200:t de change de date 8 xbre 1731 a 8 jours de date

938 1162 2279 248 payable comme payis, & que ie n'ay par reccu vre lettre

931 1253 2295 234 d'avis aparement que vous l'avez oblier de me l'escrire

936 1399 2271 242 comme ie nause pas payer la ditte traitte sans vre avis

948 1540 2319 215 & que l'est aujourdhuy le dernier fors du payement jay prie

947 1613 2316 253 ie possesseur de la preditte lettre de change de la faire anniter

943 1763 2305 214 p la netaire & de la tenir icy encor quatre jours afin que ie

948 1868 2284 275 puis avoir vre responce & ordre, pour la payer, ie ne scay,

946 2005 2311 193 sil aura cette consideration, cependant ie vous prie de me

920 2141 2346 217 donner vre responce a la reeption de cette, pour prevenir

949 2257 2303 198 les frais, quis pourroient aviver a ce sujeet, siay lhonneur

893 2422 2312 183 de vous souhaites, & a madame vre cherde imoitie l'anne

934 2540 2169 149 nouvelle tres heureuse jalutaire suivie dun nombre

946 2677 2185 174 daners en parfait lante, estant tois cincerement

1128 2786 1039 222 niet voorts gegev

3877 181 973 176 Ad Maiorem Dei

3586 316 1381 234 Deiparyque Dirginis Mare

3855 486 1035 219 nonorem & GLordat

3956 640 881 201 Anno Domii

3953 859 1122 153 1322

3322 929 1392 258 Turnhoudt T:sanen & wed: C: sanen

3458 1125 2354 186 ue: aengename van gisteren wel ontfanghen, daer benevens n

3444 1240 2384 205 anmandesien, een koppel capuijnen waer voor ul hertelijcke

3468 1358 2342 218 bedancke & wensche un van gelijcken in dit koopende nminne

3448 1481 2358 165 jaer alle soo ten van benedictien & een volsonne gesontheydt

3442 1593 2292 207 voorders hebbe ue gedebiteert voor ƒ 2:- wissel gede voor rabat

3453 1756 2422 201 op de 4 ¼ 3 segels, twelck mede gelieve te noteren,  op my trecken

3477 1864 2398 206 het slot van resteninge, wate mede naer groetenisse blijve

3365 2001 735 172 Rijsel wed: van Zeller

5126 1996 714 193 Ady 7 Janu. 1732

3377 2120 69 120 1

3469 2106 2290 206 J'ay receu lhonneur de lagreable vre, du 29xbre passe, nous vous

3473 2252 2344 172 sommes bien oblige du port que vous preniez au malheur arrive

3460 2342 1483 198 a ma comp: elle tiend toujors le lit

3469 2449 2411 170 jusqua presant ie n'ay pas encor des nouvelles de mons: desjaunaux

3489 2576 2399 184 dont ie suis surpris, a cause qu'il ma donne tous les ans ses ordres

3471 2682 2290 210 pour les remises que mons. pottier me faisoit pour son compte

3482 2783 1447 153 ie luy escriveray demain encor une fois

3477 2879 2381 209 ie vous ay debte a compte de la comonante porr ƒ300: argent

3477 3003 2429 147 de lille receu d'albert boussemart en attendant le reste de la depouille

3471 3123 2400 200 1730. vre incluse a ette rendue en mains propre de mons: Coppens

3476 3257 2384 124 il ne m'en at vien parle iny ie n'ay receu au qune lettre de

3460 3344 2373 174 change de luy, pour vre compte soyez persuade madame ma chere

3483 3504 2400 177 tante, que vous me trouveray toujours prest a vous vendre service

3481 3625 2268 135 ie vous prie de me comander en tous occasions, cy joint trois

3484 3727 2372 200 eschantillions de velour que ie vous prie de faire mettre en

3475 3813 2267 224 mains de madame crombien, a qui nous faissons bien des

3486 3966 2372 192 omplimentsede mesme a vre chere personne& a toute vre

3498 4095 2363 185 chere famile arez estant avec un devoirement respectuende
