8084 4671
1029 195 2282 142 en is sedert niet meer omgesien, den pachter uyt het voore maejsie, heeft gewiest

1006 277 2237 181 voor ontfange van ubrief & seyde dat hij voorleden vrijdagh soude gecomen hebben

1006 367 2232 143 dogh hebbe hem niet voorders vernomen de felle caude die wij hebben doctt

988 459 2287 175 de meuschenrthuys blijven de schelde is soo vol iys, dat se niet passerlijck is

1001 571 2210 210 haft gitteren ick ure dast gelegen, de brieveen die cergitteren locten

1014 648 2274 184 vertrecken, hebben perijkel geiloopen van te voormoeten vergaen ut & passaige

1026 809 2110 124 wel hondert menschen sijn tot hun hulpe gesomen, door tandden en

1015 835 2177 276 placcken de selve half bevoosen, ontrent de fracne gesalveat. dek. hebbe

1015 1039 1206 150 voor u ontfangen it naer volgende

866 1052 2214 202 17406 Jan Van Cornelis mortelmans pachter tot bouchoiudt .. ƒ49:-

2795 1177 270 122 „ 28:

1036 1203 1527 176 ditto. Jan Frons: Gevins Clijne pachter tot smmelen

2800 1274 305 140 a 66:-

976 1302 1413 124 8d. Van pieter seulemans onder borsbiuck

2796 1397 277 102 „ 21:-

1005 1396 1445 152 d: van Ignatius verbrasken onder swijndrecht

1029 1483 2066 177 de van Jan Weijgaert den grooten pachter tot omnneleur  „100:-

978 1589 1791 173 9dJan e Jacques op us quitantie van ƒ15:- die gekort

2759 1685 375 135 .„ 14:16

1038 1695 1647 147 heeft ½t: voor schouw dagen soo nett of ontfangen

2792 1764 216 132 ƒ

2262 1789 63 88 6

2811 1841 333 108 272:16:

1923 1828 670 150 samen in sourd gelt

1043 1941 2183 116 us. quitantie van ƒ4:10 op de staten van bratant is niet betaelt om dat il

1026 2020 2203 158 den humero vergeten hebt op de quitantie te stellen, gelieft mij dan den nemer

1016 2115 2157 190 toe te senden om de selve te ontfanghen, & sal ue res. vand' gene ontfangen

1039 2241 1467 179 hebbe, & noch soude connen ontfangen crediteren

1007 2264 2308 212 terwijlen ue sier mijne genegentheydt om ue dienst te doen, soo versolcke Jan mij

1006 2422 2191 162 het plaisir te doen, van mijne twee gegevene acceptatien te vernegotieren, dh

1026 2531 2184 148 greniers sal die voor ue wel laten ontfanghen ick can mijne boecken niet

987 2624 2172 156 sluyten, nochte mijne ordinaire bilance trecken voor dat die betalinge

1039 2717 2151 172 geschiedt is hadde mij connen inbelden, dat ul mijne wissel brieven soo

1014 2852 2161 152 lanck soude opgehouden hebben, versehere, op dien voldt met soude

1023 2955 2234 142 gegeven hebben, want dit retardement derengeert mij sterck, biesende

1000 3029 2301 186 dan, van niet langer uyt te stellen wilt uk. vrintschap & dieust genieten

1033 3144 2217 175 soo lst redelijck, dat ue mij ooch emighsints aen mijn versoeck voldoedt,

1044 3258 2159 137 gelieft mij mede te senden de quitantien van het gene ul voor mij

1011 3344 2282 192 betaelt hebt om ue daer vvoren de crediteren, & sal dan het netto Jan de

1033 3464 2134 186 rekeninge aen ue remitteren, & de rek. courant toe senden, om een

1030 3595 825 173 eten stuck te maken

1024 3645 2247 213 Mintte oock de pampieren te hebben Jan de brieven dan mentine

1025 3770 2240 206 over het cappen van de boomen tegens de hoove de wolschate, oock den aet

1039 3879 2227 203 Jan vercoop vende 25 voeden, genaemt het peehelien, liggende over

1032 3987 2197 175 dander seyde van den lierschen teenwegh die ick vercoght hebt

1019 4099 2165 191 aen . herremans met fesieren cheyns last aen den costet Jan

1028 4188 2249 209 meurtsel, om dat die cheunse van mijnen pachter pieter de ier

3508 219 2394 161 weder vraeght, & sonder dien aet en can mij niet vetant oorden mij

3471 294 2355 177 den oock vertrouwende op ue goede genegentheyet & reciproquen

3484 388 551 146 ieutt blijve

5042 401 657 190 Ady 24 Janu. 1740

3429 488 391 182 Gendt Copperis

3486 530 2396 186 mijnen laetten was aen ue: 12 dises sedert hebben ontfanghen den gieerden

3496 667 2411 165 gan uf: lieffte, aen my trouwe geschreven, op dato voors den welcken eenighsints

3505 748 2329 227 beantwoordt is met mijnen voorseyden brief tis ons van herten leadt te

3488 852 2412 191 vernemen, de sleghte gesteltenisse van ul. beyde willen hopen, voor nu

3490 949 2383 229 ul: volle erttettenisse oock hebbe besomen ue aengename van 15 deser

3443 1057 2340 214 de felle saude, & mijne onpasselge scheiydt sijn vorsasie us: niet eerder

3478 1158 2325 211 geantwoordt hebbe dienende desen dan, om ue te noteren, als dat

3506 1252 2381 226 in gevolge ue ordre, pieter de laet dapper hebbe doen vermanen die

3491 1372 2397 221 daer op fanderen daeghs mij heeft comen betalen de some dan hondert

3491 1493 2386 187 en teven guldens, waer vooren ue rek. is gecrediteert als mede voor de

3479 1590 2397 226 bier guldens thien stuijvers ontfanghen van de staten van brabant

3482 1707 2370 175 int quartier van antwerpen boven dien, is ue oock gecrediteert voor

3479 1835 2368 173 de quitantien mij toegesonden, te weeten voor £1:17:6 e mass enda

3482 1953 2415 187 ƒ1:5 betaelt aen den notans van tieghen, ende voor de £6:10:0

3474 2049 2323 207 wissel gelde, mak ende courant gelt ƒ45:10 betaelt aen van veen

3474 2142 2390 183 becke vercooper. ick soude aen ue syjne rek. courant hier benevens gesonden

3483 2243 2408 184 hebben, & liet slot geremittert maer tot nu toe en hebbe ick het selve

3469 2386 2304 139 met connen becomen a pari, soo san niet bedencken, hoe dat ue

3465 2469 2369 190 sor light can laeten op de mouw speten, dat men van hier can

3475 2604 2436 156 remisteren met  1½ due somtyets 1¼ e avance ingevalle

3458 2660 2327 217 soo danigh profijt hier soude weden, soo soude ue: sijne wissel brieven

3475 2780 2337 198 orck a costij tot profijt comen negetieven, soo allen ue schrijvens hier

3475 2893 2347 189 ontrent valt op straet tgene geloove, dat is gelijck ick seght dat ick

3475 3003 2394 179 de wissel brieven bij sigh houdt, tegens dat met ue voinden een offen

3448 3127 2427 215 stuck sult gemaeckt hebben dat naer alle scheyn, noch lanck sal sijn

3479 3230 2371 194 dat mij wel leedt is & seer berouwt de voors wissel brieven, op light

3454 3377 2351 172 t' lasse gegeven te hebben. de venten op dese staet worden in dese

3476 3470 2299 155 in aeudt betaelt die sedert 2 mey 1738 niet betaelt sijn geweest

3472 3597 2410 165 soo dat dus. sedert sbr 736 noch veer van huys sijn hope dat ul

3469 3675 2383 174 mij subt toldoeninge geven ontrent de pampieren dan martenue

3468 3786 2374 167 rekende de boomen, als mede den aet hen het stuckie cans soo

3454 3914 2438 136 haest ue: erstelt sal sijn, & sal trachten p eerste en wisselbriefie

3461 4029 2409 174 opaendt te becomen voort gene ue schuldigh ben, & als dan de rek

3455 4134 2474 125 coutant me de senden, waer mede naer presentatie van dienst t blijve

3452 4239 2327 132 l. de ƒ39:10 hebbe aen dhe pensionarrs van Lessel betaelt op 18 deser

3450 4353 1706 105 Igelt toun pieter de laet op 18 de ontfangen
