<?xml version="1.0" encoding="UTF-8"?>
<alto xmlns:xsi="http://www.w3.org/2001/XMLSchema-instance"
      xmlns="http://www.loc.gov/standards/alto/ns-v4#"
      xmlns:page="http://schema.primaresearch.org/PAGE/gts/pagecontent/2013-07-15"
      xsi:schemaLocation="http://www.loc.gov/standards/alto/ns-v4# https://www.loc.gov/standards/alto/v4/alto.xsd">
   <Description>
      <MeasurementUnit>pixel</MeasurementUnit>
      <OCRProcessing ID="IdOcr">
         <ocrProcessingStep>
            <processingDateTime>2022-02-11T21:46:24.371+01:00</processingDateTime>
            <processingSoftware>
               <softwareCreator>READ COOP</softwareCreator>
               <softwareName>Transkribus</softwareName>
            </processingSoftware>
         </ocrProcessingStep>
      </OCRProcessing>
   </Description>
   <Layout>
      <Page ID="Page1" PHYSICAL_IMG_NR="1" HEIGHT="4658" WIDTH="8077">
         <TopMargin HEIGHT="0" WIDTH="8077" VPOS="0" HPOS="0"/>
         <LeftMargin HEIGHT="4658" WIDTH="0" VPOS="0" HPOS="0"/>
         <RightMargin HEIGHT="4658" WIDTH="0" VPOS="0" HPOS="8077"/>
         <BottomMargin HEIGHT="0" WIDTH="8077" VPOS="4658" HPOS="0"/>
         <PrintSpace HEIGHT="4658" WIDTH="8077" VPOS="0" HPOS="0">
            <TextBlock ID="region_1644587585360_3027"
                       HEIGHT="4181"
                       WIDTH="2484"
                       VPOS="209"
                       HPOS="819">
               <Shape>
                  <Polygon POINTS="819,209 3303,209 3303,4390 819,4390"/>
               </Shape>
               <TextLine ID="region_1644587585360_3027l1"
                         BASELINE="2498,312 2530,312 2562,312 2594,312 2626,312 2658,312 2690,312 2722,312 2754,312 2786,312 2819,312 2851,312 2883,312 2915,312 2947,312 2979,311 3011,310 3043,310 3075,308 3107,308 3140,306"
                         HEIGHT="161"
                         WIDTH="674"
                         VPOS="219"
                         HPOS="2481">
                  <String ID="string_region_1644587585360_3027l1"
                          HEIGHT="161"
                          WIDTH="674"
                          VPOS="219"
                          HPOS="2481"
                          CONTENT="Ady 25 April 1735"/>
               </TextLine>
               <TextLine ID="region_1644587585360_3027l2"
                         BASELINE="842,344 879,343 916,341 953,340 991,338 1028,338 1065,336 1103,336 1140,335 1177,334 1215,334 1252,333 1289,332 1326,332 1364,332 1401,330 1438,330 1476,330 1513,329 1550,328 1588,328"
                         HEIGHT="163"
                         WIDTH="778"
                         VPOS="245"
                         HPOS="826">
                  <String ID="string_region_1644587585360_3027l2"
                          HEIGHT="163"
                          WIDTH="778"
                          VPOS="245"
                          HPOS="826"
                          CONTENT="Melsele Moenssens "/>
               </TextLine>
               <TextLine ID="region_1644587585360_3027l3"
                         BASELINE="970,460 1085,460 1201,460 1316,460 1432,460 1548,458 1663,458 1779,456 1894,454 2010,452 2126,451 2241,450 2357,447 2472,445 2588,442 2704,440 2819,438 2935,436 3050,433 3166,430 3282,428"
                         HEIGHT="171"
                         WIDTH="2344"
                         VPOS="348"
                         HPOS="953">
                  <String ID="string_region_1644587585360_3027l3"
                          HEIGHT="171"
                          WIDTH="2344"
                          VPOS="348"
                          HPOS="953"
                          CONTENT="Beyde ul brieven van 20 &amp; 22 deser wel ontfanghen met den eersten"/>
               </TextLine>
               <TextLine ID="region_1644587585360_3027l4"
                         BASELINE="982,564 1097,566 1212,566 1327,566 1442,566 1557,566 1672,564 1787,564 1902,562 2017,560 2132,558 2247,556 2362,552 2477,550 2592,548 2707,545 2822,542 2937,539 3052,536 3167,534 3282,532"
                         HEIGHT="199"
                         WIDTH="2331"
                         VPOS="442"
                         HPOS="965">
                  <String ID="string_region_1644587585360_3027l4"
                          HEIGHT="199"
                          WIDTH="2331"
                          VPOS="442"
                          HPOS="965"
                          CONTENT="advies vant overseyden van Jacobus hoels, &amp; bij den tweedem dat voor het"/>
               </TextLine>
               <TextLine ID="region_1644587585360_3027l5"
                         BASELINE="1012,674 1126,677 1241,680 1355,680 1470,682 1584,682 1699,680 1813,680 1928,678 2042,676 2157,674 2271,672 2386,668 2500,666 2615,664 2729,660 2844,658 2958,656 3073,653 3187,652 3302,650"
                         HEIGHT="199"
                         WIDTH="2322"
                         VPOS="566"
                         HPOS="996">
                  <String ID="string_region_1644587585360_3027l5"
                          HEIGHT="199"
                          WIDTH="2322"
                          VPOS="566"
                          HPOS="996"
                          CONTENT="besten horst op mij gedevolveert was een soey bieste, de welcke gepresen was"/>
               </TextLine>
               <TextLine ID="region_1644587585360_3027l6"
                         BASELINE="1028,792 1138,794 1249,794 1359,794 1470,794 1581,794 1691,793 1802,792 1912,790 2023,788 2134,788 2244,786 2355,784 2465,782 2576,780 2687,778 2797,776 2908,774 3018,773 3129,772 3240,770"
                         HEIGHT="208"
                         WIDTH="2243"
                         VPOS="662"
                         HPOS="1011">
                  <String ID="string_region_1644587585360_3027l6"
                          HEIGHT="208"
                          WIDTH="2243"
                          VPOS="662"
                          HPOS="1011"
                          CONTENT="op eenen twintigh guldens courant gelt de wed: heeft hier bij mij geweest"/>
               </TextLine>
               <TextLine ID="region_1644587585360_3027l7"
                         BASELINE="1010,902 1119,904 1228,906 1337,906 1446,908 1556,908 1665,908 1774,906 1883,906 1992,904 2102,902 2211,900 2320,898 2429,896 2538,894 2648,892 2757,891 2866,890 2975,888 3084,888 3194,886"
                         HEIGHT="200"
                         WIDTH="2215"
                         VPOS="786"
                         HPOS="993">
                  <String ID="string_region_1644587585360_3027l7"
                          HEIGHT="200"
                          WIDTH="2215"
                          VPOS="786"
                          HPOS="993"
                          CONTENT="hebbe de selves aen haer gelaeten voor aght ien guldens &amp; is soo"/>
               </TextLine>
               <TextLine ID="region_1644587585360_3027l8"
                         BASELINE="1020,1016 1131,1018 1243,1018 1355,1020 1466,1020 1578,1020 1690,1020 1801,1019 1913,1018 2025,1018 2137,1016 2248,1014 2360,1012 2472,1010 2583,1008 2695,1006 2807,1002 2918,1000 3030,998 3142,995 3254,992"
                         HEIGHT="147"
                         WIDTH="2264"
                         VPOS="907"
                         HPOS="1005">
                  <String ID="string_region_1644587585360_3027l8"
                          HEIGHT="147"
                          WIDTH="2264"
                          VPOS="907"
                          HPOS="1005"
                          CONTENT="onredelijck geweest van maer ƒ16: ste willen geven, tgene niet"/>
               </TextLine>
               <TextLine ID="region_1644587585360_3027l9"
                         BASELINE="1026,1124 1133,1126 1240,1128 1347,1130 1454,1130 1561,1132 1668,1132 1775,1130 1882,1130 1989,1130 2097,1128 2204,1126 2311,1124 2418,1122 2525,1120 2632,1117 2739,1114 2846,1112 2953,1110 3060,1106 3168,1104"
                         HEIGHT="186"
                         WIDTH="2173"
                         VPOS="1017"
                         HPOS="1011">
                  <String ID="string_region_1644587585360_3027l9"
                          HEIGHT="186"
                          WIDTH="2173"
                          VPOS="1017"
                          HPOS="1011"
                          CONTENT="en hebbe willen doen, daerom sal de selve moeten afschaelt "/>
               </TextLine>
               <TextLine ID="region_1644587585360_3027l10"
                         BASELINE="1026,1236 1137,1240 1248,1243 1359,1245 1470,1246 1582,1248 1693,1248 1804,1246 1915,1245 2026,1244 2138,1240 2249,1238 2360,1236 2471,1234 2582,1230 2694,1228 2805,1226 2916,1223 3027,1222 3138,1220 3250,1220"
                         HEIGHT="149"
                         WIDTH="2255"
                         VPOS="1118"
                         HPOS="1011">
                  <String ID="string_region_1644587585360_3027l10"
                          HEIGHT="149"
                          WIDTH="2255"
                          VPOS="1118"
                          HPOS="1011"
                          CONTENT="worden, gelieft daer sorge voor te dragen om aen mant anders"/>
               </TextLine>
               <TextLine ID="region_1644587585360_3027l11"
                         BASELINE="998,1346 1108,1348 1218,1350 1328,1352 1438,1354 1548,1354 1658,1356 1768,1356 1878,1356 1988,1356 2098,1356 2208,1354 2318,1352 2428,1352 2538,1350 2648,1348 2758,1345 2868,1342 2978,1340 3088,1336 3198,1332"
                         HEIGHT="204"
                         WIDTH="2230"
                         VPOS="1234"
                         HPOS="983">
                  <String ID="string_region_1644587585360_3027l11"
                          HEIGHT="204"
                          WIDTH="2230"
                          VPOS="1234"
                          HPOS="983"
                          CONTENT="te vercoopen ten besten prijse soo de selve redue de ƒ18: niet"/>
               </TextLine>
               <TextLine ID="region_1644587585360_3027l12"
                         BASELINE="1008,1460 1118,1465 1228,1470 1339,1474 1449,1476 1560,1478 1670,1478 1780,1478 1891,1478 2001,1476 2112,1474 2222,1472 2332,1470 2443,1468 2553,1466 2664,1462 2774,1460 2884,1458 2995,1458 3105,1456 3216,1456"
                         HEIGHT="214"
                         WIDTH="2240"
                         VPOS="1345"
                         HPOS="992">
                  <String ID="string_region_1644587585360_3027l12"
                          HEIGHT="214"
                          WIDTH="2240"
                          VPOS="1345"
                          HPOS="992"
                          CONTENT="geven wilt het is mij onmogelijck om over te comen, om dat alle"/>
               </TextLine>
               <TextLine ID="region_1644587585360_3027l13"
                         BASELINE="922,1576 1037,1581 1152,1584 1268,1587 1383,1590 1499,1592 1614,1592 1729,1592 1845,1592 1960,1592 2076,1592 2191,1590 2306,1588 2422,1586 2537,1584 2653,1582 2768,1578 2883,1574 2999,1572 3114,1568 3230,1564"
                         HEIGHT="187"
                         WIDTH="2339"
                         VPOS="1462"
                         HPOS="907">
                  <String ID="string_region_1644587585360_3027l13"
                          HEIGHT="187"
                          WIDTH="2339"
                          VPOS="1462"
                          HPOS="907"
                          CONTENT="dagen bij de werckluyden tot berchem moet lijck die bij mijne absentiu"/>
               </TextLine>
               <TextLine ID="region_1644587585360_3027l14"
                         BASELINE="1008,1684 1121,1692 1234,1698 1348,1703 1461,1706 1575,1710 1688,1710 1801,1712 1915,1712 2028,1710 2142,1710 2255,1708 2368,1706 2482,1703 2595,1700 2709,1698 2822,1694 2935,1692 3049,1690 3162,1688 3276,1686"
                         HEIGHT="132"
                         WIDTH="2300"
                         VPOS="1613"
                         HPOS="992">
                  <String ID="string_region_1644587585360_3027l14"
                          HEIGHT="132"
                          WIDTH="2300"
                          VPOS="1613"
                          HPOS="992"
                          CONTENT="weijnigh vervoorderen, in mijne presentie wel door wersken, gelieft"/>
               </TextLine>
               <TextLine ID="region_1644587585360_3027l15"
                         BASELINE="1010,1814 1121,1820 1233,1824 1345,1828 1457,1830 1569,1832 1680,1832 1792,1832 1904,1832 2016,1830 2128,1828 2239,1824 2351,1822 2463,1818 2575,1815 2687,1810 2798,1807 2910,1804 3022,1800 3134,1798 3246,1794"
                         HEIGHT="142"
                         WIDTH="2268"
                         VPOS="1706"
                         HPOS="993">
                  <String ID="string_region_1644587585360_3027l15"
                          HEIGHT="142"
                          WIDTH="2268"
                          VPOS="1706"
                          HPOS="993"
                          CONTENT="oock aen esbeck eens te seggen, dat seer verwondert ben dat hij het "/>
               </TextLine>
               <TextLine ID="region_1644587585360_3027l16"
                         BASELINE="1010,1930 1122,1937 1235,1942 1348,1946 1461,1949 1574,1950 1686,1950 1799,1950 1912,1948 2025,1946 2138,1944 2250,1940 2363,1937 2476,1934 2589,1930 2702,1926 2814,1922 2927,1920 3040,1917 3153,1916 3266,1914"
                         HEIGHT="210"
                         WIDTH="2289"
                         VPOS="1832"
                         HPOS="992">
                  <String ID="string_region_1644587585360_3027l16"
                          HEIGHT="210"
                          WIDTH="2289"
                          VPOS="1832"
                          HPOS="992"
                          CONTENT="jaer pacht vande jacht niet comt voosdoen els mede aen Coppevans"/>
               </TextLine>
               <TextLine ID="region_1644587585360_3027l17"
                         BASELINE="1010,2062 1120,2066 1231,2070 1342,2072 1453,2074 1564,2074 1674,2074 1785,2072 1896,2070 2007,2068 2118,2066 2228,2062 2339,2059 2450,2056 2561,2052 2672,2048 2782,2044 2893,2042 3004,2038 3115,2036 3226,2034"
                         HEIGHT="222"
                         WIDTH="2250"
                         VPOS="1933"
                         HPOS="993">
                  <String ID="string_region_1644587585360_3027l17"
                          HEIGHT="222"
                          WIDTH="2250"
                          VPOS="1933"
                          HPOS="993"
                          CONTENT="over de lant pacht met by voeginge, dat by faute van betalinge"/>
               </TextLine>
               <TextLine ID="region_1644587585360_3027l18"
                         BASELINE="1018,2190 1123,2192 1229,2192 1334,2192 1440,2192 1546,2192 1651,2192 1757,2192 1862,2190 1968,2188 2074,2186 2179,2184 2285,2182 2390,2178 2496,2175 2602,2170 2707,2166 2813,2161 2918,2155 3024,2150 3130,2142"
                         HEIGHT="250"
                         WIDTH="2143"
                         VPOS="2041"
                         HPOS="1003">
                  <String ID="string_region_1644587585360_3027l18"
                          HEIGHT="250"
                          WIDTH="2143"
                          VPOS="2041"
                          HPOS="1003"
                          CONTENT="genooddsaecet soude syn, den wegh van recht in te gaen, mij"/>
               </TextLine>
               <TextLine ID="region_1644587585360_3027l19"
                         BASELINE="986,2314 1092,2316 1198,2316 1304,2316 1411,2316 1517,2316 1623,2314 1730,2314 1836,2312 1942,2312 2049,2310 2155,2308 2261,2306 2367,2304 2474,2302 2580,2298 2686,2296 2793,2292 2899,2290 3005,2286 3112,2282"
                         HEIGHT="187"
                         WIDTH="2158"
                         VPOS="2190"
                         HPOS="970">
                  <String ID="string_region_1644587585360_3027l19"
                          HEIGHT="187"
                          WIDTH="2158"
                          VPOS="2190"
                          HPOS="970"
                          CONTENT="ganselijck op ul: vertrouwende blijve naer groetenisse"/>
               </TextLine>
               <TextLine ID="region_1644587585360_3027l20"
                         BASELINE="1000,2458 1079,2455 1159,2452 1238,2450 1318,2447 1397,2446 1477,2444 1556,2442 1636,2440 1715,2438 1795,2438 1874,2436 1954,2434 2033,2434 2113,2432 2192,2432 2272,2430 2351,2428 2431,2428 2510,2426 2590,2424"
                         HEIGHT="183"
                         WIDTH="1622"
                         VPOS="2328"
                         HPOS="984">
                  <String ID="string_region_1644587585360_3027l20"
                          HEIGHT="183"
                          WIDTH="1622"
                          VPOS="2328"
                          HPOS="984"
                          CONTENT=" onder onse loten is een vry lot geweest"/>
               </TextLine>
               <TextLine ID="region_1644587585360_3027l21"
                         BASELINE="1030,2556 1142,2556 1254,2556 1366,2556 1478,2556 1591,2555 1703,2554 1815,2553 1927,2552 2039,2550 2152,2548 2264,2546 2376,2544 2488,2542 2600,2538 2713,2536 2825,2532 2937,2528 3049,2524 3161,2521 3274,2516"
                         HEIGHT="196"
                         WIDTH="2277"
                         VPOS="2409"
                         HPOS="1013">
                  <String ID="string_region_1644587585360_3027l21"
                          HEIGHT="196"
                          WIDTH="2277"
                          VPOS="2409"
                          HPOS="1013"
                          CONTENT="dat in de billietten overt hoot hadde gesien, soo dat aen ul cnn"/>
               </TextLine>
               <TextLine ID="region_1644587585360_3027l22"
                         BASELINE="1020,2664 1084,2664 1148,2664 1212,2664 1276,2664 1340,2664 1404,2666 1468,2666 1532,2666 1596,2666 1661,2666 1725,2666 1789,2666 1853,2666 1917,2666 1981,2666 2045,2666 2109,2666 2173,2664 2237,2664 2302,2662"
                         HEIGHT="182"
                         WIDTH="1313"
                         VPOS="2551"
                         HPOS="1004">
                  <String ID="string_region_1644587585360_3027l22"
                          HEIGHT="182"
                          WIDTH="1313"
                          VPOS="2551"
                          HPOS="1004"
                          CONTENT="guldens hollants moet restitueren"/>
               </TextLine>
               <TextLine ID="region_1644587585360_3027l23"
                         BASELINE="2510,2730 2542,2724 2575,2720 2608,2716 2640,2712 2673,2710 2706,2707 2738,2705 2771,2704 2804,2702 2837,2700 2869,2700 2902,2698 2935,2697 2967,2696 3000,2694 3033,2694 3065,2693 3098,2692 3131,2690 3164,2688"
                         HEIGHT="250"
                         WIDTH="696"
                         VPOS="2542"
                         HPOS="2487">
                  <String ID="string_region_1644587585360_3027l23"
                          HEIGHT="250"
                          WIDTH="696"
                          VPOS="2542"
                          HPOS="2487"
                          CONTENT="Adij 9 meij 1735"/>
               </TextLine>
               <TextLine ID="region_1644587585360_3027l24"
                         BASELINE="874,2842 929,2840 985,2836 1041,2832 1097,2830 1153,2827 1208,2825 1264,2823 1320,2820 1376,2818 1432,2816 1487,2814 1543,2812 1599,2810 1655,2808 1711,2806 1766,2804 1822,2801 1878,2800 1934,2798 1990,2794"
                         HEIGHT="232"
                         WIDTH="1153"
                         VPOS="2683"
                         HPOS="854">
                  <String ID="string_region_1644587585360_3027l24"
                          HEIGHT="232"
                          WIDTH="1153"
                          VPOS="2683"
                          HPOS="854"
                          CONTENT="swijndrecht Gillis Van Esbeke"/>
               </TextLine>
               <TextLine ID="region_1644587585360_3027l25"
                         BASELINE="1014,2966 1113,2961 1212,2956 1311,2952 1410,2948 1510,2943 1609,2938 1708,2934 1807,2929 1906,2925 2006,2922 2105,2917 2204,2912 2303,2909 2402,2904 2502,2900 2601,2896 2700,2890 2799,2887 2898,2882 2998,2878"
                         HEIGHT="246"
                         WIDTH="2014"
                         VPOS="2786"
                         HPOS="996">
                  <String ID="string_region_1644587585360_3027l25"
                          HEIGHT="246"
                          WIDTH="2014"
                          VPOS="2786"
                          HPOS="996"
                          CONTENT="gesonden copije van de pacht van de saght, als mede"/>
               </TextLine>
               <TextLine ID="region_1644587585360_3027l26"
                         BASELINE="1026,3090 1138,3087 1251,3083 1364,3079 1477,3074 1590,3070 1703,3066 1816,3061 1929,3056 2042,3052 2155,3046 2267,3042 2380,3036 2493,3031 2606,3026 2719,3020 2832,3014 2945,3008 3058,3000 3171,2995 3284,2988"
                         HEIGHT="209"
                         WIDTH="2290"
                         VPOS="2898"
                         HPOS="1010">
                  <String ID="string_region_1644587585360_3027l26"
                          HEIGHT="209"
                          WIDTH="2290"
                          VPOS="2898"
                          HPOS="1010"
                          CONTENT="vermaendt om de betalinge te comen doen, oft dat genoortsaerst"/>
               </TextLine>
               <TextLine ID="region_1644587585360_3027l27"
                         BASELINE="1026,3204 1113,3204 1201,3202 1288,3201 1376,3200 1464,3198 1551,3196 1639,3194 1726,3192 1814,3188 1902,3186 1989,3182 2077,3179 2164,3176 2252,3171 2340,3166 2427,3162 2515,3158 2602,3152 2690,3147 2778,3140"
                         HEIGHT="190"
                         WIDTH="1787"
                         VPOS="3052"
                         HPOS="1008">
                  <String ID="string_region_1644587585360_3027l27"
                          HEIGHT="190"
                          WIDTH="1787"
                          VPOS="3052"
                          HPOS="1008"
                          CONTENT="soude wesen mij bij den rechter de addvesseran"/>
               </TextLine>
               <TextLine ID="region_1644587585360_3027l28"
                         BASELINE="1040,3324 1122,3324 1205,3322 1288,3322 1371,3322 1454,3320 1537,3318 1620,3316 1703,3314 1786,3311 1869,3307 1951,3303 2034,3299 2117,3294 2200,3290 2283,3284 2366,3278 2449,3272 2532,3263 2615,3257 2698,3246"
                         HEIGHT="187"
                         WIDTH="1692"
                         VPOS="3208"
                         HPOS="1019">
                  <String ID="string_region_1644587585360_3027l28"
                          HEIGHT="187"
                          WIDTH="1692"
                          VPOS="3208"
                          HPOS="1019"
                          CONTENT="verhopende dat hij sulx soude preventeren"/>
               </TextLine>
               <TextLine ID="region_1644587585360_3027l29"
                         BASELINE="2542,3352 2569,3352 2596,3352 2624,3352 2651,3352 2679,3351 2706,3350 2733,3348 2761,3347 2788,3345 2816,3344 2843,3342 2870,3340 2898,3339 2925,3336 2953,3335 2980,3334 3007,3332 3035,3332 3062,3331 3090,3330"
                         HEIGHT="160"
                         WIDTH="583"
                         VPOS="3251"
                         HPOS="2523">
                  <String ID="string_region_1644587585360_3027l29"
                          HEIGHT="160"
                          WIDTH="583"
                          VPOS="3251"
                          HPOS="2523"
                          CONTENT="Adij 4 Juny 1735"/>
               </TextLine>
               <TextLine ID="region_1644587585360_3027l30"
                         BASELINE="890,3444 937,3444 985,3444 1033,3444 1080,3444 1128,3444 1176,3442 1223,3442 1271,3440 1319,3440 1367,3438 1414,3438 1462,3436 1510,3435 1557,3434 1605,3432 1653,3432 1700,3430 1748,3430 1796,3430 1844,3428"
                         HEIGHT="151"
                         WIDTH="987"
                         VPOS="3338"
                         HPOS="873">
                  <String ID="string_region_1644587585360_3027l30"
                          HEIGHT="151"
                          WIDTH="987"
                          VPOS="3338"
                          HPOS="873"
                          CONTENT="London John SatalEdwards"/>
               </TextLine>
               <TextLine ID="region_1644587585360_3027l31"
                         BASELINE="1034,3542 1144,3544 1255,3542 1365,3542 1476,3540 1587,3536 1697,3534 1808,3530 1918,3525 2029,3520 2140,3516 2250,3510 2361,3505 2471,3501 2582,3496 2693,3490 2803,3486 2914,3483 3024,3479 3135,3476 3246,3474"
                         HEIGHT="161"
                         WIDTH="2245"
                         VPOS="3414"
                         HPOS="1017">
                  <String ID="string_region_1644587585360_3027l31"
                          HEIGHT="161"
                          WIDTH="2245"
                          VPOS="3414"
                          HPOS="1017"
                          CONTENT="beyde ue mij seer aengenaeme van 21 febu &amp; 16 pass. sijn bij tijde mij wel"/>
               </TextLine>
               <TextLine ID="region_1644587585360_3027l32"
                         BASELINE="1028,3644 1141,3642 1254,3642 1367,3638 1480,3636 1593,3633 1706,3630 1819,3625 1932,3621 2045,3617 2159,3612 2272,3607 2385,3602 2498,3598 2611,3594 2724,3589 2837,3586 2950,3582 3063,3579 3176,3576 3290,3574"
                         HEIGHT="168"
                         WIDTH="2296"
                         VPOS="3503"
                         HPOS="1011">
                  <String ID="string_region_1644587585360_3027l32"
                          HEIGHT="168"
                          WIDTH="2296"
                          VPOS="3503"
                          HPOS="1011"
                          CONTENT="ter hant gesomeen met den ecosten advies, dat uy voor mij geincassent hadde"/>
               </TextLine>
               <TextLine ID="region_1644587585360_3027l33"
                         BASELINE="1018,3732 1131,3732 1245,3732 1359,3730 1473,3728 1587,3726 1700,3724 1814,3722 1928,3720 2042,3717 2156,3714 2269,3710 2383,3706 2497,3704 2611,3700 2725,3695 2838,3690 2952,3686 3066,3682 3180,3676 3294,3672"
                         HEIGHT="167"
                         WIDTH="2308"
                         VPOS="3597"
                         HPOS="1002">
                  <String ID="string_region_1644587585360_3027l33"
                          HEIGHT="167"
                          WIDTH="2308"
                          VPOS="3597"
                          HPOS="1002"
                          CONTENT="2 te van mijne £1000 nuwe annuities, voort helf jaer vervallen 25 xber 1734"/>
               </TextLine>
               <TextLine ID="region_1644587585360_3027l34"
                         BASELINE="1008,3836 1122,3836 1236,3834 1350,3834 1464,3832 1579,3830 1693,3828 1807,3826 1921,3824 2035,3821 2150,3818 2264,3814 2378,3812 2492,3808 2606,3804 2721,3801 2835,3797 2949,3793 3063,3789 3177,3785 3292,3782"
                         HEIGHT="196"
                         WIDTH="2317"
                         VPOS="3704"
                         HPOS="990">
                  <String ID="string_region_1644587585360_3027l34"
                          HEIGHT="196"
                          WIDTH="2317"
                          VPOS="3704"
                          HPOS="990"
                          CONTENT="£20:- ende 1½ p van mijne £234:7:6 et luytdie comp. aetien £3:10:3"/>
               </TextLine>
               <TextLine ID="region_1644587585360_3027l35"
                         BASELINE="1018,3934 1128,3936 1239,3936 1350,3938 1461,3938 1572,3936 1682,3935 1793,3934 1904,3930 2015,3928 2126,3926 2236,3922 2347,3920 2458,3916 2569,3912 2680,3910 2790,3906 2901,3904 3012,3900 3123,3898 3234,3894"
                         HEIGHT="152"
                         WIDTH="2245"
                         VPOS="3835"
                         HPOS="1002">
                  <String ID="string_region_1644587585360_3027l35"
                          HEIGHT="152"
                          WIDTH="2245"
                          VPOS="3835"
                          HPOS="1002"
                          CONTENT="vervallen als vooren, boven dien remitteerde ue mij 38:-   sight"/>
               </TextLine>
               <TextLine ID="region_1644587585360_3027l36"
                         BASELINE="1010,4026 1123,4028 1236,4030 1349,4030 1462,4030 1575,4028 1688,4028 1801,4026 1914,4024 2027,4022 2141,4020 2254,4018 2367,4016 2480,4013 2593,4010 2706,4008 2819,4004 2932,4002 3045,4000 3158,3998 3272,3996"
                         HEIGHT="197"
                         WIDTH="2292"
                         VPOS="3904"
                         HPOS="994">
                  <String ID="string_region_1644587585360_3027l36"
                          HEIGHT="197"
                          WIDTH="2292"
                          VPOS="3904"
                          HPOS="994"
                          CONTENT="ten laste dheer fraula de josierbois waer voorea us: is gecrediteert, &amp; voor"/>
               </TextLine>
               <TextLine ID="region_1644587585360_3027l37"
                         BASELINE="990,4128 1103,4130 1216,4130 1330,4130 1443,4130 1557,4130 1670,4130 1783,4130 1897,4130 2010,4128 2124,4126 2237,4124 2350,4122 2464,4120 2577,4117 2691,4113 2804,4110 2917,4105 3031,4101 3144,4096 3258,4090"
                         HEIGHT="131"
                         WIDTH="2302"
                         VPOS="4040"
                         HPOS="972">
                  <String ID="string_region_1644587585360_3027l37"
                          HEIGHT="131"
                          WIDTH="2302"
                          VPOS="4040"
                          HPOS="972"
                          CONTENT="de voos intresten gedebiteert. bij ue laeste vinde mede, dat ue ontfangen"/>
               </TextLine>
               <TextLine ID="region_1644587585360_3027l38"
                         BASELINE="1026,4222 1136,4225 1247,4228 1357,4230 1468,4230 1578,4232 1689,4232 1799,4232 1910,4230 2020,4230 2131,4228 2241,4226 2352,4223 2462,4220 2573,4216 2683,4212 2794,4208 2904,4203 3015,4196 3125,4190 3236,4184"
                         HEIGHT="140"
                         WIDTH="2244"
                         VPOS="4108"
                         HPOS="1008">
                  <String ID="string_region_1644587585360_3027l38"
                          HEIGHT="140"
                          WIDTH="2244"
                          VPOS="4108"
                          HPOS="1008"
                          CONTENT="hadde 2  van mijne £2000:- banck actden vervallen 25 meert"/>
               </TextLine>
               <TextLine ID="region_1644587585360_3027l39"
                         BASELINE="1034,4332 1146,4332 1259,4332 1371,4330 1484,4330 1597,4328 1709,4328 1822,4326 1934,4324 2047,4324 2160,4322 2272,4322 2385,4320 2497,4318 2610,4318 2723,4316 2835,4316 2948,4314 3060,4312 3173,4312 3286,4310"
                         HEIGHT="159"
                         WIDTH="2282"
                         VPOS="4225"
                         HPOS="1019">
                  <String ID="string_region_1644587585360_3027l39"
                          HEIGHT="159"
                          WIDTH="2282"
                          VPOS="4225"
                          HPOS="1019"
                          CONTENT="laest  £55:- ende 2 pe van mijne £1000:- oude anendities"/>
               </TextLine>
            </TextBlock>
            <TextBlock ID="region_1644587589400_3030"
                       HEIGHT="4019"
                       WIDTH="2582"
                       VPOS="223"
                       HPOS="3353">
               <Shape>
                  <Polygon POINTS="3353,223 5935,223 5935,4242 3353,4242"/>
               </Shape>
               <TextLine ID="region_1644587589400_3030l1"
                         BASELINE="3522,296 3641,294 3761,294 3880,294 4000,294 4120,296 4239,296 4359,298 4478,298 4598,300 4718,300 4837,300 4957,300 5076,300 5196,300 5316,298 5435,296 5555,294 5674,289 5794,284 5914,278"
                         HEIGHT="112"
                         WIDTH="2422"
                         VPOS="210"
                         HPOS="3507">
                  <String ID="string_region_1644587589400_3030l1"
                          HEIGHT="112"
                          WIDTH="2422"
                          VPOS="210"
                          HPOS="3507"
                          CONTENT="vervallen als vooren £20:- twelck in conformci tijdt hebbe genoteert bevinde"/>
               </TextLine>
               <TextLine ID="region_1644587589400_3030l2"
                         BASELINE="3474,384 3590,384 3706,384 3822,384 3938,384 4054,384 4170,384 4286,386 4402,386 4518,386 4635,388 4751,388 4867,388 4983,388 5099,386 5215,386 5331,384 5447,382 5563,380 5679,376 5796,372"
                         HEIGHT="156"
                         WIDTH="2352"
                         VPOS="285"
                         HPOS="3458">
                  <String ID="string_region_1644587589400_3030l2"
                          HEIGHT="156"
                          WIDTH="2352"
                          VPOS="285"
                          HPOS="3458"
                          CONTENT="daer tegens ue: remise van  £70:- a 2 usos  tot 35:11 op pieton"/>
               </TextLine>
               <TextLine ID="region_1644587589400_3030l3"
                         BASELINE="3534,478 3648,478 3762,478 3876,478 3990,478 4104,480 4218,480 4332,480 4446,480 4560,480 4674,482 4788,482 4902,480 5016,480 5130,480 5244,480 5358,478 5472,476 5586,474 5700,472 5814,470"
                         HEIGHT="134"
                         WIDTH="2309"
                         VPOS="389"
                         HPOS="3519">
                  <String ID="string_region_1644587589400_3030l3"
                          HEIGHT="134"
                          WIDTH="2309"
                          VPOS="389"
                          HPOS="3519"
                          CONTENT="prosy, waer vooren het noodigh sal besorgen, &amp; us, bij tijde voor des selfs"/>
               </TextLine>
               <TextLine ID="region_1644587589400_3030l4"
                         BASELINE="3530,586 3642,582 3755,580 3868,578 3980,576 4093,576 4206,574 4318,574 4431,576 4544,576 4657,576 4769,578 4882,578 4995,578 5107,578 5220,578 5333,578 5445,576 5558,574 5671,571 5784,568"
                         HEIGHT="161"
                         WIDTH="2284"
                         VPOS="470"
                         HPOS="3514">
                  <String ID="string_region_1644587589400_3030l4"
                          HEIGHT="161"
                          WIDTH="2284"
                          VPOS="470"
                          HPOS="3514"
                          CONTENT="waerde crediteren voorders, alsoo onse vesk: cburant voorleden jaer niet"/>
               </TextLine>
               <TextLine ID="region_1644587589400_3030l5"
                         BASELINE="3522,686 3639,682 3756,678 3874,676 3991,674 4109,674 4226,674 4343,674 4461,674 4578,674 4696,675 4813,676 4930,676 5048,676 5165,676 5283,676 5400,674 5517,672 5635,670 5752,665 5870,660"
                         HEIGHT="168"
                         WIDTH="2379"
                         VPOS="590"
                         HPOS="3506">
                  <String ID="string_region_1644587589400_3030l5"
                          HEIGHT="168"
                          WIDTH="2379"
                          VPOS="590"
                          HPOS="3506"
                          CONTENT="gesloten is soo versoecke, opt eijnde van tit loopende jaer als ue noch"/>
               </TextLine>
               <TextLine ID="region_1644587589400_3030l6"
                         BASELINE="3498,790 3614,785 3731,780 3848,776 3965,774 4082,772 4198,772 4315,772 4432,772 4549,772 4666,774 4782,774 4899,774 5016,776 5133,776 5250,776 5366,776 5483,774 5600,772 5717,770 5834,766"
                         HEIGHT="127"
                         WIDTH="2367"
                         VPOS="702"
                         HPOS="3481">
                  <String ID="string_region_1644587589400_3030l6"
                          HEIGHT="127"
                          WIDTH="2367"
                          VPOS="702"
                          HPOS="3481"
                          CONTENT="een half, daer intresten sult hebben ontfangen mijne rek. courant te"/>
               </TextLine>
               <TextLine ID="region_1644587589400_3030l7"
                         BASELINE="3534,880 3649,878 3764,876 3879,874 3994,872 4110,872 4225,872 4340,872 4455,872 4570,874 4686,874 4801,876 4916,876 5031,876 5146,878 5262,878 5377,878 5492,878 5607,878 5722,876 5838,874"
                         HEIGHT="182"
                         WIDTH="2334"
                         VPOS="782"
                         HPOS="3520">
                  <String ID="string_region_1644587589400_3030l7"
                          HEIGHT="182"
                          WIDTH="2334"
                          VPOS="782"
                          HPOS="3520"
                          CONTENT="laeten toecomen dit sijnde het noodige deses, &amp; dat met veele achtinge"/>
               </TextLine>
               <TextLine ID="region_1644587589400_3030l8"
                         BASELINE="3506,992 3571,988 3636,985 3702,982 3767,980 3833,980 3898,978 3963,978 4029,978 4094,980 4160,980 4225,982 4290,982 4356,983 4421,984 4487,984 4552,984 4617,984 4683,982 4748,981 4814,978"
                         HEIGHT="195"
                         WIDTH="1337"
                         VPOS="875"
                         HPOS="3492">
                  <String ID="string_region_1644587589400_3030l8"
                          HEIGHT="195"
                          WIDTH="1337"
                          VPOS="875"
                          HPOS="3492"
                          CONTENT=" naer seer missame groetenisse blijve"/>
               </TextLine>
               <TextLine ID="region_1644587589400_3030l9"
                         BASELINE="5082,1062 5119,1062 5156,1064 5194,1064 5231,1064 5269,1064 5306,1064 5343,1062 5381,1062 5418,1062 5456,1060 5493,1060 5530,1060 5568,1060 5605,1058 5643,1058 5680,1059 5717,1060 5755,1060 5792,1062 5830,1062"
                         HEIGHT="202"
                         WIDTH="781"
                         VPOS="943"
                         HPOS="5066">
                  <String ID="string_region_1644587589400_3030l9"
                          HEIGHT="202"
                          WIDTH="781"
                          VPOS="943"
                          HPOS="5066"
                          CONTENT="Ady 17 Juny 1735"/>
               </TextLine>
               <TextLine ID="region_1644587589400_3030l10"
                         BASELINE="3408,1112 3461,1109 3514,1106 3567,1104 3620,1102 3674,1100 3727,1100 3780,1100 3833,1100 3886,1100 3940,1100 3993,1100 4046,1102 4099,1102 4152,1104 4206,1104 4259,1106 4312,1106 4365,1106 4418,1108 4472,1108"
                         HEIGHT="215"
                         WIDTH="1097"
                         VPOS="976"
                         HPOS="3392">
                  <String ID="string_region_1644587589400_3030l10"
                          HEIGHT="215"
                          WIDTH="1097"
                          VPOS="976"
                          HPOS="3392"
                          CONTENT="swijndrecht Van Berko procureur"/>
               </TextLine>
               <TextLine ID="region_1644587589400_3030l11"
                         BASELINE="3532,1200 3652,1204 3772,1206 3892,1209 4012,1212 4133,1214 4253,1216 4373,1218 4493,1220 4613,1220 4734,1222 4854,1222 4974,1224 5094,1224 5214,1224 5335,1222 5455,1222 5575,1222 5695,1220 5815,1218 5936,1216"
                         HEIGHT="119"
                         WIDTH="2434"
                         VPOS="1129"
                         HPOS="3516">
                  <String ID="string_region_1644587589400_3030l11"
                          HEIGHT="119"
                          WIDTH="2434"
                          VPOS="1129"
                          HPOS="3516"
                          CONTENT="als voorleden sondagh over 6 dagen op swijndrecht was om ul te spresken"/>
               </TextLine>
               <TextLine ID="region_1644587589400_3030l12"
                         BASELINE="3508,1312 3628,1315 3749,1318 3870,1320 3991,1322 4112,1324 4233,1324 4354,1326 4475,1326 4596,1326 4717,1326 4837,1328 4958,1328 5079,1328 5200,1328 5321,1328 5442,1328 5563,1328 5684,1330 5805,1330 5926,1332"
                         HEIGHT="171"
                         WIDTH="2450"
                         VPOS="1236"
                         HPOS="3492">
                  <String ID="string_region_1644587589400_3030l12"
                          HEIGHT="171"
                          WIDTH="2450"
                          VPOS="1236"
                          HPOS="3492"
                          CONTENT="tot het dagh masien &amp; lisch te doen op het stuckie verscoght kant tgeen"/>
               </TextLine>
               <TextLine ID="region_1644587589400_3030l13"
                         BASELINE="3664,1380 3693,1381 3722,1379 3752,1376"
                         HEIGHT="87"
                         WIDTH="121"
                         VPOS="1322"
                         HPOS="3648">
                  <String ID="string_region_1644587589400_3030l13"
                          HEIGHT="87"
                          WIDTH="121"
                          VPOS="1322"
                          HPOS="3648"
                          CONTENT="den"/>
               </TextLine>
               <TextLine ID="region_1644587589400_3030l14"
                         BASELINE="3484,1434 3605,1434 3727,1434 3849,1434 3971,1434 4093,1434 4214,1434 4336,1434 4458,1435 4580,1436 4702,1436 4823,1436 4945,1436 5067,1436 5189,1436 5311,1436 5432,1436 5554,1436 5676,1436 5798,1436 5920,1436"
                         HEIGHT="165"
                         WIDTH="2468"
                         VPOS="1353"
                         HPOS="3468">
                  <String ID="string_region_1644587589400_3030l14"
                          HEIGHT="165"
                          WIDTH="2468"
                          VPOS="1353"
                          HPOS="3468"
                          CONTENT="den 18. pennicck schofdigh is te betalen, was ul naer entwerpen, g hadde"/>
               </TextLine>
               <TextLine ID="region_1644587589400_3030l15"
                         BASELINE="3486,1540 3605,1540 3725,1538 3845,1538 3964,1538 4084,1540 4204,1540 4323,1540 4443,1540 4563,1542 4683,1542 4802,1544 4922,1544 5042,1544 5161,1546 5281,1546 5401,1548 5520,1548 5640,1549 5760,1550 5880,1550"
                         HEIGHT="195"
                         WIDTH="2426"
                         VPOS="1429"
                         HPOS="3470">
                  <String ID="string_region_1644587589400_3030l15"
                          HEIGHT="195"
                          WIDTH="2426"
                          VPOS="1429"
                          HPOS="3470"
                          CONTENT="de ordre gegeven aen ul broeder het selve te affectueren &amp; om den opstel"/>
               </TextLine>
               <TextLine ID="region_1644587589400_3030l16"
                         BASELINE="3528,1654 3647,1651 3766,1650 3885,1648 4004,1646 4123,1646 4242,1646 4361,1646 4480,1646 4599,1648 4718,1648 4837,1650 4956,1650 5075,1652 5194,1654 5313,1654 5432,1656 5551,1658 5670,1658 5789,1660 5908,1660"
                         HEIGHT="155"
                         WIDTH="2410"
                         VPOS="1581"
                         HPOS="3513">
                  <String ID="string_region_1644587589400_3030l16"
                          HEIGHT="155"
                          WIDTH="2410"
                          VPOS="1581"
                          HPOS="3513"
                          CONTENT="van den eesch mey te laeten oversien, sedert niets van ul vernome"/>
               </TextLine>
               <TextLine ID="region_1644587589400_3030l17"
                         BASELINE="3506,1772 3620,1770 3735,1770 3849,1768 3964,1767 4079,1766 4193,1766 4308,1764 4422,1764 4537,1764 4652,1764 4766,1764 4881,1764 4995,1764 5110,1764 5225,1766 5339,1766 5454,1766 5568,1768 5683,1768 5798,1768"
                         HEIGHT="162"
                         WIDTH="2324"
                         VPOS="1688"
                         HPOS="3490">
                  <String ID="string_region_1644587589400_3030l17"
                          HEIGHT="162"
                          WIDTH="2324"
                          VPOS="1688"
                          HPOS="3490"
                          CONTENT="&amp; alsoo die saecke moet gepoussent worden, soo gelieft te selve in te"/>
               </TextLine>
               <TextLine ID="region_1644587589400_3030l18"
                         BASELINE="3508,1884 3628,1882 3748,1882 3869,1880 3989,1880 4110,1878 4230,1878 4350,1878 4471,1878 4591,1878 4712,1878 4832,1878 4952,1878 5073,1878 5193,1880 5314,1880 5434,1880 5554,1882 5675,1882 5795,1884 5916,1884"
                         HEIGHT="173"
                         WIDTH="2437"
                         VPOS="1792"
                         HPOS="3493">
                  <String ID="string_region_1644587589400_3030l18"
                          HEIGHT="173"
                          WIDTH="2437"
                          VPOS="1792"
                          HPOS="3493"
                          CONTENT="stellen, met het lagh masen op over morgen, ende den eesch de coucheven"/>
               </TextLine>
               <TextLine ID="region_1644587589400_3030l19"
                         BASELINE="3470,2000 3590,1998 3710,1994 3830,1992 3950,1992 4071,1990 4191,1990 4311,1988 4431,1988 4551,1988 4672,1988 4792,1988 4912,1990 5032,1990 5152,1990 5273,1990 5393,1990 5513,1992 5633,1992 5753,1992 5874,1992"
                         HEIGHT="206"
                         WIDTH="2434"
                         VPOS="1875"
                         HPOS="3454">
                  <String ID="string_region_1644587589400_3030l19"
                          HEIGHT="206"
                          WIDTH="2434"
                          VPOS="1875"
                          HPOS="3454"
                          CONTENT="den gieffier sal te geloove, op over morgen naer antwerpen comen"/>
               </TextLine>
               <TextLine ID="region_1644587589400_3030l20"
                         BASELINE="3498,2106 3619,2104 3740,2101 3861,2098 3982,2098 4103,2096 4224,2096 4345,2096 4466,2094 4587,2095 4708,2096 4829,2096 4950,2096 5071,2096 5192,2098 5313,2098 5434,2098 5555,2100 5676,2100 5797,2100 5918,2102"
                         HEIGHT="163"
                         WIDTH="2449"
                         VPOS="1987"
                         HPOS="3483">
                  <String ID="string_region_1644587589400_3030l20"
                          HEIGHT="163"
                          WIDTH="2449"
                          VPOS="1987"
                          HPOS="3483"
                          CONTENT="ul san mede coman, ofte hem den geproveiteerden eesch mede te geven"/>
               </TextLine>
               <TextLine ID="region_1644587589400_3030l21"
                         BASELINE="3520,2226 3639,2220 3759,2215 3878,2211 3998,2208 4118,2206 4237,2204 4357,2204 4476,2204 4596,2205 4716,2206 4835,2208 4955,2210 5074,2212 5194,2214 5314,2216 5433,2218 5553,2218 5672,2220 5792,2222 5912,2222"
                         HEIGHT="208"
                         WIDTH="2422"
                         VPOS="2095"
                         HPOS="3505">
                  <String ID="string_region_1644587589400_3030l21"
                          HEIGHT="208"
                          WIDTH="2422"
                          VPOS="2095"
                          HPOS="3505"
                          CONTENT="om te oversien blijvende ul: alles gerecomandeert, on de saecke wel"/>
               </TextLine>
               <TextLine ID="region_1644587589400_3030l22"
                         BASELINE="3514,2332 3633,2328 3752,2326 3871,2324 3991,2322 4110,2322 4229,2322 4349,2322 4468,2322 4587,2322 4707,2324 4826,2324 4945,2326 5064,2328 5184,2330 5303,2331 5422,2333 5542,2334 5661,2337 5780,2338 5900,2340"
                         HEIGHT="154"
                         WIDTH="2416"
                         VPOS="2224"
                         HPOS="3499">
                  <String ID="string_region_1644587589400_3030l22"
                          HEIGHT="154"
                          WIDTH="2416"
                          VPOS="2224"
                          HPOS="3499"
                          CONTENT="te begiimen, ende tot den definitive te vervolgen, mij vertrouwende "/>
               </TextLine>
               <TextLine ID="region_1644587589400_3030l23"
                         BASELINE="3518,2440 3584,2440 3650,2438 3716,2438 3782,2436 3848,2436 3914,2436 3980,2436 4046,2436 4112,2436 4178,2436 4244,2436 4310,2436 4376,2436 4442,2437 4508,2438 4574,2439 4640,2440 4706,2442 4772,2443 4838,2444"
                         HEIGHT="182"
                         WIDTH="1350"
                         VPOS="2342"
                         HPOS="3502">
                  <String ID="string_region_1644587589400_3030l23"
                          HEIGHT="182"
                          WIDTH="1350"
                          VPOS="2342"
                          HPOS="3502"
                          CONTENT="qpll: sorge &amp; blijve naer groetenisse"/>
               </TextLine>
               <TextLine ID="region_1644587589400_3030l24"
                         BASELINE="5238,2496 5270,2498 5302,2498 5335,2500 5367,2501 5400,2502 5432,2502 5464,2502 5497,2502 5529,2502 5562,2502 5594,2502 5626,2502 5659,2502 5691,2503 5724,2504 5756,2504 5788,2505 5821,2506 5853,2507 5886,2508"
                         HEIGHT="207"
                         WIDTH="678"
                         VPOS="2380"
                         HPOS="5224">
                  <String ID="string_region_1644587589400_3030l24"
                          HEIGHT="207"
                          WIDTH="678"
                          VPOS="2380"
                          HPOS="5224"
                          CONTENT="Ady 25 Junij 1735"/>
               </TextLine>
               <TextLine ID="region_1644587589400_3030l25"
                         BASELINE="3396,2554 3437,2554 3479,2556 3521,2556 3563,2556 3605,2556 3647,2558 3689,2558 3731,2559 3773,2560 3815,2560 3856,2562 3898,2562 3940,2563 3982,2564 4024,2564 4066,2565 4108,2566 4150,2566 4192,2566 4234,2568"
                         HEIGHT="196"
                         WIDTH="869"
                         VPOS="2437"
                         HPOS="3381">
                  <String ID="string_region_1644587589400_3030l25"
                          HEIGHT="196"
                          WIDTH="869"
                          VPOS="2437"
                          HPOS="3381"
                          CONTENT="London John tatnall &amp; son"/>
               </TextLine>
               <TextLine ID="region_1644587589400_3030l26"
                         BASELINE="3504,2654 3624,2654 3744,2654 3865,2656 3985,2656 4106,2658 4226,2658 4346,2658 4467,2660 4587,2660 4708,2660 4828,2660 4948,2662 5069,2662 5189,2662 5310,2664 5430,2664 5550,2664 5671,2666 5791,2666 5912,2668"
                         HEIGHT="172"
                         WIDTH="2437"
                         VPOS="2576"
                         HPOS="3489">
                  <String ID="string_region_1644587589400_3030l26"
                          HEIGHT="172"
                          WIDTH="2437"
                          VPOS="2576"
                          HPOS="3489"
                          CONTENT="J'ay l'honneur de la vre du 6 courant, avec ordres pour 120 ps cotils, les quelles"/>
               </TextLine>
               <TextLine ID="region_1644587589400_3030l27"
                         BASELINE="3518,2750 3635,2756 3752,2759 3869,2764 3987,2766 4104,2768 4221,2770 4339,2772 4456,2773 4573,2774 4691,2774 4808,2774 4925,2774 5042,2774 5160,2772 5277,2772 5394,2772 5512,2772 5629,2770 5746,2770 5864,2770"
                         HEIGHT="180"
                         WIDTH="2376"
                         VPOS="2680"
                         HPOS="3503">
                  <String ID="string_region_1644587589400_3030l27"
                          HEIGHT="180"
                          WIDTH="2376"
                          VPOS="2680"
                          HPOS="3503"
                          CONTENT="ie procureray p le premier, les 4ps  3 seales, ont este fait, il y a long"/>
               </TextLine>
               <TextLine ID="region_1644587589400_3030l28"
                         BASELINE="3516,2862 3635,2866 3755,2870 3874,2874 3994,2876 4114,2880 4233,2882 4353,2882 4472,2884 4592,2884 4712,2886 4831,2886 4951,2886 5070,2886 5190,2884 5310,2884 5429,2884 5549,2882 5668,2882 5788,2882 5908,2882"
                         HEIGHT="205"
                         WIDTH="2422"
                         VPOS="2763"
                         HPOS="3501">
                  <String ID="string_region_1644587589400_3030l28"
                          HEIGHT="205"
                          WIDTH="2422"
                          VPOS="2763"
                          HPOS="3501"
                          CONTENT="tems ces sortes he se font point en avance, si non, qu'on les demande"/>
               </TextLine>
               <TextLine ID="region_1644587589400_3030l29"
                         BASELINE="3492,2978 3611,2982 3730,2986 3849,2990 3969,2992 4088,2994 4207,2994 4327,2996 4446,2996 4565,2996 4685,2998 4804,2998 4923,2998 5042,2998 5162,2998 5281,2998 5400,2998 5520,2998 5639,3000 5758,3002 5878,3004"
                         HEIGHT="232"
                         WIDTH="2416"
                         VPOS="2856"
                         HPOS="3476">
                  <String ID="string_region_1644587589400_3030l29"
                          HEIGHT="232"
                          WIDTH="2416"
                          VPOS="2856"
                          HPOS="3476"
                          CONTENT="d'abord que j'auray l'assortement, celon vre notice, ie ces fairay pacter"/>
               </TextLine>
               <TextLine ID="region_1644587589400_3030l30"
                         BASELINE="3496,3102 3616,3104 3737,3106 3858,3108 3978,3108 4099,3110 4220,3110 4340,3110 4461,3110 4582,3112 4703,3112 4823,3112 4944,3114 5065,3116 5185,3118 5306,3120 5427,3124 5547,3128 5668,3134 5789,3140 5910,3148"
                         HEIGHT="174"
                         WIDTH="2445"
                         VPOS="3034"
                         HPOS="3481">
                  <String ID="string_region_1644587589400_3030l30"
                          HEIGHT="174"
                          WIDTH="2445"
                          VPOS="3034"
                          HPOS="3481"
                          CONTENT="&amp; les envoyeray pour bruges, dont vous auray la facture &amp; cognossement"/>
               </TextLine>
               <TextLine ID="region_1644587589400_3030l31"
                         BASELINE="3512,3210 3625,3216 3739,3220 3853,3224 3967,3226 4081,3228 4194,3230 4308,3230 4422,3232 4536,3232 4650,3232 4763,3232 4877,3234 4991,3234 5105,3234 5219,3236 5332,3238 5446,3241 5560,3244 5674,3250 5788,3254"
                         HEIGHT="221"
                         WIDTH="2309"
                         VPOS="3098"
                         HPOS="3495">
                  <String ID="string_region_1644587589400_3030l31"
                          HEIGHT="221"
                          WIDTH="2309"
                          VPOS="3098"
                          HPOS="3495"
                          CONTENT="En sontems. J'ay este ravie d'aprendre, que la ballotte N67"/>
               </TextLine>
               <TextLine ID="region_1644587589400_3030l32"
                         BASELINE="3508,3322 3622,3328 3737,3332 3852,3336 3967,3340 4082,3342 4196,3344 4311,3346 4426,3348 4541,3348 4656,3350 4770,3350 4885,3352 5000,3352 5115,3354 5230,3356 5344,3358 5459,3360 5574,3364 5689,3368 5804,3372"
                         HEIGHT="164"
                         WIDTH="2324"
                         VPOS="3232"
                         HPOS="3494">
                  <String ID="string_region_1644587589400_3030l32"
                          HEIGHT="164"
                          WIDTH="2324"
                          VPOS="3232"
                          HPOS="3494"
                          CONTENT="vous at donne de la satisfactio, que la precedente, &amp; soyez"/>
               </TextLine>
               <TextLine ID="region_1644587589400_3030l33"
                         BASELINE="3514,3456 3629,3458 3745,3462 3861,3464 3977,3464 4093,3465 4209,3466 4325,3466 4441,3466 4557,3466 4673,3466 4788,3466 4904,3466 5020,3466 5136,3466 5252,3467 5368,3468 5484,3471 5600,3474 5716,3477 5832,3482"
                         HEIGHT="191"
                         WIDTH="2346"
                         VPOS="3362"
                         HPOS="3500">
                  <String ID="string_region_1644587589400_3030l33"
                          HEIGHT="191"
                          WIDTH="2346"
                          VPOS="3362"
                          HPOS="3500"
                          CONTENT="pertucde, que les sotils, que ie vous envoyeray ne vous feris"/>
               </TextLine>
               <TextLine ID="region_1644587589400_3030l34"
                         BASELINE="3514,3578 3630,3580 3747,3582 3864,3582 3981,3584 4098,3586 4215,3586 4332,3586 4449,3588 4566,3588 4683,3588 4799,3588 4916,3590 5033,3590 5150,3590 5267,3592 5384,3592 5501,3594 5618,3594 5735,3596 5852,3598"
                         HEIGHT="172"
                         WIDTH="2368"
                         VPOS="3480"
                         HPOS="3500">
                  <String ID="string_region_1644587589400_3030l34"
                          HEIGHT="172"
                          WIDTH="2368"
                          VPOS="3480"
                          HPOS="3500"
                          CONTENT="moins des plaisir, car ie suis assute, que iny a point de melieure "/>
               </TextLine>
               <TextLine ID="region_1644587589400_3030l35"
                         BASELINE="3516,3708 3632,3708 3749,3708 3866,3708 3983,3708 4100,3708 4216,3710 4333,3710 4450,3712 4567,3714 4684,3714 4800,3716 4917,3718 5034,3720 5151,3722 5268,3722 5384,3724 5501,3724 5618,3726 5735,3726 5852,3726"
                         HEIGHT="189"
                         WIDTH="2368"
                         VPOS="3585"
                         HPOS="3500">
                  <String ID="string_region_1644587589400_3030l35"
                          HEIGHT="189"
                          WIDTH="2368"
                          VPOS="3585"
                          HPOS="3500"
                          CONTENT="marchandise a trouver. vre remise de  £100:- a 35:11 et"/>
               </TextLine>
               <TextLine ID="region_1644587589400_3030l36"
                         BASELINE="3502,3824 3622,3824 3742,3824 3862,3824 3983,3826 4103,3826 4223,3828 4344,3830 4464,3832 4584,3833 4705,3835 4825,3836 4945,3838 5065,3840 5186,3842 5306,3842 5426,3844 5547,3844 5667,3844 5787,3842 5908,3842"
                         HEIGHT="176"
                         WIDTH="2437"
                         VPOS="3732"
                         HPOS="3488">
                  <String ID="string_region_1644587589400_3030l36"
                          HEIGHT="176"
                          WIDTH="2437"
                          VPOS="3732"
                          HPOS="3488"
                          CONTENT="a la charge de mons: proly, j'en auray soing, tant pour l'acceptation"/>
               </TextLine>
               <TextLine ID="region_1644587589400_3030l37"
                         BASELINE="3502,3954 3620,3955 3739,3956 3858,3956 3976,3956 4095,3957 4214,3958 4332,3958 4451,3960 4570,3960 4689,3962 4807,3962 4926,3964 5045,3964 5163,3966 5282,3966 5401,3968 5519,3968 5638,3968 5757,3968 5876,3968"
                         HEIGHT="181"
                         WIDTH="2407"
                         VPOS="3858"
                         HPOS="3485">
                  <String ID="string_region_1644587589400_3030l37"
                          HEIGHT="181"
                          WIDTH="2407"
                          VPOS="3858"
                          HPOS="3485"
                          CONTENT="que pour le payement en son sions entre tems j'ay l'honneur"/>
               </TextLine>
               <TextLine ID="region_1644587589400_3030l38"
                         BASELINE="3476,4092 3529,4094 3583,4094 3637,4096 3690,4096 3744,4096 3798,4096 3851,4096 3905,4096 3959,4096 4013,4096 4066,4094 4120,4094 4174,4094 4227,4092 4281,4092 4335,4090 4388,4090 4442,4089 4496,4088 4550,4088"
                         HEIGHT="201"
                         WIDTH="1107"
                         VPOS="3977"
                         HPOS="3460">
                  <String ID="string_region_1644587589400_3030l38"
                          HEIGHT="201"
                          WIDTH="1107"
                          VPOS="3977"
                          HPOS="3460"
                          CONTENT="l'estre tres pa faittement "/>
               </TextLine>
            </TextBlock>
         </PrintSpace>
      </Page>
   </Layout>
</alto>
