7817 4678
892 209 2275 141 negoce, j'aimerois bien de salder nre petit comte, & que vous disposiez

892 290 2250 114 de ce que ie vous suis de vable, p icelle, estant le suject de cettes

894 389 1842 166 & suis avec offres de mes services tres parfaittement

2706 392 573 245 Ady 20 fd: 1730

753 486 906 157 Gent advoiaet Basilius

919 593 2328 194 alsoo den procureur sausmasser mij geadviseert heeft dat hij voor 3 a 4

893 704 2317 159 dagen moett uyt de hadt gaen, soo neme de libertijet desen aen ue: te

899 800 2237 159 senden, & hebbe deere van ue: te seggen dat de advocaten van

909 910 1386 189 alhier endie van mechelen jt gelijck

902 1029 1011 169 dese bij gevoeghte Copiyen

922 1152 2208 188 versoecke van soo goedt te wesen, sij dat ue voordeelt

901 1243 2313 234 in de voors salce by captie de cliuatoir oft by persitteringe

890 1361 2357 216 ton advertentie de dienen, oft wel my te addresperen in den preveen

897 1476 2233 195 taede tot brussel,  sche eens schriftelijck op te stellen, soo ende

880 1609 1752 193 gelijck het selve soude moeten in geddent worden

825 1713 2302 164 Mijn advocaten alhier blijven van opinie van in den priveen

889 1816 2374 194 medt te ageren, & dot de wethouders deser stadt hn souden moeten

897 1885 2310 215 vervoegen, daer niet aen en twijfele oft sulx soude geschieden

2577 1998 570 197 Ady 21 febut

747 2053 1123 160 brussel van der vorst advocaet

892 2217 2241 138 deere van ue aengename van 22 pass is mij op sijn tijdt wel

881 2282 2250 188 geworden, daer beneven d'ue: resolutie op den casus positie

845 2394 2368 151 waer vooren ue: bedancke, hadde verwaght het gelock te hebben

881 2537 2259 140 van ue in dese vatten avont dagen hier te sien om aen ue

892 2604 2257 161 het onorer vant selve te behandigen, dogh vermits van ue

890 2732 2337 137 niets verneme soo sende hier ingesloten een pistorl in spetie

903 2848 1050 142 tot voldoeninge vant selve

893 2917 2338 172 voor als de copye van hier boven aen basilius gesonden

901 3043 2002 207 om sijne resolutie ten regarde van den priveen vade

2485 3164 650 189 Adij 23 febru

756 3183 1077 235 sendt procurenr causmasiur

885 3285 2388 196 as ny seer aengename 18 deses wel ontfanghe, daer bij vernomen dat ue

904 3439 2371 149 alle de voorgaende advertentien & heeft doen insuveeren bij tijte beneven

870 3513 2399 173 die van 17 deser, ul toegesonden & dat voor 2 a 3 dagen meeste uyt de

899 3627 2349 164 stadt gace ten selven dage beson de ondercorreitie op et request van

871 3710 2383 175 ul: coppens tot mijn laste waerom, vermits ul uyt der staed wat dselfs

896 3831 2376 148 geschreve hebbe direct aen the advocaet basilius g hen daer van ttennisse

856 3955 2401 129 gegeven s ien versoght, van te consilteren met dp. advocaet fostier oft ht

865 4003 2362 194 ieste noet ware, dat ick requeste soude pretenteren aen den privien

902 4165 2327 147 taede tot brussel paldaer concluderen tot millitijet p cassatie van den

876 4280 2405 149 penstel der pot cedure tot gendt, gelijck mijne advoenter vrhier

3520 205 2475 149 &ooc die van mechelen den gevoelen sijn te doen doen hebbe van ditto sio de

3516 299 2481 120 basilius noch geen antwe tot becoment, waerom uf: p desen come versonten

3526 396 2346 118 van de voorss heeren aen te moedige, op dat sider ontrent hun advies

3511 463 2501 145 cito magh besomenn om vervolgens te reguleren, gelieft oock te vragen, oft dat

3506 578 2495 126 men op et request tot mijn laste andermael bij advertentie soude dienen

3513 679 2368 145 oft men eerst moet at waghte sententie van den rade van vlaenderee

3517 811 2371 135 ter men requeste soude presenteren in den priveen rade tot brussel

3537 879 2350 123 infin de casie sijn aen hun genoeck bekent om te oordeelen, wat het

3528 975 2340 192 behte dient gedaen te worden, voorders versoecke van nausieurigh tl

3515 1081 2424 131 informeren, watter gevolght is, op mijn derse advertentie op 12 deser

3516 1180 2471 200 uss toegesonden raiende de lake van mijne twee dineghs brevne

3503 1302 2423 176 geen tijdt te verliesen, & mij cito antwoordt te laeten toecoman

3469 1404 2232 153 op het voors  blijve naer seer vrindelijcke groetanste

3540 1508 1745 181 mijn complimenten aen dle basilius & dh: fastier

5305 1536 701 217 Ady 25 febur 1730

3368 1624 1288 184 mechilen dH. Pauwenbergh pensionaus

3538 1714 2398 170 ue seer geestimeerde 23 deses wel ontfanghen dien volgens sal ue assignatie

3526 1834 2451 134 aen den bode brans gegeven, voor de somme van sevent hien gudeus A:H

3539 1971 2355 115 prompt betalen, mij blijven bij de genomene resolutie, van ons in den

3540 2033 2445 125 pri veen raede te addvisseren, maer sijn nu in twijfelinge oft dat men niet

3532 2155 2284 92 en moet waghten tot dat den raest van vlaenderen sententer, op onse

3527 2237 2445 121 advertentiein sal hebben gegeven, & al hoe wel ue geadviseert hadde

3529 2341 2389 139 van niet meer te ant woorden op de tweede ondersorrecie rackende

3499 2420 2442 166 den sijnsboeck, soo hebben wij dien aengaende al noch voorde derde

3519 2509 2426 189 reyte gesient by advertentie & ons gereferreert aen de voorige, daer is tot

3526 2617 2436 166 nu toe niets opgevolght bj weete. dh: Coppens blijft oock voortsgaen

3523 2723 2439 174 ontrent het request tot mijn laste & is de sonder soffectie daer van aen

3529 2841 2405 133 mij geinsinweert waerom bij desen ue: some te versoecken, ue: advies

3524 2937 2407 113 oft dat menons, sonder voordert waghten, soude addresseren in den priveen rade

3520 3015 2408 177 & wat men op die onder correctius sonden antwoorden oft bij advertentie oft

3513 3110 2424 166 by eoxceptie de clinatoir, dese sasie is de principale, daerom bidde van

3528 3226 2454 189 mij ue advies te laeten toecomen op het ader spoedighste want den tijdt

3522 3372 2417 124 is cort & toelre met impatientie at wnghtende blijve met veel respect

3518 3451 2447 167 . gelieft mij oock te laten weeten, wil voor sollicrteur en cour sonden

3530 3577 2416 158 dieuen te employeren die op te recomandatie van the merboit hut

3512 3701 2342 185 dienstighste soude connen wesen, & op wat maniere wij ons hier

3527 3828 951 167 ontrent Louden gedragen

3514 3911 2407 160 m. Coppens heeft hier voorleden donderdagh geantwoordt & gedient bij

3501 4056 2482 121 corceptie, vermits tot gent over de quesssen proces was dat hij dien volgens

3514 4106 2427 159 hier niet te recht en stondt taene hem ick bolijce sal afgeslay en worden

3490 4257 2483 160 de questie is, oft men moet af waghten da dententie ven de raede vaa
