7954 4644
2311 193 810 188 Ady 18 gbre 1732

799 213 1088 201 Lille wed: theodor Van Zeller

928 299 2262 174 depuis ma derniere que ie me suis donne l'honneur de vous

979 449 2267 194 escrire le 28 juin passe, ie n'ay receu, au'cune des vres, celle ne

964 572 2215 216 servira, que pour vous envoyer l'eschantillion du velous

969 703 2122 213 que vous m'avez mandé si longtems, la piece n'estant

966 825 2259 212 plustoit fait le prix est de quatoize escailins de change

974 950 2227 223 mandez moy, sil vous plait combien d'aunes qu'il faut

969 1076 2286 210 on prens icy ordinairement 2o aunes pour un sacq, cependant

963 1227 1019 161 vol ordres seront observe

972 1307 2293 240 les comptes que ie devois faire a mons: Coppens & luy a moy

979 1421 2197 246 sont passe a l'amiable, il ne reste que de passer ie tout

939 1573 2332 207 devante la loix, a quoy mons: Coppens fait beaucou p dis

967 1689 2234 214 difficultee, tous les actes requises sont prest, il faut voir

965 1809 2289 231 il les passera au noel, quand il vieura icy, madame melijn

982 2003 2288 149 at este voir la chere soeur a gand, & elle at este parfaittenr

987 2077 2252 207 bien reccu, elle vous fait rien des compliments de mesme

962 2239 2279 174 a toute vre chere fasuile, permettez que jy josque aussij

985 2345 2243 140 les miens estant avec un devouement respectaeu & offres

944 2442 735 182 de mes services

2563 2480 665 217 Ady 4 xber 1739

818 2603 869 165 London Samuel Swinsen

982 2656 2273 224 J'ay receu en son tems l'honneur de la vre du 2 fevrier passe a la quelle

984 2841 2209 158 ie n'ay respondue plustoit faute de matiere, cependant j'ay solde nre

964 2910 2285 182 compte courant, comme vous l'avez souhaite, quoy que d'autres a Londres

986 3018 2273 166 i'on point porte en compte, de si hause provision du remboussement

942 3124 2249 193 de 6  du Capital de la comp: du sade mon frere Jean Michel

977 3260 2276 187 melijn m'at comunique vre lettre, p la quelle vous luy marque

982 3351 2236 170 qu'on a diminne du capital de la comp. du sud 6¼  dont ou

923 3461 2322 216 voit avoir patience, ie crois que la ditte comp. ferra un divident

987 3574 2172 178 pour la demie anne, a eschoir le 29 sbre V.S. quand vous

980 3715 2218 204 l'auray reccu, ie vous prie de m'envoyer un petit extrait

911 3819 2307 220 de mon compte, & me remettre le solde qui my reviendra

979 3952 1980 206 estant le suject de cette & suis tres sincerement

2690 4000 524 242 Adij 4 sbre

786 4044 1103 238 Rijsel wed: theodor Van Zeller

976 4160 2262 225 J'ay reccu vre agreable lettre du 29 du passe, avec copie de

968 4287 2298 160 la lettre de madame Crombien, a quoy j'ay l'honneur de

3500 191 2376 172 vous dire, que la piece de velour a este eoxpressement fait, pour elle

3502 272 2370 202 & sur la couleur de la piece, dont il ny avoit point d'annes asse, J'ay

3493 380 2389 185 ette chez le marchand, qui ma dit, quand la couleur ne luy plaise

3503 504 2389 195 pas, que ie ne suis pas ternue d'en prendre, j'ay vue d'autres pieces

3496 648 2404 157 que ie trouve trop claire, & nous n'aimons point de faire un choise

3508 735 2419 167 a cause, que nous craignous de mal faire, ie conselle madame Crombien

3504 850 2330 198 de veuw icy elle mesme pour faire, celon son gout &ou vous me

3504 972 2349 164 juge capable a vous rendre d'autres services ie vous prie de me

3497 1077 2319 203 comander soyez persuade, que vien ne me serat plus agreable

3503 1197 1895 172 que de vous mettrer que ie suis dame & de coeur

5201 1261 631 201 Adij 22 sber 1732

3357 1317 1682 183 menin Monsr. sriest vice Cire de la paroise de menin

3512 1424 2319 186 je vous envoye ce jourdhuy p la chariot de gand adroiture sur meuin

3501 1527 2362 194 une caisse envelope de toil ciree contenant 19 aunes de velour fabrique

3505 1671 2416 129 d'anvers aprez l'avoir receu, ie vous prie de sivivre les ordres que madame

3496 1745 2365 188 van Zeller de Lille vous donnera ce ce suject q me croire que ie suis

5091 1850 504 172 Ady 22 ditto

3397 1869 765 142 fres porffaitement

3366 1972 929 175 Rijsel wed: theodor Van Zeller

3515 2014 2368 234 celle pour vous donner avis, que j'ay envoye ce jourdhuy p le chariot de

3488 2186 2434 165 gand, adroiture sur menin une petite caisse enviloue de toil ciree contenant

3445 2255 2468 199 1gaunes de velour bleu turquin & adresse a mons: triest vice cure de la

3507 2371 2399 154 paroise de menin suivant vresordre me donne, p vre tres agrecoble lettre

3500 2460 2427 164 du 16 courant, estant de la mesme piece, dont vous avez eu l'eschantillion

3485 2582 2399 147 & ie ne doute pas, que vous trouveray la couleur tres belle vous priant

3482 2682 2311 205 de me crediter, pour mon deboursement en argent de change comme

3503 2812 592 129 en suite scavoir

5361 2805 505 179 £13:6:0

3511 2860 1570 217 19 a velour bleu turqnin a 14 escailins l'a

5269 2959 626 118 „ -:3:4

3506 3017 973 168 pour la caisse & toil civee

4141 3037 1761 226 ensemble en argent de change £13:9:4:

3492 3177 2423 160 il nous at ette fort sensible d'aprendre la mort de mad: vanZeller

3504 3294 2348 198 vre belle soeur, j'ispere que le bon dieu aura receu son ame en la

3495 3410 2388 135 fainte gloire nous ne manquerous pas doffois nos foibles prieres au

3487 3531 2360 184 seigneur a fin qu'elle puis joir de la felveite etcruelle nous vous

3482 3598 2351 177 En faisons nos compliments de condoleances de mesme a toute

3486 3703 2366 237 la famile, vous priant de me croire, que ie suis avec bien du

3507 3841 1999 234 respects & offres de mes services en tous occasions

3510 3974 1817 231 nos complements L:V:P: a madame Crombien

3494 4107 2325 182 pd aprez avoir escrit cette, ie recois l'honneur de la vre dhier

3496 4203 2331 203 avec trois remises sur amtt. les quelles ie sacheray de negosier
