8022 4678
2355 229 780 191 Adij 3 febou: 1733

814 244 1005 190 Lille wed: theodor Jan Zeller

939 327 2266 232 Pour responce a l'honneur de la vre du 30 passé, j'ay ce luy de vous

949 478 2211 173 dire que ie n'avois peu trouves des lettres sur gand a moins

984 561 2287 180 davance pour les lettres ce qui at este cause que ie ne vous

979 673 2270 214 ay remis d'avantage, ie crois de trouves des lettres sur Buuxelles

966 786 2288 234 au pair & l'att endray vre ordre a ce suject, cependant vous pourez

971 936 2263 211 fdrer sur moy & disposer de vre avance comme vous le trouveray

968 1071 419 163 Couvenable

964 1083 2215 247 ce qui regarde mons. Van Hesse, il dit & pretant, que monsr de

961 1277 2259 187 suyndrecht ne pouvoit lalss nus la mere la jouissance des les

964 1372 2179 223 biens, aprez son mariage a cause quil avoit espouze une

964 1487 2211 197 teuve avec, enfans que cette enfans ne pouvoit estre foustre

962 1589 2215 208 de sa part quil pourroit avoir eu, si mons. de Lwjndrecht

978 1715 2203 230 aurayten les revenues qu'il ly estoient due, de son pere

948 1826 2005 237 & grand pere mandez mey, sil vous plait, si mons: de

952 1996 2204 166 suyurecht at consentie a mad. la mere, a la rouissance

963 2086 2157 237 des biens p escrit ou autrement, avant ou esprez son

969 2231 2234 151 mariage, si ceela n'est pas pour seront oblige de vendre

969 2352 2148 151 satisfaction a monss Van Ressel a ce sujelt est aus

971 2440 2152 241 avec bien de lestime & les complements ordsnairez

904 2608 1409 175 BT. si un En faut je viend a marier

965 2696 2242 188 aprez avoir receu une somme de lan mere peut demande

971 2839 2194 197 asprez lon mariage a ce qui pourroit avor droit de la

976 2955 2184 186 mere l'ayant l'aisse en la jous sance du reste, quil

2509 3078 698 207 Ady 26 febru. 1733

978 3096 903 183 luy savit este due

784 3234 993 161 Lille wed: theodor VauZelles

976 3320 2282 241 J'ay receu en son tems les cheres vres du 13 & 21 court vous estant

980 3449 2290 219 bien oblige, du detail me donne p la premiere, touthant l'affaire

976 3584 2221 225 ee quession, vous avez bien raison de dire quiil faut a voir

975 3704 2291 220 envie de chicanner ie vous laisse a considerer quel chagoin

967 3843 1511 175 que cela me fait, il faut vour la suird

970 3903 2212 239 En suite a l'honneur de la seconde, ie vous remet cy joint

968 4055 2258 198 £166:10:0 et a vre p caisse a la charge de mons. relnerus

968 4196 2189 218 servatius jennette a Bruxelles, payable en argent de

984 4326 2165 147 change, negotie a  de vre avance, de misme de

3461 220 2443 160 lautre innluse de 900 escus a 51¼ v7 faisant ƒ1299:7½ de

3460 308 2413 186 change tirez du 8 courant a usance surs mons. Kony a brusxelles

3452 406 2404 200 vous priant de me crediter de l'une & de lautre estant avec biens

3475 529 609 142 des compliments

5099 518 775 214 Ady 2 mars 1733

3355 626 793 222 Lille wed: theodor Van Zeller

3467 714 2432 187 J'ay receu l'honneur de la vre du 28 passe avec avis, que vous aviez receu mes

3488 867 1781 149 remises faites p ma precedente du 25 passe ditto scavoir

3472 979 2410 97 £166:16 sur S remette a brusx elles a  r davance faisant £166:5:10

3465 1048 2408 165 et ƒ1299:8½ sur hony a bruxelles a  avance fait ...„ 216:5:10

3486 1160 2326 162 dont vous este debite a vre compte, que ie ne vous cy marque la juste

3477 1246 2401 142 somme p ma precedente est que la posse parte, trop de bonheur aprez

3459 1385 1982 115 la bourte qu'on na pas le tems de faire les sommations

3468 1454 2350 199 ie recois p vre predite qu'atres lettres de change payable a amst e

3463 1580 2115 175 scavoir une de ƒ 2000:- £333:6:8 sur Jean a touts banco

3467 1673 1644 130 une de . „ 2000:- „ 333:6:8 sur ditto

3473 1757 2055 188 une de  £200:- a 35„ 350:-:- sur mue man & fils

3472 1867 1695 133 une de . „ 160:- „35 „ 280:-:- sur lulofs

3640 1951 2226 214 En semble banco £1296:19:4 les quelles ie tacheray de negtier

3471 2061 2435 226 aujourdhuy sur la bourse En suite vre ordre, & a vre plus grand avantage

3488 2210 2178 172 il'est vruy que les deux premiers sur abouts sent tropoit cort

3480 2294 2362 183 cependant lobserveray, ce que vous me marque souchant ces deux

3479 2436 2326 154 lettres & vous auray au pied de cette, ce qu'il en sera passe, de

3490 2496 2402 226 mesure au suje et des remises sur bouxelus, payable ver le 10 court

3460 2671 2375 157 la negoce est icy tellement diminue, qu'on at de lasqune a

3458 2748 2377 182 trouver des lettres sur lune ou l'autre place en temps qu'on

3475 2853 2396 194 les at besoing. ce qui regarde pour envoyer les especes a bruxelles

3480 2945 2335 218 ie ne trouve pas cela convenable, pour le grand risque & frais

3487 3076 2413 190 madame & chere tante, il ne faut pas faire attention, au peines

3484 3182 2413 206 que vous me donne en vos affaires, compte quil me fait un plaisir

3472 3313 845 156 a vous rendre service

3466 3419 2425 166 D. on at fait tous les devors possibles pour negotier vos lettres de change sur

3474 3514 2376 187 amst. les plus long a courir ont este le premier negotie, et vous en este

3475 3612 656 170 crediti scavoir pour

3493 3664 1898 213 £200:- a 35 ƒ banco £350:- a 1½  de vre avance

3573 3808 1343 144 „160:- a 35  banco „ 280:-„ 1½

3479 3901 2184 185 ayant este oblige de negotier les deux autres a 1¼ avance

3470 4027 834 132 ainsy pour ƒ2000:-

4294 4038 1274 211 ƒ4000:- a 1 de vre avance

3462 4096 771 177 Lautre de muspl „ 2000:-

3485 4220 1427 179 vous priant de m'en debster de conformite

3501 4268 2407 204 pour des lettres sur bruxelles paijable ser le 10 cout, ou plus cour, n'en
