8097 4644
2335 216 807 168 Adij 19 July 1736

912 211 571 173 sendt Coppens

1066 297 1448 202 beantwoort sijn brief van 24 pass

1064 388 2095 213 veel geluck gewenst met de hette erenisse van fisken

1051 546 2185 175 venoght het present door fissien te comen haelen mt

1041 672 630 136 Lijn mamma

1057 713 2027 154 advier van den ontfangh vent manochen met

1058 819 1396 196 Clijtter bloennen & betanckt

2571 854 723 184 Ady 23 jullet 1736

917 940 1535 205 Nivelle Nicolas marcq marchand de piere a feluy

1066 1084 1155 159 au petit cheval blanc a Nivelle

1059 1094 2201 234 J'ay receu vre lettre du 19 courant, p la quelle vous me marque que vous

1045 1249 2237 201 avez charge une grande paitie de piere pour mon ouvrage, a fin de pouvoir

1064 1335 2199 228 commencer, & que jauvay le reste cito que le piedestal sera fait, sur quoy

1060 1426 2245 228 ie vous diray que ie ne suis en mulle maniere d'intention de commencer

1066 1535 2195 214 a travallier, si non, que tous les pieres sont avoive icy outre cela ie

1070 1641 2230 184 ne peu commencer, ou, il faut que j'ay le dessin celon le quel on doit

1063 1763 2233 210 toavallier, ce pour quoy ie vous dis encor p cette, que ie n'accepberay

1058 1902 2177 196 point vos pieres ppaities ainsij vous pouvez faire reposer ceue

1057 1942 2238 236 que vous avez charge, soit chez vous, ou a bruxelles jusquau tems que

1049 2068 2187 232 le reste y soit aussj, sur tout pour louvrage du derriere, n'estant

1061 2195 2222 218 pas presse, pour avoir les deux piedettets et renvoye moy a les

1066 2323 2201 203 reception de cette le dessin sans quoy ie ne peu vien faire. vous

1053 2409 2198 160 dit que vous auviez un grand interest, si vous ne mettiez pas le

1059 2500 2217 190 tout dans une voiture ce sont des discours frivolis dite que le reste

1072 2622 2136 192 nest pas ascheve, considerez que ie soufforrois un plus grand

1048 2746 2241 165 interest, si ie devors faire mettre cette ouvrage en tans que les jours son

1029 2863 2144 147 courtes p vous scavez, que les journces icy sond cheres ce pour quoy

1051 2972 2222 142 ie vous dis de rechef, que si en cas vous ne m'envoye point louvrage

1038 3082 2206 189 du derriere, avec les dessin, pour la fin de ce mois entierement

1044 3180 2237 210 renvoyez moy mon dessu & gardez vos pieres, pour en disposer a

1054 3287 2179 196 vre avantage car ie ne les accepteray point & ie les laisseray

1076 3425 2187 177 icq sur la kay a vre disposition, voua plus qu'n moas au

1052 3530 2052 235 dessus du tems de vre accord & suis Ady 3 aug.

879 3655 882 198 turnhoudt Eglanen

1044 3747 2254 216 naer langh waghtens besomee een ordre vor 160 p

1035 3905 2178 190 tijten de welcke gelieve te besorgen van het

1048 4062 2151 213 alder beste goedt heb compt op 8 degen

1055 4230 1932 198 niet aen bin alles wel te doen &lolije

5772 189 140 116 126

3794 221 1824 145 30 groot lost 20 scelle 10 breede

3779 306 1057 210 20 ¾ groot lost 20

3770 454 1115 184 10 ¼ 3 segels . 40d

3751 588 1168 210 38 3 seges  38d

3815 709 1134 240 2 3 segels 2d

4554 932 1006 191 98 sucle 10 brudt

3734 989 329 140 100 ps

3382 1024 2514 229 Divelle Nicolas marcy marchand de piere a feluy Ady 9 d'aoust 1736

3508 1185 1176 157 qu petit cheval blanc a Nivelle

3483 1253 2413 173 Jay este surpris d'aprendre, que vous estiez icy en ville & que vous ne veniez

3505 1369 2370 133 pas chez moy, ou du moins, vous devriez avoir este voir vre ouvrage a la

3509 1481 2348 173 camp. ie vous escrive cette, pour vous informer, qu'on a comence a mettre

3496 1555 2434 165 louvrage deroier le jardin, les plintes & le cetele sont mises, voila ou nous sommes

3499 1672 2410 144 a la comisse, la quelle se trouve nullement fait pour mettre la cornisse

3507 1812 2336 142 est de trois pieces, scavoir 2ps: pour le pilattres & une piece du mirie

3504 1873 2403 168 il sy trouve une grande faute, que le piece du mi lieu est cornisse plus

3519 1981 2258 158 que la moitice i dedans, qu'elle ne peut estre & les deux pieces qui

3501 2063 2373 148 tiennent au dessus a proportion, voila le quatre ps principales g attees

3526 2180 2361 118 pour vre compte, p pour moy bien des journees perdues, mons: vervoort le

3507 2251 2304 194 marchand de piere l'at examine comme aussij le masson mortens, &

3514 2355 2314 148 plusieurs autres, que m'ont dit ie vous escrire aujourdhuy a fin que

3493 2481 2333 127 vous viendriez a la reception de cette icy a anvers, pour sensillier

3504 2577 2295 121 ce qu'on fera, mons: vervoort dit, qu'il y a moien de le vacomoder

3494 2652 2385 142 ou qui faut les quatres prieces principales toutes neuses voila me bien

3509 2798 2395 144 plante avec mon ouvrage, bien du chagrie pour mon argent mon jardiu

3501 2851 2432 139 en deboit, & En depence d'avoir tous les nuits deux hommes pour gaide

3503 2966 2392 145 a louvrage, en fin patience, ie vous prie dont de vous rendre icy a la

3485 3062 2448 152 reception de cette pour trouver moieu de le racomoder a vre moindre

3478 3190 2430 166 frais, & au pluttot possible afin que mon ouvrage puisse estre escheve

3486 3273 2422 208 avant le mauvais temp & en attendant avec une grande impatience

3503 3407 741 139 de vous voir icy ie suis

4151 3444 1304 213 voiscy comme le comisse et cornisse

4066 3581 679 190 f aitaet toyp prsante
