8084 4658
2492 215 753 142 t1ij Juny 1735

842 223 887 129 turnhout Tuilt: Samen

1010 326 2293 108 lijndentlijck besome een ordre voor 120 ps. tijsken, soo als am

934 418 2383 187 den voedt deser genoteert echter weete niet wat rencke fer mijsent

1009 491 2280 192 mijn vrindt continueel re comandeert van wel te letten, dat in

1009 614 2263 172 stucken wel gesegelt sijn, wilte niet gelooven dat ul 1 eenige

1017 709 2182 191 ongesegelde onder de partye doedt tiene evenwel niet weeten

1004 793 2198 247 can vermits alle de stucken niet gaen examineren, daerom

1015 909 2175 254 gelieft op alles wel te letten, & alderbeste goet te senden naer

971 1051 2324 216 als gelegentheydt liever wat te wachten, om het beste I schoontte

1027 1170 1966 223 goedt te hebben, &t selve alsoo verwaghtende blijve

1104 1295 1570 166 40½ groot sort 20 smalle 20 breede

1121 1405 1137 209 20 J3 segels  20 Jnalle

1133 1551 1147 199 56¼ 3 segels  56 jnalle

1164 1675 1101 173 4½3 segelt  4 suille

2739 1882 126 123 mo

1089 1833 427 221 120 ps

2451 1906 725 221 Ady 8 julij 1735

849 2014 1321 240 Kingee Ballue borgemeester & schepenen

1042 2148 2185 175 ul: missive van 20 meert laest is mij op sijn tijdt wel geword en,

1034 2267 2247 191 waer bij ul beloofde met den eerstendde noodige penniingen te besorgen,

1020 2366 2212 204 tot betalinge van de vervallene troisen ons competerende, tis nu over

998 2475 2209 214 de rij plaenden, dat naer ul: belofte, niets vernomen hebbe, men

1020 2629 2163 171 magh den gevillegen niet al te veel opleggen, gijliden cont wel

997 2727 2268 201 considereren, dat men het lang waghten eens moeij woort, & alsoo

1018 2853 2248 139 onse patientie den eynde loont sooist dat andermael ul noch

1049 2959 2209 185 eens some te vermaenen sijnde desen oock den laesten, die aen

1034 3081 2154 209 als sal schrijven om met terminne betalinge te becomeen,

1023 3196 2129 203 & by faute van effect sullen ons bedienen als naer rande

1016 3336 326 183 blijven

2441 3347 336 213 Adjd

861 3472 700 162 Messele Mocussens

1022 3497 2245 225 alsoo dacolus flans niet en niest vingesien, soo gelieft aen den

1049 3633 2216 235 procureir van berlo te seggen, van met de sasil voorts te gaen,

1037 3781 2273 213 ick ben expres daerom ue stadt gibleven alhoe wel noodtsalielijck

1033 3929 772 157 buyten noodigh was

1051 3986 2173 207 men seght mij datter te beveren enen meen woont die de vinckke

1044 4142 2249 125 metten wel macht derhalven gelieft daer eens naer te inquisereng

1057 4284 2160 170 vermits een paer noodigh hebben sal tegens het cesoen oock

5833 125 112 178 1d

3498 234 2419 113 te intorineren wat die sosten moeten, hoe lanck die sijn7 I hoe breest

3507 310 2370 168 & sal tul : ovesomitte daer over mondeling raport ter waghten

3502 411 1324 193 waer mede naer groetenisse blijven

5081 462 663 210 Ady 3 July 1735

3396 550 1096 184 swijndrecht Van Berlo, procureur

5763 593 151 144 den

3505 657 2320 153 al hoe wil Jacobus Claus getoont hadde van te accorderen over den 18

3532 763 2295 191 penninck in quettie soo hebbe aen s Moenssens voorleden vrijdagh

3520 876 2335 192 gelast met de saecke voorts te gaen, tot dat het accoordt soude sijn

3479 1025 2362 148 getroffen, hij heeft aen ditto claus daer over geschreven, waer om den

3501 1106 2313 191 ingesloten brief aen mij is geschreven, die niet anders considerere

3523 1215 2360 143 als leur termijn, daerom ul sal heden noch een tweede kerck gebrt

3477 1367 2397 161 doen doen, & de sasie sonder het alderminste diley, pousseren, sijnde de

3499 1479 2421 150 reden, waerom desen expres p mijn seneght ul toesende mij geheel

3491 1580 2181 175 op ul goede sorge betrouvende & blijve met geneghentheydt

3507 1667 2178 207 gelieft den ingesloten brief met den seneght mede te geven

5145 1807 643 178 Ady 10 July 1735

3412 1836 1138 217 brugge wed: laurence van rentergen

3474 1958 2374 194 el mij leet aengename das 11 in eert laest op sijn tijet wel ontfanghen

3498 2063 2342 187 daer bij het cognossement van het pack tjken  .N.67 ue voor deseh

3504 2141 2378 179 toegesonden, als mede de resteninge van oncosten, op het selve bedragende

3500 2323 2384 153 in coutant gelt £3:6:8 en waer vooren lerck: is gesreditelt desen tot

3495 2376 2409 133 advies als dat op gisteren ul: toegesonden hebbe droiture een ander

3509 2494 2348 203 pack gemerckt .N.68. inhoudende honden jt wintigh stucken

3483 2611 2396 199 tijick twelck naer geewoonte gelieve te verclaren, & te versenden &

3500 2727 2372 132 eerste vertreck ende schip op london, & t'addresseren aen dheeren John

3481 2844 2347 200 tatuell & son, & d'oncost rcks mij te sateck toecomen, benevient het

3504 2985 2366 186 cognossement cito mogelijck twelck af waghtende blijve naer seer

3523 3082 706 175 minsane groetenisse

5096 3080 610 200 Ady 16 July 1735

3395 3210 868 210 London John batuall & son

3503 3335 2381 174 ie me referre a ma darniere du 25 du passe depuis le 120ps: cotils, ont este

3479 3426 2314 183 pate & envoyez a bruges, dans un ballott  N.68 dont J'ay receu a hier

3418 3573 2492 166 le sognossement & la notice des frais en chmin ce pour quoy ie vous envoye

3493 3649 2418 215 cy deplus la facture, montant en semble en argent de change ƒ1281:2

3490 3780 2382 202 ettant charge, dans le bateau de tichard trad fort, celon l'inclus

3486 3928 2391 171 Coynossemait ditto boadt fort partira pour londres avec le premier

3515 3990 2412 232 end favorable, dieu veuille que vous recevez le dit ballot bien conditione

3519 4127 2033 198 vous y trouveray de la tres belle & bonne marchandise

3500 4231 2437 243 mess. Comme J'ay aschette, une bille maison & sardin a la campaque
