<?xml version="1.0" encoding="UTF-8"?>
<alto xmlns:xsi="http://www.w3.org/2001/XMLSchema-instance"
      xmlns="http://www.loc.gov/standards/alto/ns-v4#"
      xmlns:page="http://schema.primaresearch.org/PAGE/gts/pagecontent/2013-07-15"
      xsi:schemaLocation="http://www.loc.gov/standards/alto/ns-v4# https://www.loc.gov/standards/alto/v4/alto.xsd">
   <Description>
      <MeasurementUnit>pixel</MeasurementUnit>
      <OCRProcessing ID="IdOcr">
         <ocrProcessingStep>
            <processingDateTime>2022-02-11T21:46:27.792+01:00</processingDateTime>
            <processingSoftware>
               <softwareCreator>READ COOP</softwareCreator>
               <softwareName>Transkribus</softwareName>
            </processingSoftware>
         </ocrProcessingStep>
      </OCRProcessing>
   </Description>
   <Layout>
      <Page ID="Page1" PHYSICAL_IMG_NR="1" HEIGHT="4671" WIDTH="8077">
         <TopMargin HEIGHT="0" WIDTH="8077" VPOS="0" HPOS="0"/>
         <LeftMargin HEIGHT="4671" WIDTH="0" VPOS="0" HPOS="0"/>
         <RightMargin HEIGHT="4671" WIDTH="0" VPOS="0" HPOS="8077"/>
         <BottomMargin HEIGHT="0" WIDTH="8077" VPOS="4671" HPOS="0"/>
         <PrintSpace HEIGHT="4671" WIDTH="8077" VPOS="0" HPOS="0">
            <TextBlock ID="region_1644590177583_3855"
                       HEIGHT="4297"
                       WIDTH="2524"
                       VPOS="156"
                       HPOS="761">
               <Shape>
                  <Polygon POINTS="761,156 3285,156 3285,4453 761,4453"/>
               </Shape>
               <TextLine ID="region_1644590177583_3855l1"
                         BASELINE="2384,296 2418,294 2453,292 2487,292 2522,290 2557,290 2591,290 2626,288 2660,288 2695,288 2730,288 2764,288 2799,288 2833,288 2868,288 2903,288 2937,290 2972,290 3006,290 3041,292 3076,292"
                         HEIGHT="164"
                         WIDTH="723"
                         VPOS="200"
                         HPOS="2369">
                  <String ID="string_region_1644590177583_3855l1"
                          HEIGHT="164"
                          WIDTH="723"
                          VPOS="200"
                          HPOS="2369"
                          CONTENT="Ady 10 febru. 1740"/>
               </TextLine>
               <TextLine ID="region_1644590177583_3855l2"
                         BASELINE="890,330 916,328 942,326 968,325 994,324 1021,324 1047,324 1073,324 1099,324 1125,326 1152,326 1178,328 1204,328 1230,330 1256,330 1283,330 1309,330 1335,329 1361,328 1387,325 1414,322"
                         HEIGHT="203"
                         WIDTH="553"
                         VPOS="205"
                         HPOS="876">
                  <String ID="string_region_1644590177583_3855l2"
                          HEIGHT="203"
                          WIDTH="553"
                          VPOS="205"
                          HPOS="876"
                          CONTENT="Gendt Coppens"/>
               </TextLine>
               <TextLine ID="region_1644590177583_3855l3"
                         BASELINE="1024,436 1132,438 1241,440 1350,440 1459,442 1568,442 1677,440 1786,440 1895,438 2004,437 2113,435 2221,434 2330,432 2439,430 2548,428 2657,426 2766,424 2875,422 2984,422 3093,422 3202,422"
                         HEIGHT="157"
                         WIDTH="2208"
                         VPOS="300"
                         HPOS="1009">
                  <String ID="string_region_1644590177583_3855l3"
                          HEIGHT="157"
                          WIDTH="2208"
                          VPOS="300"
                          HPOS="1009"
                          CONTENT="us aengename Jan 7 deser wel ontfanghen daer hit vernomen ul"/>
               </TextLine>
               <TextLine ID="region_1644590177583_3855l4"
                         BASELINE="998,538 1084,540 1170,542 1256,544 1342,544 1429,546 1515,546 1601,546 1687,546 1773,546 1860,546 1946,544 2032,544 2118,542 2204,540 2291,538 2377,536 2463,534 2549,532 2635,528 2722,526"
                         HEIGHT="181"
                         WIDTH="1756"
                         VPOS="430"
                         HPOS="981">
                  <String ID="string_region_1644590177583_3855l4"
                          HEIGHT="181"
                          WIDTH="1756"
                          VPOS="430"
                          HPOS="981"
                          CONTENT="verlies van ul: weirde broeder pater ggidius "/>
               </TextLine>
               <TextLine ID="region_1644590177583_3855l5"
                         BASELINE="1026,654 1131,658 1236,659 1341,660 1446,660 1552,660 1657,660 1762,660 1867,658 1972,657 2078,656 2183,654 2288,652 2393,650 2498,648 2604,646 2709,646 2814,644 2919,644 3024,644 3130,644"
                         HEIGHT="144"
                         WIDTH="2135"
                         VPOS="545"
                         HPOS="1011">
                  <String ID="string_region_1644590177583_3855l5"
                          HEIGHT="144"
                          WIDTH="2135"
                          VPOS="545"
                          HPOS="1011"
                          CONTENT="wat belanght dat ue remitteren soidde het import van de"/>
               </TextLine>
               <TextLine ID="region_1644590177583_3855l6"
                         BASELINE="1026,768 1134,771 1243,774 1351,774 1460,774 1569,774 1677,774 1786,772 1894,770 2003,768 2112,766 2220,764 2329,762 2437,760 2546,759 2655,758 2763,756 2872,756 2980,756 3089,758 3198,760"
                         HEIGHT="207"
                         WIDTH="2206"
                         VPOS="624"
                         HPOS="1009">
                  <String ID="string_region_1644590177583_3855l6"
                          HEIGHT="207"
                          WIDTH="2206"
                          VPOS="624"
                          HPOS="1009"
                          CONTENT="Wissel brieven, laet ue considereren, hoe dat mij sulsx mogelijck"/>
               </TextLine>
               <TextLine ID="region_1644590177583_3855l7"
                         BASELINE="1026,874 1135,878 1244,880 1353,880 1463,880 1572,882 1681,880 1791,880 1900,878 2009,876 2119,876 2228,874 2337,871 2446,868 2556,866 2665,864 2774,862 2884,862 2993,860 3102,860 3212,858"
                         HEIGHT="177"
                         WIDTH="2218"
                         VPOS="760"
                         HPOS="1011">
                  <String ID="string_region_1644590177583_3855l7"
                          HEIGHT="177"
                          WIDTH="2218"
                          VPOS="760"
                          HPOS="1011"
                          CONTENT="is geweest alsoo tot heden het slot van u: rekeninge courant"/>
               </TextLine>
               <TextLine ID="region_1644590177583_3855l8"
                         BASELINE="1026,986 1134,986 1242,988 1351,988 1459,988 1568,990 1676,990 1784,990 1893,988 2001,988 2110,988 2218,986 2326,984 2435,984 2543,982 2652,978 2760,976 2868,973 2977,970 3085,966 3194,962"
                         HEIGHT="202"
                         WIDTH="2199"
                         VPOS="870"
                         HPOS="1012">
                  <String ID="string_region_1644590177583_3855l8"
                          HEIGHT="202"
                          WIDTH="2199"
                          VPOS="870"
                          HPOS="1012"
                          CONTENT="miet hebbe sonnen becomen als tit ¼  avance voor due brief"/>
               </TextLine>
               <TextLine ID="region_1644590177583_3855l9"
                         BASELINE="1022,1092 1128,1096 1234,1099 1340,1100 1447,1102 1553,1104 1659,1104 1766,1104 1872,1102 1978,1102 2085,1100 2191,1098 2297,1096 2403,1094 2510,1091 2616,1088 2722,1084 2829,1082 2935,1078 3041,1076 3148,1072"
                         HEIGHT="184"
                         WIDTH="2158"
                         VPOS="987"
                         HPOS="1005">
                  <String ID="string_region_1644590177583_3855l9"
                          HEIGHT="184"
                          WIDTH="2158"
                          VPOS="987"
                          HPOS="1005"
                          CONTENT="even wel sal trachten de sommen aen ue tot gendt te doen"/>
               </TextLine>
               <TextLine ID="region_1644590177583_3855l10"
                         BASELINE="1040,1212 1145,1214 1251,1216 1357,1218 1463,1218 1569,1218 1675,1218 1781,1218 1887,1216 1993,1216 2099,1214 2204,1212 2310,1210 2416,1208 2522,1206 2628,1204 2734,1200 2840,1198 2946,1196 3052,1193 3158,1190"
                         HEIGHT="188"
                         WIDTH="2148"
                         VPOS="1108"
                         HPOS="1025">
                  <String ID="string_region_1644590177583_3855l10"
                          HEIGHT="188"
                          WIDTH="2148"
                          VPOS="1108"
                          HPOS="1025"
                          CONTENT="betalen, soo mij d'occasie voor comt van sulse a pari te connen"/>
               </TextLine>
               <TextLine ID="region_1644590177583_3855l11"
                         BASELINE="1010,1332 1118,1332 1226,1334 1334,1334 1442,1334 1550,1332 1658,1332 1766,1330 1874,1328 1982,1326 2090,1326 2198,1323 2306,1322 2414,1318 2522,1316 2630,1314 2738,1312 2846,1310 2954,1308 3062,1306 3170,1304"
                         HEIGHT="210"
                         WIDTH="2191"
                         VPOS="1198"
                         HPOS="993">
                  <String ID="string_region_1644590177583_3855l11"
                          HEIGHT="210"
                          WIDTH="2191"
                          VPOS="1198"
                          HPOS="993"
                          CONTENT="doen ingevalle ul eyne acceptatien niet eerder comt in te"/>
               </TextLine>
               <TextLine ID="region_1644590177583_3855l12"
                         BASELINE="1010,1450 1116,1448 1222,1446 1329,1446 1435,1444 1542,1444 1648,1442 1754,1440 1861,1440 1967,1438 2074,1436 2180,1434 2286,1433 2393,1432 2499,1430 2606,1428 2712,1426 2818,1424 2925,1422 3031,1420 3138,1416"
                         HEIGHT="155"
                         WIDTH="2160"
                         VPOS="1363"
                         HPOS="995">
                  <String ID="string_region_1644590177583_3855l12"
                          HEIGHT="155"
                          WIDTH="2160"
                          VPOS="1363"
                          HPOS="995"
                          CONTENT="trecken, ofte te negitieren engesloten sende aen ue mijne"/>
               </TextLine>
               <TextLine ID="region_1644590177583_3855l13"
                         BASELINE="1022,1554 1128,1556 1235,1556 1342,1558 1449,1558 1556,1558 1663,1556 1770,1556 1877,1554 1984,1552 2091,1552 2197,1549 2304,1546 2411,1544 2518,1542 2625,1538 2732,1536 2839,1533 2946,1530 3053,1528 3160,1524"
                         HEIGHT="193"
                         WIDTH="2173"
                         VPOS="1446"
                         HPOS="1004">
                  <String ID="string_region_1644590177583_3855l13"
                          HEIGHT="193"
                          WIDTH="2173"
                          VPOS="1446"
                          HPOS="1004"
                          CONTENT="quitantie van een lijffrente voor de somme van hoedert"/>
               </TextLine>
               <TextLine ID="region_1644590177583_3855l14"
                         BASELINE="1028,1668 1131,1672 1234,1672 1337,1674 1440,1674 1543,1674 1646,1673 1749,1672 1852,1670 1955,1668 2059,1666 2162,1662 2265,1660 2368,1657 2471,1654 2574,1650 2677,1648 2780,1644 2883,1642 2986,1639 3090,1636"
                         HEIGHT="183"
                         WIDTH="2093"
                         VPOS="1572"
                         HPOS="1011">
                  <String ID="string_region_1644590177583_3855l14"
                          HEIGHT="183"
                          WIDTH="2093"
                          VPOS="1572"
                          HPOS="1011"
                          CONTENT="&amp; towinsigh guldens, courant gelt te betalen op het p"/>
               </TextLine>
               <TextLine ID="region_1644590177583_3855l15"
                         BASELINE="1038,1798 1145,1800 1252,1800 1359,1800 1466,1800 1574,1798 1681,1794 1788,1791 1895,1788 2002,1784 2110,1780 2217,1777 2324,1773 2431,1770 2538,1768 2646,1765 2753,1764 2860,1764 2967,1764 3074,1765 3182,1768"
                         HEIGHT="173"
                         WIDTH="2173"
                         VPOS="1654"
                         HPOS="1023">
                  <String ID="string_region_1644590177583_3855l15"
                          HEIGHT="173"
                          WIDTH="2173"
                          VPOS="1654"
                          HPOS="1023"
                          CONTENT="van d heer Walhiers. dock sal ue hier nevens vinden uk: rese"/>
               </TextLine>
               <TextLine ID="region_1644590177583_3855l16"
                         BASELINE="998,1916 1105,1920 1212,1922 1319,1922 1426,1920 1533,1920 1640,1918 1747,1914 1854,1911 1961,1908 2068,1904 2175,1900 2282,1898 2389,1894 2496,1892 2603,1890 2710,1888 2817,1888 2924,1888 3031,1889 3138,1892"
                         HEIGHT="228"
                         WIDTH="2171"
                         VPOS="1769"
                         HPOS="981">
                  <String ID="string_region_1644590177583_3855l16"
                          HEIGHT="228"
                          WIDTH="2171"
                          VPOS="1769"
                          HPOS="981"
                          CONTENT="courant die met de medegaende remise van ƒ163:14 court"/>
               </TextLine>
               <TextLine ID="region_1644590177583_3855l17"
                         BASELINE="1020,2044 1121,2041 1223,2038 1325,2036 1427,2034 1529,2032 1631,2028 1733,2026 1835,2024 1937,2022 2039,2019 2140,2016 2242,2014 2344,2011 2446,2008 2548,2006 2650,2002 2752,1998 2854,1994 2956,1990 3058,1986"
                         HEIGHT="237"
                         WIDTH="2069"
                         VPOS="1865"
                         HPOS="1005">
                  <String ID="string_region_1644590177583_3855l17"
                          HEIGHT="237"
                          WIDTH="2069"
                          VPOS="1865"
                          HPOS="1005"
                          CONTENT="gelt ten latte dh. reynier Minnaert stockhouder tot genet"/>
               </TextLine>
               <TextLine ID="region_1644590177583_3855l18"
                         BASELINE="1000,2148 1107,2148 1215,2147 1323,2146 1430,2144 1538,2142 1646,2140 1753,2138 1861,2136 1969,2134 2077,2130 2184,2127 2292,2124 2400,2120 2507,2116 2615,2112 2723,2108 2830,2105 2938,2101 3046,2098 3154,2094"
                         HEIGHT="214"
                         WIDTH="2186"
                         VPOS="1998"
                         HPOS="983">
                  <String ID="string_region_1644590177583_3855l18"
                          HEIGHT="214"
                          WIDTH="2186"
                          VPOS="1998"
                          HPOS="983"
                          CONTENT="op 8 daghen dato, sult bevinden te sluyten, soo dat hier me de"/>
               </TextLine>
               <TextLine ID="region_1644590177583_3855l19"
                         BASELINE="1002,2266 1109,2266 1217,2266 1325,2264 1433,2263 1541,2260 1649,2256 1757,2253 1865,2250 1973,2245 2081,2240 2188,2236 2296,2232 2404,2228 2512,2224 2620,2220 2728,2218 2836,2216 2944,2216 3052,2216 3160,2216"
                         HEIGHT="208"
                         WIDTH="2189"
                         VPOS="2114"
                         HPOS="986">
                  <String ID="string_region_1644590177583_3855l19"
                          HEIGHT="208"
                          WIDTH="2189"
                          VPOS="2114"
                          HPOS="986"
                          CONTENT="over ue: revenue door mij ontfanghen tot hier toe voldaen"/>
               </TextLine>
               <TextLine ID="region_1644590177583_3855l20"
                         BASELINE="1018,2380 1125,2382 1233,2382 1341,2380 1448,2380 1556,2377 1664,2374 1771,2370 1879,2366 1987,2363 2095,2358 2202,2355 2310,2350 2418,2346 2525,2342 2633,2338 2741,2335 2848,2332 2956,2330 3064,2328 3172,2328"
                         HEIGHT="214"
                         WIDTH="2189"
                         VPOS="2228"
                         HPOS="999">
                  <String ID="string_region_1644590177583_3855l20"
                          HEIGHT="214"
                          WIDTH="2189"
                          VPOS="2228"
                          HPOS="999"
                          CONTENT="sijdt: ue can niet begrijpen het bero dat ue betoone dat"/>
               </TextLine>
               <TextLine ID="region_1644590177583_3855l21"
                         BASELINE="1010,2492 1114,2492 1219,2492 1324,2490 1428,2490 1533,2488 1638,2486 1742,2482 1847,2480 1952,2478 2057,2474 2161,2470 2266,2466 2371,2464 2475,2460 2580,2454 2685,2451 2789,2446 2894,2442 2999,2437 3104,2432"
                         HEIGHT="194"
                         WIDTH="2128"
                         VPOS="2339"
                         HPOS="992">
                  <String ID="string_region_1644590177583_3855l21"
                          HEIGHT="194"
                          WIDTH="2128"
                          VPOS="2339"
                          HPOS="992"
                          CONTENT="de wisselbrieven gemaeckt hebbe niet ongelimitteerden tijdt"/>
               </TextLine>
               <TextLine ID="region_1644590177583_3855l22"
                         BASELINE="1034,2600 1142,2600 1250,2600 1358,2600 1466,2598 1575,2596 1683,2593 1791,2590 1899,2588 2007,2584 2116,2581 2224,2577 2332,2574 2440,2572 2548,2569 2657,2567 2765,2566 2873,2564 2981,2564 3089,2564 3198,2566"
                         HEIGHT="199"
                         WIDTH="2196"
                         VPOS="2452"
                         HPOS="1017">
                  <String ID="string_region_1644590177583_3855l22"
                          HEIGHT="199"
                          WIDTH="2196"
                          VPOS="2452"
                          HPOS="1017"
                          CONTENT="dat seer te verwonderen is, echter geloove dat ue het niet en"/>
               </TextLine>
               <TextLine ID="region_1644590177583_3855l23"
                         BASELINE="1022,2720 1128,2720 1235,2718 1341,2716 1448,2714 1555,2712 1661,2710 1768,2707 1874,2704 1981,2701 2088,2698 2194,2696 2301,2694 2407,2690 2514,2688 2621,2686 2727,2685 2834,2684 2940,2682 3047,2682 3154,2682"
                         HEIGHT="207"
                         WIDTH="2163"
                         VPOS="2569"
                         HPOS="1007">
                  <String ID="string_region_1644590177583_3855l23"
                          HEIGHT="207"
                          WIDTH="2163"
                          VPOS="2569"
                          HPOS="1007"
                          CONTENT="wilt betoonen, maer wel weet, &amp; us: soude in dese conseniture"/>
               </TextLine>
               <TextLine ID="region_1644590177583_3855l24"
                         BASELINE="1034,2830 1140,2830 1247,2830 1353,2830 1460,2830 1567,2828 1673,2826 1780,2824 1886,2822 1993,2818 2100,2816 2206,2814 2313,2812 2419,2810 2526,2808 2633,2806 2739,2804 2846,2804 2952,2804 3059,2806 3166,2808"
                         HEIGHT="189"
                         WIDTH="2164"
                         VPOS="2707"
                         HPOS="1018">
                  <String ID="string_region_1644590177583_3855l24"
                          HEIGHT="189"
                          WIDTH="2164"
                          VPOS="2707"
                          HPOS="1018"
                          CONTENT="van tijdt oock niet geirne respondabel sijn over penninge"/>
               </TextLine>
               <TextLine ID="region_1644590177583_3855l25"
                         BASELINE="1032,2944 1136,2944 1240,2944 1344,2942 1448,2942 1552,2940 1656,2938 1760,2936 1864,2934 1968,2932 2072,2929 2176,2926 2280,2925 2384,2924 2488,2922 2592,2920 2696,2920 2800,2920 2904,2920 3008,2922 3112,2924"
                         HEIGHT="149"
                         WIDTH="2111"
                         VPOS="2840"
                         HPOS="1016">
                  <String ID="string_region_1644590177583_3855l25"
                          HEIGHT="149"
                          WIDTH="2111"
                          VPOS="2840"
                          HPOS="1016"
                          CONTENT="een ander toebehoorende, soude daer over meer mon deline"/>
               </TextLine>
               <TextLine ID="region_1644590177583_3855l26"
                         BASELINE="1018,3074 1123,3070 1229,3066 1334,3063 1440,3060 1545,3056 1651,3052 1756,3050 1862,3046 1967,3044 2073,3040 2178,3038 2284,3035 2389,3032 2495,3030 2600,3028 2706,3028 2811,3026 2917,3026 3022,3026 3128,3026"
                         HEIGHT="182"
                         WIDTH="2143"
                         VPOS="2940"
                         HPOS="1002">
                  <String ID="string_region_1644590177583_3855l26"
                          HEIGHT="182"
                          WIDTH="2143"
                          VPOS="2940"
                          HPOS="1002"
                          CONTENT="leggeen als wel schrijven weer mede naer onse gedaene"/>
               </TextLine>
               <TextLine ID="region_1644590177583_3855l27"
                         BASELINE="1030,3182 1071,3184 1112,3184 1154,3184 1195,3184 1237,3182 1278,3182 1319,3181 1361,3180 1402,3179 1444,3177 1485,3176 1526,3174 1568,3172 1609,3170 1651,3170 1692,3168 1733,3166 1775,3165 1816,3164 1858,3164"
                         HEIGHT="186"
                         WIDTH="864"
                         VPOS="3069"
                         HPOS="1012">
                  <String ID="string_region_1644590177583_3855l27"
                          HEIGHT="186"
                          WIDTH="864"
                          VPOS="3069"
                          HPOS="1012"
                          CONTENT="clqplimenten blijven"/>
               </TextLine>
               <TextLine ID="region_1644590177583_3855l28"
                         BASELINE="2366,3212 2402,3212 2438,3212 2474,3210 2510,3210 2546,3210 2582,3210 2618,3210 2654,3210 2690,3210 2727,3212 2763,3212 2799,3212 2835,3212 2871,3212 2907,3212 2943,3212 2979,3210 3015,3210 3051,3210 3088,3210"
                         HEIGHT="249"
                         WIDTH="753"
                         VPOS="3042"
                         HPOS="2350">
                  <String ID="string_region_1644590177583_3855l28"
                          HEIGHT="249"
                          WIDTH="753"
                          VPOS="3042"
                          HPOS="2350"
                          CONTENT="Ady 27 april 1740"/>
               </TextLine>
               <TextLine ID="region_1644590177583_3855l29"
                         BASELINE="844,3328 876,3325 909,3324 942,3321 975,3320 1008,3318 1041,3316 1074,3314 1107,3313 1140,3312 1173,3310 1205,3310 1238,3309 1271,3308 1304,3308 1337,3308 1370,3308 1403,3308 1436,3308 1469,3310 1502,3310"
                         HEIGHT="153"
                         WIDTH="692"
                         VPOS="3213"
                         HPOS="828">
                  <String ID="string_region_1644590177583_3855l29"
                          HEIGHT="153"
                          WIDTH="692"
                          VPOS="3213"
                          HPOS="828"
                          CONTENT="Melsele Mocussens"/>
               </TextLine>
               <TextLine ID="region_1644590177583_3855l30"
                         BASELINE="1032,3420 1141,3420 1250,3418 1359,3418 1469,3416 1578,3416 1687,3414 1797,3414 1906,3412 2015,3412 2125,3412 2234,3410 2343,3410 2452,3408 2562,3408 2671,3406 2780,3404 2890,3404 2999,3402 3108,3400 3218,3398"
                         HEIGHT="223"
                         WIDTH="2217"
                         VPOS="3275"
                         HPOS="1015">
                  <String ID="string_region_1644590177583_3855l30"
                          HEIGHT="223"
                          WIDTH="2217"
                          VPOS="3275"
                          HPOS="1015"
                          CONTENT="ick brieff 23 deser hebbe wel ontfanghan sedert heeft den sneght"/>
               </TextLine>
               <TextLine ID="region_1644590177583_3855l31"
                         BASELINE="1024,3530 1136,3530 1248,3532 1361,3532 1473,3532 1586,3532 1698,3530 1810,3530 1923,3528 2035,3528 2148,3526 2260,3526 2372,3526 2485,3524 2597,3524 2710,3524 2822,3526 2934,3528 3047,3530 3159,3532 3272,3536"
                         HEIGHT="186"
                         WIDTH="2280"
                         VPOS="3423"
                         HPOS="1008">
                  <String ID="string_region_1644590177583_3855l31"
                          HEIGHT="186"
                          WIDTH="2280"
                          VPOS="3423"
                          HPOS="1008"
                          CONTENT="dan den meyer my thuys gebroght de twee sleghte paudckenr van"/>
               </TextLine>
               <TextLine ID="region_1644590177583_3855l32"
                         BASELINE="1030,3644 1116,3646 1202,3648 1289,3650 1375,3652 1462,3652 1548,3652 1634,3654 1721,3654 1807,3652 1894,3652 1980,3652 2066,3652 2153,3650 2239,3650 2326,3650 2412,3650 2498,3650 2585,3650 2671,3650 2758,3650"
                         HEIGHT="203"
                         WIDTH="1758"
                         VPOS="3527"
                         HPOS="1015">
                  <String ID="string_region_1644590177583_3855l32"
                          HEIGHT="203"
                          WIDTH="1758"
                          VPOS="3527"
                          HPOS="1015"
                          CONTENT="jacobus de vrint stant sint van pieter staes"/>
               </TextLine>
               <TextLine ID="region_1644590177583_3855l33"
                         BASELINE="1026,3762 1134,3763 1243,3764 1352,3764 1461,3764 1570,3764 1678,3764 1787,3764 1896,3764 2005,3764 2114,3764 2222,3764 2331,3764 2440,3766 2549,3766 2658,3766 2766,3766 2875,3768 2984,3770 3093,3772 3202,3774"
                         HEIGHT="195"
                         WIDTH="2208"
                         VPOS="3655"
                         HPOS="1010">
                  <String ID="string_region_1644590177583_3855l33"
                          HEIGHT="195"
                          WIDTH="2208"
                          VPOS="3655"
                          HPOS="1010"
                          CONTENT="al soo sien, dat van hendric van den niuwenhuyse beenhouwer"/>
               </TextLine>
               <TextLine ID="region_1644590177583_3855l34"
                         BASELINE="1022,3872 1130,3872 1239,3872 1348,3872 1457,3874 1566,3874 1675,3876 1784,3876 1893,3878 2002,3878 2111,3880 2219,3880 2328,3882 2437,3882 2546,3882 2655,3884 2764,3884 2873,3884 2982,3884 3091,3884 3200,3882"
                         HEIGHT="200"
                         WIDTH="2210"
                         VPOS="3766"
                         HPOS="1006">
                  <String ID="string_region_1644590177583_3855l34"
                          HEIGHT="200"
                          WIDTH="2210"
                          VPOS="3766"
                          HPOS="1006"
                          CONTENT="al hier, in geen derleye maniere &amp; sal connen betaelt worden"/>
               </TextLine>
               <TextLine ID="region_1644590177583_3855l35"
                         BASELINE="1004,3990 1117,3990 1230,3992 1343,3992 1456,3992 1570,3992 1683,3992 1796,3992 1909,3992 2022,3992 2136,3992 2249,3992 2362,3994 2475,3996 2588,3998 2702,4000 2815,4004 2928,4009 3041,4014 3154,4020 3268,4028"
                         HEIGHT="192"
                         WIDTH="2297"
                         VPOS="3875"
                         HPOS="987">
                  <String ID="string_region_1644590177583_3855l35"
                          HEIGHT="192"
                          WIDTH="2297"
                          VPOS="3875"
                          HPOS="987"
                          CONTENT="soo sal ue door den meyer van vijndrecht aer rest doen doen"/>
               </TextLine>
               <TextLine ID="region_1644590177583_3855l36"
                         BASELINE="1028,4112 1057,4112 1087,4112 1116,4112 1146,4112 1175,4110 1205,4110 1234,4110 1264,4109 1293,4108 1323,4108 1352,4107 1382,4106 1411,4106 1441,4106 1470,4106 1500,4106 1529,4106 1559,4108 1588,4108 1618,4110"
                         HEIGHT="159"
                         WIDTH="620"
                         VPOS="4011"
                         HPOS="1012">
                  <String ID="string_region_1644590177583_3855l36"
                          HEIGHT="159"
                          WIDTH="620"
                          VPOS="4011"
                          HPOS="1012"
                          CONTENT="in handen van"/>
               </TextLine>
               <TextLine ID="region_1644590177583_3855l37"
                         BASELINE="2204,4110 2252,4111 2300,4112 2348,4112 2396,4112 2445,4112 2493,4113 2541,4114 2589,4114 2637,4116 2686,4116 2734,4117 2782,4118 2830,4120 2878,4121 2927,4124 2975,4125 3023,4127 3071,4130 3119,4134 3168,4136"
                         HEIGHT="176"
                         WIDTH="993"
                         VPOS="4020"
                         HPOS="2190">
                  <String ID="string_region_1644590177583_3855l37"
                          HEIGHT="176"
                          WIDTH="993"
                          VPOS="4020"
                          HPOS="2190"
                          CONTENT="op soo danige peglen "/>
               </TextLine>
               <TextLine ID="region_1644590177583_3855l38"
                         BASELINE="1036,4214 1144,4214 1252,4212 1360,4212 1469,4212 1577,4212 1685,4214 1794,4214 1902,4216 2010,4218 2119,4218 2227,4220 2335,4222 2443,4224 2552,4227 2660,4229 2768,4230 2877,4232 2985,4234 3093,4236 3202,4238"
                         HEIGHT="170"
                         WIDTH="2196"
                         VPOS="4106"
                         HPOS="1021">
                  <String ID="string_region_1644590177583_3855l38"
                          HEIGHT="170"
                          WIDTH="2196"
                          VPOS="4106"
                          HPOS="1021"
                          CONTENT="als hij schvoldigh soude connen wesen, &amp; sal desen dienen tot"/>
               </TextLine>
               <TextLine ID="region_1644590177583_3855l39"
                         BASELINE="1018,4338 1126,4336 1235,4336 1343,4336 1452,4336 1560,4336 1669,4336 1777,4338 1886,4338 1994,4338 2103,4340 2211,4340 2320,4342 2428,4342 2537,4344 2645,4346 2754,4348 2862,4349 2971,4352 3079,4354 3188,4356"
                         HEIGHT="195"
                         WIDTH="2203"
                         VPOS="4239"
                         HPOS="1002">
                  <String ID="string_region_1644590177583_3855l39"
                          HEIGHT="195"
                          WIDTH="2203"
                          VPOS="4239"
                          HPOS="1002"
                          CONTENT="schriftelijckken last, wor den meyer, &amp; alst voorders"/>
               </TextLine>
            </TextBlock>
            <TextBlock ID="region_1644590181343_3858"
                       HEIGHT="4214"
                       WIDTH="2478"
                       VPOS="185"
                       HPOS="3396">
               <Shape>
                  <Polygon POINTS="3396,185 5874,185 5874,4399 3396,4399"/>
               </Shape>
               <TextLine ID="region_1644590181343_3858l1"
                         BASELINE="3492,286 3610,290 3729,292 3848,294 3967,295 4086,296 4204,298 4323,298 4442,298 4561,300 4680,300 4798,300 4917,300 5036,302 5155,302 5274,302 5392,302 5511,302 5630,302 5749,304 5868,304"
                         HEIGHT="135"
                         WIDTH="2405"
                         VPOS="201"
                         HPOS="3478">
                  <String ID="string_region_1644590181343_3858l1"
                          HEIGHT="135"
                          WIDTH="2405"
                          VPOS="201"
                          HPOS="3478"
                          CONTENT="noodigh sal wesen, gelieft mij het proeet toe te senden om het selve"/>
               </TextLine>
               <TextLine ID="region_1644590181343_3858l2"
                         BASELINE="3496,390 3614,392 3733,394 3851,396 3970,398 4089,400 4207,402 4326,404 4444,404 4563,406 4682,406 4800,408 4919,408 5037,408 5156,410 5275,410 5393,410 5512,410 5630,410 5749,410 5868,410"
                         HEIGHT="142"
                         WIDTH="2406"
                         VPOS="336"
                         HPOS="3479">
                  <String ID="string_region_1644590181343_3858l2"
                          HEIGHT="142"
                          WIDTH="2406"
                          VPOS="336"
                          HPOS="3479"
                          CONTENT="ue sijn volle forme te confirmeren wille niet gelevoves dat die"/>
               </TextLine>
               <TextLine ID="region_1644590181343_3858l3"
                         BASELINE="3488,504 3607,504 3726,506 3845,506 3964,508 4083,508 4202,510 4321,510 4440,512 4559,514 4678,514 4797,516 4916,518 5035,518 5154,520 5273,520 5392,522 5511,522 5630,524 5749,524 5868,524"
                         HEIGHT="127"
                         WIDTH="2411"
                         VPOS="436"
                         HPOS="3472">
                  <String ID="string_region_1644590181343_3858l3"
                          HEIGHT="127"
                          WIDTH="2411"
                          VPOS="436"
                          HPOS="3472"
                          CONTENT="pemeingen souden betaelt sijn ue n ant uoort hier op verwaghtent"/>
               </TextLine>
               <TextLine ID="region_1644590181343_3858l4"
                         BASELINE="3500,608 3542,611 3584,614 3626,616 3668,618 3710,618 3752,618 3794,619 3836,618 3878,618 3920,618 3962,618 4004,616 4046,616 4088,616 4130,616 4172,616 4214,616 4256,616 4298,618 4340,618"
                         HEIGHT="179"
                         WIDTH="871"
                         VPOS="512"
                         HPOS="3484">
                  <String ID="string_region_1644590181343_3858l4"
                          HEIGHT="179"
                          WIDTH="871"
                          VPOS="512"
                          HPOS="3484"
                          CONTENT="blijve naer groetenisse"/>
               </TextLine>
               <TextLine ID="region_1644590181343_3858l5"
                         BASELINE="5130,692 5163,692 5197,692 5230,692 5264,692 5297,692 5331,692 5364,692 5398,694 5431,694 5465,694 5498,696 5532,696 5565,696 5599,696 5632,696 5666,696 5699,696 5733,696 5766,694 5800,694"
                         HEIGHT="223"
                         WIDTH="702"
                         VPOS="551"
                         HPOS="5114">
                  <String ID="string_region_1644590181343_3858l5"
                          HEIGHT="223"
                          WIDTH="702"
                          VPOS="551"
                          HPOS="5114"
                          CONTENT="Ady 29 april 1740"/>
               </TextLine>
               <TextLine ID="region_1644590181343_3858l6"
                         BASELINE="3410,756 3437,754 3464,753 3491,752 3518,750 3545,750 3572,749 3599,748 3626,748 3653,750 3681,750 3708,750 3735,751 3762,752 3789,752 3816,754 3843,755 3870,756 3897,756 3924,757 3952,758"
                         HEIGHT="160"
                         WIDTH="575"
                         VPOS="631"
                         HPOS="3393">
                  <String ID="string_region_1644590181343_3858l6"
                          HEIGHT="160"
                          WIDTH="575"
                          VPOS="631"
                          HPOS="3393"
                          CONTENT="oel vercaiteren"/>
               </TextLine>
               <TextLine ID="region_1644590181343_3858l7"
                         BASELINE="3488,848 3604,852 3720,856 3836,859 3952,862 4068,864 4184,866 4300,868 4416,870 4532,870 4648,872 4764,874 4880,876 4996,878 5112,879 5228,882 5344,884 5460,888 5576,892 5692,896 5808,902"
                         HEIGHT="206"
                         WIDTH="2351"
                         VPOS="762"
                         HPOS="3473">
                  <String ID="string_region_1644590181343_3858l7"
                          HEIGHT="206"
                          WIDTH="2351"
                          VPOS="762"
                          HPOS="3473"
                          CONTENT="hebbe al in afwaghtinge geweest, dat ul mij soude toegesonden hebben"/>
               </TextLine>
               <TextLine ID="region_1644590181343_3858l8"
                         BASELINE="3492,956 3610,960 3729,963 3848,966 3967,970 4086,972 4204,976 4323,978 4442,982 4561,984 4680,986 4798,990 4917,992 5036,994 5155,997 5274,1000 5392,1002 5511,1004 5630,1006 5749,1008 5868,1010"
                         HEIGHT="203"
                         WIDTH="2409"
                         VPOS="874"
                         HPOS="3477">
                  <String ID="string_region_1644590181343_3858l8"
                          HEIGHT="203"
                          WIDTH="2409"
                          VPOS="874"
                          HPOS="3477"
                          CONTENT="de vier viertelen saruwe, mj competerende over &amp; van het jaer lant packt"/>
               </TextLine>
               <TextLine ID="region_1644590181343_3858l9"
                         BASELINE="3486,1064 3602,1067 3718,1070 3834,1074 3950,1078 4067,1082 4183,1085 4299,1089 4415,1093 4531,1096 4648,1100 4764,1104 4880,1106 4996,1110 5112,1112 5229,1115 5345,1118 5461,1120 5577,1122 5693,1122 5810,1124"
                         HEIGHT="156"
                         WIDTH="2358"
                         VPOS="998"
                         HPOS="3469">
                  <String ID="string_region_1644590181343_3858l9"
                          HEIGHT="156"
                          WIDTH="2358"
                          VPOS="998"
                          HPOS="3469"
                          CONTENT="verschenen bamis 1738 ats mede de ƒ42:- resterende van de selve"/>
               </TextLine>
               <TextLine ID="region_1644590181343_3858l10"
                         BASELINE="3496,1174 3614,1179 3732,1184 3851,1190 3969,1194 4088,1198 4206,1202 4324,1206 4443,1210 4561,1212 4680,1215 4798,1218 4916,1222 5035,1224 5153,1226 5272,1229 5390,1232 5508,1234 5627,1236 5745,1240 5864,1242"
                         HEIGHT="163"
                         WIDTH="2402"
                         VPOS="1131"
                         HPOS="3480">
                  <String ID="string_region_1644590181343_3858l10"
                          HEIGHT="163"
                          WIDTH="2402"
                          VPOS="1131"
                          HPOS="3480"
                          CONTENT="pachte in gelde, geloove niet gedaen hebt om het quaedt weder ende"/>
               </TextLine>
               <TextLine ID="region_1644590181343_3858l11"
                         BASELINE="3476,1284 3593,1290 3710,1296 3827,1302 3944,1307 4061,1311 4178,1316 4295,1320 4412,1324 4529,1328 4646,1331 4763,1334 4880,1338 4997,1341 5114,1344 5231,1348 5348,1350 5465,1354 5582,1358 5699,1360 5816,1364"
                         HEIGHT="182"
                         WIDTH="2371"
                         VPOS="1219"
                         HPOS="3460">
                  <String ID="string_region_1644590181343_3858l11"
                          HEIGHT="182"
                          WIDTH="2371"
                          VPOS="1219"
                          HPOS="3460"
                          CONTENT="quaede wegen, evenwel terwijlent nu schoon droogh weder is en de "/>
               </TextLine>
               <TextLine ID="region_1644590181343_3858l12"
                         BASELINE="3480,1402 3599,1406 3718,1411 3837,1414 3956,1420 4075,1424 4194,1428 4313,1432 4432,1436 4551,1439 4670,1442 4789,1446 4908,1450 5027,1454 5146,1458 5265,1462 5384,1465 5503,1470 5622,1473 5741,1478 5860,1482"
                         HEIGHT="234"
                         WIDTH="2412"
                         VPOS="1308"
                         HPOS="3465">
                  <String ID="string_region_1644590181343_3858l12"
                          HEIGHT="234"
                          WIDTH="2412"
                          VPOS="1308"
                          HPOS="3465"
                          CONTENT="wegen goedt sijn, &amp; dat de taruwe noodigh hebbe in mijn huys houden,"/>
               </TextLine>
               <TextLine ID="region_1644590181343_3858l13"
                         BASELINE="3462,1522 3575,1524 3689,1527 3803,1530 3916,1533 4030,1537 4144,1542 4257,1546 4371,1551 4485,1556 4599,1560 4712,1564 4826,1569 4940,1574 5053,1577 5167,1580 5281,1582 5394,1584 5508,1586 5622,1586 5736,1584"
                         HEIGHT="202"
                         WIDTH="2304"
                         VPOS="1438"
                         HPOS="3445">
                  <String ID="string_region_1644590181343_3858l13"
                          HEIGHT="202"
                          WIDTH="2304"
                          VPOS="1438"
                          HPOS="3445"
                          CONTENT="soo versoecke de selve te senden cito mogelijck, waer op mij"/>
               </TextLine>
               <TextLine ID="region_1644590181343_3858l14"
                         BASELINE="3476,1636 3537,1638 3598,1640 3659,1642 3720,1644 3782,1648 3843,1650 3904,1652 3965,1654 4026,1657 4088,1658 4149,1662 4210,1664 4271,1666 4332,1670 4394,1672 4455,1674 4516,1678 4577,1680 4638,1682 4700,1684"
                         HEIGHT="223"
                         WIDTH="1258"
                         VPOS="1536"
                         HPOS="3461">
                  <String ID="string_region_1644590181343_3858l14"
                          HEIGHT="223"
                          WIDTH="1258"
                          VPOS="1536"
                          HPOS="3461"
                          CONTENT="betrouwende blijve naer groeteanisse"/>
               </TextLine>
               <TextLine ID="region_1644590181343_3858l15"
                         BASELINE="5106,1728 5141,1729 5176,1730 5211,1730 5247,1732 5282,1732 5317,1732 5353,1734 5388,1734 5423,1735 5459,1736 5494,1736 5529,1738 5564,1738 5600,1741 5635,1742 5670,1744 5706,1745 5741,1748 5776,1750 5812,1752"
                         HEIGHT="215"
                         WIDTH="737"
                         VPOS="1602"
                         HPOS="5091">
                  <String ID="string_region_1644590181343_3858l15"
                          HEIGHT="215"
                          WIDTH="737"
                          VPOS="1602"
                          HPOS="5091"
                          CONTENT="Ady 29 apuil 1740"/>
               </TextLine>
               <TextLine ID="region_1644590181343_3858l16"
                         BASELINE="3410,1776 3450,1776 3491,1774 3531,1776 3572,1776 3613,1776 3653,1778 3694,1778 3734,1780 3775,1782 3816,1784 3856,1784 3897,1786 3937,1788 3978,1788 4019,1790 4059,1790 4100,1791 4140,1790 4181,1790 4222,1790"
                         HEIGHT="163"
                         WIDTH="848"
                         VPOS="1667"
                         HPOS="3393">
                  <String ID="string_region_1644590181343_3858l16"
                          HEIGHT="163"
                          WIDTH="848"
                          VPOS="1667"
                          HPOS="3393"
                          CONTENT="procht dheer Jan sacker "/>
               </TextLine>
               <TextLine ID="region_1644590181343_3858l17"
                         BASELINE="3460,1886 3574,1890 3688,1893 3803,1896 3917,1898 4032,1902 4146,1904 4260,1907 4375,1910 4489,1912 4604,1914 4718,1916 4832,1919 4947,1920 5061,1924 5176,1926 5290,1928 5404,1930 5519,1932 5633,1934 5748,1936"
                         HEIGHT="196"
                         WIDTH="2317"
                         VPOS="1811"
                         HPOS="3446">
                  <String ID="string_region_1644590181343_3858l17"
                          HEIGHT="196"
                          WIDTH="2317"
                          VPOS="1811"
                          HPOS="3446"
                          CONTENT="Alsoo de borgemce sters van bracht al te langh in mora blijven,"/>
               </TextLine>
               <TextLine ID="region_1644590181343_3858l18"
                         BASELINE="3468,1994 3588,1998 3708,2001 3828,2004 3948,2007 4068,2010 4188,2012 4308,2015 4428,2018 4548,2020 4668,2022 4788,2026 4908,2028 5028,2032 5148,2034 5268,2038 5388,2040 5508,2044 5628,2048 5748,2052 5868,2058"
                         HEIGHT="185"
                         WIDTH="2431"
                         VPOS="1931"
                         HPOS="3453">
                  <String ID="string_region_1644590181343_3858l18"
                          HEIGHT="185"
                          WIDTH="2431"
                          VPOS="1931"
                          HPOS="3453"
                          CONTENT="van de verschene croisen te coment betalen, dat ue. hier rescontraende "/>
               </TextLine>
               <TextLine ID="region_1644590181343_3858l19"
                         BASELINE="3482,2108 3593,2110 3705,2112 3817,2114 3928,2116 4040,2119 4152,2122 4263,2124 4375,2128 4487,2130 4599,2134 4710,2136 4822,2140 4934,2142 5045,2144 5157,2148 5269,2150 5380,2152 5492,2153 5604,2155 5716,2156"
                         HEIGHT="220"
                         WIDTH="2266"
                         VPOS="2006"
                         HPOS="3466">
                  <String ID="string_region_1644590181343_3858l19"
                          HEIGHT="220"
                          WIDTH="2266"
                          VPOS="2006"
                          HPOS="3466"
                          CONTENT="mij geseydt hebt dat ut: maer soude laeten weten als sij niet"/>
               </TextLine>
               <TextLine ID="region_1644590181343_3858l20"
                         BASELINE="3478,2226 3597,2226 3716,2226 3835,2228 3954,2230 4073,2232 4192,2234 4311,2237 4430,2240 4549,2242 4669,2246 4788,2248 4907,2252 5026,2254 5145,2256 5264,2258 5383,2260 5502,2260 5621,2260 5740,2260 5860,2260"
                         HEIGHT="159"
                         WIDTH="2411"
                         VPOS="2127"
                         HPOS="3463">
                  <String ID="string_region_1644590181343_3858l20"
                          HEIGHT="159"
                          WIDTH="2411"
                          VPOS="2127"
                          HPOS="3463"
                          CONTENT="op passen, soo neme de libertijdt van ue te noteven, dat maer vooldaen"/>
               </TextLine>
               <TextLine ID="region_1644590181343_3858l21"
                         BASELINE="3476,2332 3592,2332 3708,2332 3824,2334 3940,2336 4057,2339 4173,2342 4289,2346 4405,2349 4521,2352 4638,2356 4754,2360 4870,2364 4986,2366 5102,2368 5219,2370 5335,2372 5451,2372 5567,2370 5683,2369 5800,2366"
                         HEIGHT="211"
                         WIDTH="2355"
                         VPOS="2239"
                         HPOS="3461">
                  <String ID="string_region_1644590181343_3858l21"
                          HEIGHT="211"
                          WIDTH="2355"
                          VPOS="2239"
                          HPOS="3461"
                          CONTENT="ben het jaer verschenen 15 sber 1737 t welc ontfanghen hebbe op"/>
               </TextLine>
               <TextLine ID="region_1644590181343_3858l22"
                         BASELINE="3468,2436 3586,2439 3704,2442 3822,2446 3940,2448 4058,2452 4176,2454 4294,2458 4412,2460 4530,2464 4648,2466 4766,2469 4884,2472 5002,2476 5120,2478 5238,2481 5356,2484 5474,2488 5592,2490 5710,2494 5828,2496"
                         HEIGHT="149"
                         WIDTH="2392"
                         VPOS="2390"
                         HPOS="3451">
                  <String ID="string_region_1644590181343_3858l22"
                          HEIGHT="149"
                          WIDTH="2392"
                          VPOS="2390"
                          HPOS="3451"
                          CONTENT="14 gber 1738 soo dat int gar 1139 nimant is omgesieen om eenighe "/>
               </TextLine>
               <TextLine ID="region_1644590181343_3858l23"
                         BASELINE="3468,2554 3587,2556 3707,2558 3826,2560 3946,2564 4066,2566 4185,2568 4305,2572 4424,2576 4544,2578 4664,2582 4783,2585 4903,2588 5022,2592 5142,2595 5262,2598 5381,2600 5501,2604 5620,2606 5740,2608 5860,2610"
                         HEIGHT="201"
                         WIDTH="2423"
                         VPOS="2474"
                         HPOS="3453">
                  <String ID="string_region_1644590181343_3858l23"
                          HEIGHT="201"
                          WIDTH="2423"
                          VPOS="2474"
                          HPOS="3453"
                          CONTENT="betalinge te doen, sijnde nn verachtert  jaeren, versoeckende de"/>
               </TextLine>
               <TextLine ID="region_1644590181343_3858l24"
                         BASELINE="3478,2672 3593,2672 3708,2674 3823,2676 3938,2678 4053,2681 4168,2684 4283,2688 4398,2690 4513,2694 4629,2698 4744,2702 4859,2706 4974,2710 5089,2713 5204,2716 5319,2719 5434,2722 5549,2724 5664,2726 5780,2728"
                         HEIGHT="197"
                         WIDTH="2336"
                         VPOS="2572"
                         HPOS="3461">
                  <String ID="string_region_1644590181343_3858l24"
                          HEIGHT="197"
                          WIDTH="2336"
                          VPOS="2572"
                          HPOS="3461"
                          CONTENT="ontfangers eent te vermaenen, sult verobligeren die met veele"/>
               </TextLine>
               <TextLine ID="region_1644590181343_3858l25"
                         BASELINE="3466,2788 3498,2789 3531,2790 3564,2792 3597,2792 3630,2792 3663,2793 3696,2794 3729,2793 3762,2792 3795,2792 3827,2792 3860,2792 3893,2791 3926,2790 3959,2790 3992,2790 4025,2790 4058,2790 4091,2790 4124,2790"
                         HEIGHT="136"
                         WIDTH="690"
                         VPOS="2696"
                         HPOS="3451">
                  <String ID="string_region_1644590181343_3858l25"
                          HEIGHT="136"
                          WIDTH="690"
                          VPOS="2696"
                          HPOS="3451"
                          CONTENT="acsitinge blijven"/>
               </TextLine>
               <TextLine ID="region_1644590181343_3858l26"
                         BASELINE="5080,2854 5113,2854 5146,2854 5179,2854 5212,2854 5245,2856 5278,2856 5311,2856 5344,2858 5377,2858 5410,2860 5443,2860 5476,2862 5509,2863 5542,2864 5575,2865 5608,2867 5641,2868 5674,2870 5707,2873 5740,2874"
                         HEIGHT="181"
                         WIDTH="694"
                         VPOS="2754"
                         HPOS="5063">
                  <String ID="string_region_1644590181343_3858l26"
                          HEIGHT="181"
                          WIDTH="694"
                          VPOS="2754"
                          HPOS="5063"
                          CONTENT="Ady 23 meiy 1740"/>
               </TextLine>
               <TextLine ID="region_1644590181343_3858l27"
                         BASELINE="3396,2928 3438,2928 3481,2926 3524,2926 3567,2924 3610,2924 3652,2922 3695,2922 3738,2920 3781,2920 3824,2920 3866,2920 3909,2920 3952,2920 3995,2920 4038,2920 4080,2922 4123,2922 4166,2924 4209,2926 4252,2928"
                         HEIGHT="185"
                         WIDTH="887"
                         VPOS="2821"
                         HPOS="3381">
                  <String ID="string_region_1644590181343_3858l27"
                          HEIGHT="185"
                          WIDTH="887"
                          VPOS="2821"
                          HPOS="3381"
                          CONTENT="Relsele Jan B. Mocusseus"/>
               </TextLine>
               <TextLine ID="region_1644590181343_3858l28"
                         BASELINE="3464,3042 3584,3042 3704,3042 3824,3042 3944,3042 4065,3042 4185,3042 4305,3042 4425,3040 4545,3040 4666,3040 4786,3040 4906,3041 5026,3042 5146,3042 5267,3044 5387,3045 5507,3047 5627,3048 5747,3052 5868,3056"
                         HEIGHT="237"
                         WIDTH="2435"
                         VPOS="2892"
                         HPOS="3448">
                  <String ID="string_region_1644590181343_3858l28"
                          HEIGHT="237"
                          WIDTH="2435"
                          VPOS="2892"
                          HPOS="3448"
                          CONTENT="verneume uyt ue missive van gitteren, dat gudoins verdich gerefuseert heeft"/>
               </TextLine>
               <TextLine ID="region_1644590181343_3858l29"
                         BASELINE="3442,3162 3559,3160 3677,3158 3794,3156 3912,3154 4030,3154 4147,3154 4265,3154 4382,3154 4500,3154 4618,3154 4735,3155 4853,3156 4970,3156 5088,3158 5206,3158 5323,3160 5441,3160 5558,3162 5676,3162 5794,3162"
                         HEIGHT="149"
                         WIDTH="2381"
                         VPOS="3052"
                         HPOS="3427">
                  <String ID="string_region_1644590181343_3858l29"
                          HEIGHT="149"
                          WIDTH="2381"
                          VPOS="3052"
                          HPOS="3427"
                          CONTENT="den oedt te doen, &amp;en dat hij geene pauden versteken heeft doen ofte"/>
               </TextLine>
               <TextLine ID="region_1644590181343_3858l30"
                         BASELINE="3452,3284 3570,3279 3689,3274 3807,3270 3926,3268 4045,3266 4163,3266 4282,3266 4400,3266 4519,3266 4638,3268 4756,3268 4875,3270 4993,3272 5112,3274 5231,3276 5349,3276 5468,3278 5586,3278 5705,3278 5824,3278"
                         HEIGHT="209"
                         WIDTH="2402"
                         VPOS="3163"
                         HPOS="3437">
                  <String ID="string_region_1644590181343_3858l30"
                          HEIGHT="209"
                          WIDTH="2402"
                          VPOS="3163"
                          HPOS="3437"
                          CONTENT="laeten versteken directelijck oft indirechtelijck, achtergelaten bij pieter"/>
               </TextLine>
               <TextLine ID="region_1644590181343_3858l31"
                         BASELINE="3454,3394 3572,3390 3690,3386 3809,3384 3927,3382 4046,3382 4164,3382 4282,3382 4401,3384 4519,3386 4638,3388 4756,3390 4874,3392 4993,3394 5111,3396 5230,3398 5348,3400 5466,3402 5585,3404 5703,3404 5822,3404"
                         HEIGHT="169"
                         WIDTH="2400"
                         VPOS="3324"
                         HPOS="3438">
                  <String ID="string_region_1644590181343_3858l31"
                          HEIGHT="169"
                          WIDTH="2400"
                          VPOS="3324"
                          HPOS="3438"
                          CONTENT="endich joengen can gestorven, oock dat de wed: van frans: terbruysen"/>
               </TextLine>
               <TextLine ID="region_1644590181343_3858l32"
                         BASELINE="3462,3500 3581,3500 3701,3500 3821,3502 3941,3502 4061,3502 4181,3504 4301,3506 4421,3506 4541,3508 4661,3510 4780,3511 4900,3512 5020,3514 5140,3516 5260,3516 5380,3518 5500,3520 5620,3520 5740,3522 5860,3522"
                         HEIGHT="191"
                         WIDTH="2430"
                         VPOS="3416"
                         HPOS="3446">
                  <String ID="string_region_1644590181343_3858l32"
                          HEIGHT="191"
                          WIDTH="2430"
                          VPOS="3416"
                          HPOS="3446"
                          CONTENT="het selve heeft gedacc, dit alles dienende om den hure sijne grechtigeyde "/>
               </TextLine>
               <TextLine ID="region_1644590181343_3858l33"
                         BASELINE="3438,3598 3464,3600 3490,3604 3516,3607 3542,3609 3569,3611 3595,3613 3621,3614 3647,3616 3673,3616 3700,3617 3726,3618 3752,3618 3778,3618 3804,3618 3831,3617 3857,3616 3883,3616 3909,3616 3936,3614"
                         HEIGHT="181"
                         WIDTH="532"
                         VPOS="3513"
                         HPOS="3421">
                  <String ID="string_region_1644590181343_3858l33"
                          HEIGHT="181"
                          WIDTH="532"
                          VPOS="3513"
                          HPOS="3421"
                          CONTENT="te fronderen"/>
               </TextLine>
               <TextLine ID="region_1644590181343_3858l34"
                         BASELINE="3456,3720 3576,3722 3697,3724 3817,3726 3938,3728 4059,3730 4179,3732 4300,3732 4420,3734 4541,3734 4662,3734 4782,3734 4903,3734 5023,3734 5144,3734 5265,3732 5385,3732 5506,3732 5626,3730 5747,3730 5868,3728"
                         HEIGHT="194"
                         WIDTH="2441"
                         VPOS="3595"
                         HPOS="3441">
                  <String ID="string_region_1644590181343_3858l34"
                          HEIGHT="194"
                          WIDTH="2441"
                          VPOS="3595"
                          HPOS="3441"
                          CONTENT="waerom ue bij dese ordonnere van requette te presenteren tot hunnen"/>
               </TextLine>
               <TextLine ID="region_1644590181343_3858l35"
                         BASELINE="3456,3826 3575,3829 3694,3832 3813,3834 3932,3836 4051,3838 4170,3839 4289,3840 4408,3840 4527,3842 4647,3842 4766,3842 4885,3842 5004,3842 5123,3842 5242,3842 5361,3842 5480,3842 5599,3842 5718,3843 5838,3844"
                         HEIGHT="162"
                         WIDTH="2414"
                         VPOS="3735"
                         HPOS="3441">
                  <String ID="string_region_1644590181343_3858l35"
                          HEIGHT="162"
                          WIDTH="2414"
                          VPOS="3735"
                          HPOS="3441"
                          CONTENT="latte, der dnt besonder den eenen on te dwingen tot den ledt gaen"/>
               </TextLine>
               <TextLine ID="region_1644590181343_3858l36"
                         BASELINE="3448,3948 3567,3949 3686,3950 3805,3950 3924,3952 4044,3952 4163,3954 4282,3954 4401,3955 4520,3956 4640,3956 4759,3958 4878,3958 4997,3960 5116,3962 5236,3962 5355,3964 5474,3964 5593,3966 5712,3968 5832,3968"
                         HEIGHT="216"
                         WIDTH="2414"
                         VPOS="3830"
                         HPOS="3434">
                  <String ID="string_region_1644590181343_3858l36"
                          HEIGHT="216"
                          WIDTH="2414"
                          VPOS="3830"
                          HPOS="3434"
                          CONTENT="wijlinge van de beste panden, de andere tot vercceeringe oft sij den "/>
               </TextLine>
               <TextLine ID="region_1644590181343_3858l37"
                         BASELINE="3454,4070 3573,4068 3693,4066 3812,4066 3932,4066 4051,4066 4171,4068 4290,4068 4410,4070 4529,4071 4649,4072 4768,4074 4888,4076 5007,4076 5127,4078 5246,4078 5366,4079 5485,4080 5605,4078 5724,4078 5844,4076"
                         HEIGHT="200"
                         WIDTH="2424"
                         VPOS="3964"
                         HPOS="3437">
                  <String ID="string_region_1644590181343_3858l37"
                          HEIGHT="200"
                          WIDTH="2424"
                          VPOS="3964"
                          HPOS="3437"
                          CONTENT="buttacoop verkoght heeft voor de siechte, &amp; oft sij geene andere effecten"/>
               </TextLine>
               <TextLine ID="region_1644590181343_3858l38"
                         BASELINE="3452,4180 3570,4184 3688,4187 3806,4190 3924,4192 4042,4194 4160,4196 4278,4198 4396,4200 4514,4200 4632,4202 4750,4202 4868,4204 4986,4204 5104,4206 5222,4206 5340,4206 5458,4208 5576,4208 5694,4208 5812,4210"
                         HEIGHT="204"
                         WIDTH="2391"
                         VPOS="4089"
                         HPOS="3436">
                  <String ID="string_region_1644590181343_3858l38"
                          HEIGHT="204"
                          WIDTH="2391"
                          VPOS="4089"
                          HPOS="3436"
                          CONTENT="hadde tot subsistentie &amp; oft sij sulx niet gedaen heeff, in gedachten"/>
               </TextLine>
               <TextLine ID="region_1644590181343_3858l39"
                         BASELINE="3436,4290 3557,4296 3678,4302 3800,4305 3921,4309 4043,4312 4164,4314 4285,4316 4407,4318 4528,4318 4650,4320 4771,4320 4892,4321 5014,4322 5135,4322 5257,4323 5378,4324 5499,4325 5621,4326 5742,4328 5864,4330"
                         HEIGHT="188"
                         WIDTH="2461"
                         VPOS="4222"
                         HPOS="3419">
                  <String ID="string_region_1644590181343_3858l39"
                          HEIGHT="188"
                          WIDTH="2461"
                          VPOS="4222"
                          HPOS="3419"
                          CONTENT="om den betten part, op dien voedt, den heere te frouderen, &amp; den selven"/>
               </TextLine>
            </TextBlock>
         </PrintSpace>
      </Page>
   </Layout>
</alto>
