8097 4644
934 205 446 155 Gent Coppens

2600 206 639 167 Ady 13 sber 173e

1071 289 2175 187 verhope ue goede thuys comste, desen om ue te informeren, als dat op 3 deser

1079 418 2216 139 met dh van booechem naer brussel ben gereiyst, & den selven dagh hebben wij de

1082 518 2172 116 rek: veen den 12 peninck in de reske camer ge presenteert, & sij door goede

1084 647 2218 122 recomandatien ge despescheert geweest int over sien van onse quitantiely

1080 726 2221 157 & andere documenten, die dheeren alle behouden hebben, & ons eene generale

1082 822 2203 146 recipiste gegeven, nu moeten sij alles noch eens gaen oversien, & alle de

1080 931 2209 170 articulen appostitteren, soo als gehoordt hebbe, soo sijn de posten van

1057 1006 2197 203 de postillions, & saiel herren op den voedt van geroeyeert te worden,

1082 1134 2067 176 het werck van de soldaten, gieft noch eenige hope, dogh vrecke de

3017 1230 134 77 sal

1081 1234 2224 188 balallie niet te winnen, sonder verlies van volck. soo de rek: gesloten

1078 1365 2170 164 geteekent weten, sullen genoordsaecht sijn, noch eens naer brussel te

1056 1453 2203 169 gaen, dese reyte heeft ons voor de helft gekost ƒ 25:18½ waer mede

1017 1560 2306 190 de openstaende rek van het sterfhuys velatt hebbe, wij sijn op 9 deer

1082 1698 2132 167 naer noen thuys gecomen, als wanneer hoorde, dat mijn lieftste

1058 1811 2132 172 op de bruylost fieste was, van mijn nichte eelijn, die smorgens

1073 1922 1178 164 getrouwt was met son bisthoven.

1023 1959 2255 238 hebbe op gisteren ter hant gestelt aen fransus de smet, de 20 boechies

1064 2116 2084 179 geslagen goudt die morgen aen us sullen worden overgelevert

1024 2232 2279 179 hij heeft te passeranne daer van betaelt & ick het goudt waer vooren

1055 2325 2189 205 es: rek. gedebiteert hebbe in wisselgelde voor ƒ 20:- dit sijnde

1072 2447 2191 176 het noodige deses, & blijve naer onse oodinaire complimenten aen

1056 2565 2218 183 ue mevoouw ue: lieftte fissien & mijn heer ue broeder ende wet

1076 2664 869 171 presentatie van dienst

2475 2656 639 224 Adij 19 jtr 1737

873 2792 926 144 Mellile Jan B. Manssens

1072 2870 2191 172 sien uyt ue missive 17 deser, dat ue op voorseden sondegh, in de staet

1074 2978 2197 162 niet hebt sonnen comeen waerom neden mijnen noght ue toe sende nmet

1427 3066 299 81 Copiye van

1052 3075 2215 151 dinger lotenet commissie, de welcke gelieve te tusien, & wederom in

1072 3170 2160 121 een brief sluyten & mij pden selven weder te senden hier benevent

1076 3290 2255 132 oock extrait van mijne pretentie, ten catte coppiant om un recte

1066 3377 2236 104 betalinge te besome, vooders men seght dat de vrouw van

1059 3452 2170 182 van esbroeck op het vlaems hoop bereght sijnde, der naer hier nam

1064 3602 2237 151 antwerspen getremsperteert is, & al hier gestorven, soo sijnde sal ue met

1059 3669 2176 189 schepenen & bullice, den besten pant ef vragen, & by wijgeringe, het

1049 3799 2272 153 selve aen nemen voor te fus, om neu in reche daer over an te

1033 3899 2176 167 spreteeen & sae ul op sondagh ofte mengen al hier verwaghten

1057 4015 2194 188 om de briginele commissie ul ter hmt te stellen & blijve me

1050 4094 255 161 haeste

5770 207 149 89 183

5076 202 645 149 Ady 20 sber 1737

3451 205 833 154 Turnhoudt Tuilt: Sanen

3527 280 2363 191 ul: brief van 12 deser met de houdrt stucken tijken, wel ontfanghen

3464 424 2396 153 dogh sijn noch niet versonden heden become een ander ordre voor ul

3506 542 2394 147 noch hondert stucken, die mij cito mogelijck gelieve toe te senden

3511 621 2240 180 alsoo die benevens de andere, moeten versonden worden &ick

3449 720 2421 187 verwaghte alle daghen den voerman van brugge even wel liever

3503 828 2439 150 te waghten als seght goedt te senden, want soude de calandisie

3514 967 2264 140 daer door verliesen & het laet sigh nu aensien van groote

3502 1071 2286 172 commissien, mij op ue sertrouwende blijve naer groet aniste

3710 1142 1567 197 50 ¼ groot Loot 30 smalle 20 breede

3717 1280 1190 117 20 P groot loet 20 smalle

3734 1372 1216 168 10 ¾3 segels 10 sualle

3727 1469 1167 178 20  3 segets  20 Acalle

3679 1582 307 185 10 :

3531 1690 1799 191 ick: can vant gene ue is comende disponevn

5255 1745 560 220 Adij 23 sber 1737

3628 1813 60 114 ƒ

3406 1800 1449 180 Brussel L: J: de Jury Aficiael Van sijne Mayts

3515 1925 1117 173 rekensamer by het hof tot brussel

3503 2049 2373 142 Ingevolge ue missive de dato 17 deser, soo sende aen ue hier beneffens de copije

3493 2144 2401 135 autentique van den versoop der suerlijck hede van swijnd recht, door the Catena

3508 2255 2425 146 gedaen, ende publieckelijck al hier ter vrijdaghs merckt geschiedt in faveur van

3497 2319 2410 128 M. Jacques de Lannoy, mijn schoon vader, saliger met alle de rechten hier vvorens

3501 2464 2329 136 aen hem gecompeteert sebbende, de heerlijck heijdt van burcht is bij evictie

3499 2560 2334 150 in den grooten vade tot mechelen door en van colen uytgewonnen, int

3509 2652 2305 157 jaer ilijk hebbende aen ditto heere ik. brief getvont, waer op hij naer

3503 2739 2458 199 mechelen heeft doen schrijven, om eene Copiye autheutsque van de selve evictie

3501 2863 1861 154 te becomen, die hij op ontfangh aen ue ooch sal toesenden

3508 2972 2356 167 wet belanght den eersten art: verantwoordt in de overgegevene ick voor

3506 3069 2390 206 ontfangh van den 12 penninck van ƒ 532:- is recht gelijck ul gelieft te

3499 3199 2429 173 melden, sijnde de hooghen ƒ30:- al vate van 30t: ster hooge, in gevolge de

3513 3290 2422 191 verpacktinge & us: sal sulx bevinden in den letten artieul van de conditien

3503 3389 1576 142 iah verpecktinge den welcken behelft in verbis

3501 3506 2451 158 eijndelinge sullen selle persoonen worden geadmitteert om naer estel van de

3497 3611 2390 139 pacht te doen soo veel hooghenissen als sij sullen goedt vinden, mits dat ster

3495 3717 2401 201 sel wesen van vyf schellengen s dan of de selve d'helft sullen gewieten

3489 3808 2349 129 dander heeft desl keere verkwerder voor het eerste saer ende de twie

3488 3934 2365 177 volgende laeven, sullen de hooghen geprofitteert worden bij den heeve

3514 4024 622 128 verhuerder belleen

3499 4134 2443 169 soo mij gedenckt soo heeft mijn haf rasquin mij belast te noteren den stersdagh

3488 4229 2373 170 van dhr. Jacques de Lannoj mijn schoon vader, soo hebbe d'eere van ue
