7817 4678
4853 1320 902 169 t de la dittel

4899 1450 730 175 Adij 5 sbe 1730

4061 1456 423 172 Mijn Meer

4067 1600 1363 179 opgestelt door dhe advocaet mertens

4061 1781 1614 151 In antwoort van den hever van 30 passato hebbe de

4220 1890 48 49 een

4069 1917 1638 128 en ul, te segger als dat sijn  gedelheyt nu selfs

4063 1981 1694 177 moet bekennen van dat ick niet anders van eerst af

4047 2069 1613 155 hebbe gepreterdeert dan 't gene in olcht ende redenen

4043 2180 1718 115 bestalt ende waerr saecken men de purge daer op hadde

4044 2266 1712 151 begoust de selve was nu al voltrocken, ende ue zedele

4044 2361 1683 130 soude sigh connen bedient hebben van de cooppenningen

4035 2451 1677 150 dewelcke niemant van sigh sal laeten gaen ten 34 hij

4046 2545 1702 133 behoorelijck is gegoeytaende vrij goet voor vrijgelt

4747 2621 316 87 hol eerder

4045 2619 1710 151 heeft vercolghen, soo dat  de geseyde purge wort

4039 2709 1607 140 volgroiter ende mij de behoorelijckx erffenisse niet

5713 2800 42 110 8

4039 2800 1683 147 liberen titel geschiet, hoe  haestigher depenningen

4047 2912 1716 140 vanden coop sullen volgen, dogh die en moghen niet s

4041 2988 1714 155 eender worden getouckeert veruts sij inrechte sijn

4050 3085 1627 108 gepresenteert ende reelijck gcobsigneert ende liggen

4461 3136 427 79 alles het gene

4040 3140 1712 164 gleackesteert,  dat van mijnen tvegken can

4034 3236 1674 171 geschieden, is dat ul op uwe costen dagh op mijner naeme

4027 3332 1644 129 als cooper de puige instelt vervolght ende soo haest het

4029 3373 1603 168 moghelijck is voltreckt, ende mij alsoo goeyt met goeden

4036 3458 1660 184 vasten ende liberen tisel, ende dat ick aen als het maes

4017 3540 1546 188 drij nijterlijck tez maenden soude dueven, om mijn
