7885 4678
2541 203 701 181 Ady 29 aug: 1731

785 218 1003 170 Lille de Lannoy de la vaiere

947 325 2334 181 les grands occupations que j'ay eu avec mons. Coppens m'ont empesche

915 415 2386 150 de respondre p lustost a l'honneur de la vre du 21 courant j'ay cependant

962 510 2312 186 rmis en sorte vre ordre a mons: sansot a bouxelles la somme de

957 604 2218 215 cincgient florins argent de change en lettre du 25 courant

958 701 2281 218 payable p causse le trent iesme courant a la charge de mons.

935 814 2286 226 jacobus Kintt un pair de sorte qu'il vous plaira me crediter

967 930 2335 217 pour he preditte de cincq cent florins de change le tems ne me

969 1063 2288 206 permet point de vous respondre plus emplement. puis que

949 1162 2144 178 ie suis en negotiation avec mons. Coppens. le procees est

954 1316 2319 178 suspendue & nous avons passe une transaction j'espere, que

972 1398 2316 213 ie pourray donner part p le premier a madame van Ccler

959 1522 2320 223 a qui les biens de Lille appertiendrons. mons: Coppens en

954 1648 2217 184 et le choix, ie vous suis inirement oblige, de mesme a

959 1783 2350 176 madame de Lannoy pour vous vos offue s'obligeantes, madame

972 1871 2193 233 melijn vous fait bien a tout deux les compliments

951 2046 2153 223 comme celuy qui at l'honneur d'estre Ad30 d

789 2111 930 242 dydoel wed: le page

966 2276 2292 205 vermaent om het iaer 1729 te betalen, oft dat haer betrecken

984 2414 146 147 sal

2654 2408 510 200 Ady 31 d

782 2476 1103 173 Turnhoudt D: samen &omp

970 2584 2163 193 en lange van ue niets vernomen, hadde echter in afwaghtinge

960 2674 2292 226 geweest dat ue soude gedisponeert hebben want gene ick schuldigh

954 2776 2342 227 ben dat versoecke e eerste te doen, voorders ben verwondert dat uek

967 2893 2344 227 het stuck ¼ & segels voor mijn gebruyck noch niet gesonden en helt

924 3040 1065 177 dat poeerste gelieve te doen.

987 3068 2303 192 voorders sal desen dienen voor de onderstaende ordre van hondert

963 3216 2267 206 stucken tijsen, van het alder beste &fijnste goedt schoon blouw

953 3359 2340 183 & wit die op sondagh of donderdagh toecomende mij gelieve toe de

971 3462 1601 135 renden waer mede naer groetenisse blijven

970 3582 1601 165 „ 30 ¼ groot loot ƒ 20 smalle „ 10 breede

971 3678 1038 173 „ 20 3 segels „ 20 d

974 3742 1630 211 „30 ¼ 3 segels „ 20 smalle „10 breede

957 3840 1688 214 „16 ¼ groot loot, 10 smalle 6 breede

981 3997 1019 193 4¼ 3 segels  „ 4d

1015 4163 1636 196 100 ps „ 74 smalle & 26 brede

5164 200 756 169 Ady 2 gber 1731

3393 210 1068 177 Rupelmonde Cornelis schoeters

3544 305 2411 198 op 14 iauu van desen jaere, hebbe ue geschreven & versoght dat ick het

3531 409 2414 164 hetf jaer pacht van de visserye van swijndrecht soude comen betalen,

3532 539 2365 160 sijnde ver322 gber 1730„& van ue niets verrcomen nu hoore van

3533 637 2430 168 th coppens, dat ue het voors half jaer aen hem niet betaelt heeft

3536 784 2420 185 terwijlen wij gescheyden & gedeylt sijn, & dat d heerlijckheijdt van

3531 854 2394 192 swijndrecht aen mij ten deele is bevallen niet alle verachterde

3532 987 2344 217 pachten, soo gelieft het voors half jaer aen mij te boengen & sal

3546 1100 2360 206 ul als dan voorders spreken de visserge is niet verhuert gelijck

3550 1250 2430 168 ue gemeynt heeft een mers daer is geen verseel, soo dat waer van

3554 1338 2436 214 meester ben, tot u naeright, ue dan nmet verlangen afwaghtende blijve

5175 1464 669 153 Ady 2 gbre 1731

3384 1482 878 187 Rijsek wed: theodor Van Zeller

3536 1600 2330 124 ie me referre a celle, que mon espouze l'est donne l'honneur de vous escrire

3545 1664 2291 212 celle ne servira que pour vous informer que nous nous sommes accorde

3548 1778 2405 201 avec mons. Coppens le partage des biens de fen mons: de swijndrecht, estant

3526 1923 2395 169 fait a condition que nous devions donner le choix a mons. Coppens & les

3527 2033 2438 180 ayant sipare en deux parties, &uise les biens de Lille, asse plus bas que

3544 2133 2442 190 la priserce, il les at preferre a la segniorie de lwijndrecht il at lans

3532 2277 2451 177 la rente de mons. desjaunaux ƒ12000:- de change avec lurierage

3526 2346 629 151 die pme sbre 1730

3524 2412 2398 224 la grande sence de albert boussemant avec le loye depuis st: remis 1730

3535 2553 2347 155 laesence a marquette de martin le piere avec le loye de t. remis 1730

3539 2675 2021 193 la petitre de piere villers avec le soye depuis lmars 1730

3537 2788 2386 196 les ferres a verlingien de Jea . six avec le soye depuis frenis 1730

3530 2905 2225 192 la moitie de la maison a Lille avec le loye depuis rll N730

3523 3031 2433 175 et les loye precedants sont encor pour la cominote de la maison

3533 3123 2381 226 motuaire de sorte quil y a at recevoir encor pour le comin

3528 3275 2390 189 de ilbert boussemant un anne depuis 1729 us qua 1730 ƒ1400:-

3519 3399 2423 194 de martin de le piere en anne depuis 129 jusqu a 1730 „ 260:

3532 3498 892 185 de Jean fran: six rien

3538 3628 1417 193 de la maison de mons. Corrat rien

3541 3710 2436 196 les reparations qui sont deja fait sont a charge d la comenante

3505 3903 2484 182 & celles qui je doivent faire a charge de mons. Coppens esperant qu

3521 3981 2368 239 les deux predits debitelurs, payeront bien tost les predits sommes

3508 4169 2405 195 & comme mons. Coppens at eu p vre remise, que vous avez eu la
