8084 4637
994 211 2141 108 niunm jaer geluckigh & saligh vervalt met alle beden clkelijcte

976 317 2272 188 benedictien des hunels & noch menighe daeren naer volgende in volle

979 437 433 157 gesontheydt

933 525 2335 143 mijn lieffte neemt de lilertijdt van hier benevens te senden aen fissien

996 644 2208 192 een sijn presentie, voor een mn jaer t welck soo sij versopt aem

992 761 2232 188 aengenaem sal wesen & mij sullen d'eere verwaghten van ue met

953 879 2161 171 de aenstaende vacantie alhier tousen huyse te ontfangen

1008 990 2288 197 middelertijdt versoecken, van ons compuimenten al hier te aggreeven

991 1088 2174 214 soo aen ue tevrouw, mijn heer ul broeder als fissken benevens

974 1197 1785 233 die van onte filletkens & blijve met genegentheydt

989 1342 2166 226 B.S mij sijn ue & dher grenier seer verobligeert ovm da

1025 1479 2088 197 pretentatien van tienst tot weenen, alsoo selfs aldaer

987 1603 1631 200 eenen correspondent hebbe, in tijde van noode

971 1716 2179 194 BS. ftront oft Lomnes N18418 3. lijtte heeft puys ƒ 25:

835 1851 2375 265 Weenen mons. Poya dies agent au conseil supreme de flandre ½ jonr

2812 1961 153 224 17

1765 2057 326 175 1733

1001 2227 2235 255 depuis ma derniere du 21 xbre, passé a la quelle ie me referre

991 2392 2195 177 ie me trouve honore de l'agreable vre du 22 ditto, y joint

1011 2512 2168 209 une notice, pour le taxe de deux freres, pour obtenir la

968 2649 2219 205 confirmation de noblesse & annoblif: &  avec la chevalerie

981 2764 2247 212 loudonne, tenans & banderolles, la quelle excede, a celle que

1006 2870 2177 184 ie vous ay envoye, qui est pourtant come vous m'avez

1005 3000 2262 218 escrit d'avoir este regle, ie ne peut comprendre, qu'on voudroit

982 3145 2202 177 faire d'autre changement ainsy mons: ie ne doute pas

982 3262 2187 200 que vous l'obtiendray celon ma memoire, cependant nous

1002 3375 2202 228 voulons bien nous fier, & le mestre En vosmains, & nous

992 3541 2257 193 acceptons vre arbrtrage en formant la consulte & le patente,

989 3651 2223 219 a quelle fin, mon frere at donne ordre, a mess. palin,

1023 3782 2120 185 mesme jus qua deux mille florins, esperant cependant

986 3898 2259 230 que vous ferrcy bonne icononme, en nne faveur, & si on

998 4034 2114 168 voudroit exceder encor les ƒ1933:- il ny faut plus

1000 4149 2262 219 longer, & nous nous contenterons avec le simple annobliss

5796 114 111 101 64

3490 208 2359 162 avec la couronne dor somme ie vois ay marque p na precedente

3475 329 2419 173 lettre du 22 xbre ie veu bien vous dire, que & dernier me ferroit

3483 403 2293 213 plus de plaisir, quoy quil faudroit payer pour deux freres

3435 517 2100 201 deux moitie de sonfir mad: de noblesse, & annobl

3484 630 2326 225 si on vous accorde la chevalerie, il vous plaira suivre les

3470 766 2387 209 condecorations des armes, premderement envoye, le cirmier ea

3494 881 2287 210 deux vols & sil faut se tenir uu simple annoblissement

3502 981 2257 222 il faut les sonde corations somme ie vous les ay envoye

3498 1116 2299 236 dernierement avec la couroune dor, & la teste & ol d'asne

3501 1263 956 176 au natuvel pour nie

3464 1378 2335 199 ce qui regarde vos reflesfions, il est vray, que jy suis mis

3468 1471 2268 163 le prnier dans la requette, quoy que mon frere Jean

3504 1647 2210 127 michel est l'aine la raisie, estoit pour quelle devoit

3474 1698 2277 222 travailles sur la spatente de l'empire, ou ie suis le plus

3474 1855 2120 189 dittinque, & comme ce la ne viend plus a propos, vous

3483 1968 2301 213 pourriez fain mettre mon frere Jean michel melijn en

3500 2103 506 209 premier lien,

3479 2204 2287 229 J'ay fait voire a mons: Rujff vre lettre, il ma priez de vous

3478 2372 2262 175 faire ses compliments avec un souhait d'une tres heureuse

3453 2466 2235 210 nouvelle anne, suivie d'eun nombre d'autres comme le

3468 2594 2438 216 l'honneur de vous le souhaiter parellement & mon frere Jeam

3479 2752 2260 207 michel vous prie d'accepter icy les mesmes compliments

3482 2846 2292 241 nous esperons de recevoir la nouvelle p vre premiere

3467 3017 2365 208 que lune ou l'autre de nos requettes serat accepte, car

3472 3127 2353 231 cette affaire comence a m'ewier entre tems, ie vous prie

3459 3258 1939 180 de me croire, que ie suis avec bien de lettime

5124 3392 678 184 Ady 17 Janu. 1735

3347 3414 872 222 swijndricht den Ballin

3476 3510 2383 203 alsoo vernomen hebbe, dat eenige gebruyckers van landen in den polder

3461 3644 2295 178 van boo gerweert geresolveent sebbten request gepresenteert hebben aen

3477 3751 2395 198 dijck graet & getworen, van den selven posder ten eijnde, dat men den polters

3465 3859 2357 220 soude onder water stellen, waer op ditto dijck graef & getworen, eene

3484 3977 2408 215 vergaderinge hebben gestelt, op woonsdagh toecoemende, wesende 19 deser

3457 4148 2368 150 op het vlaems siooft in de sterre, naer oen ten 2 uwen, om aldaer

3463 4231 2450 199 dan over te resolveren, & gebeurde het soo, dat sultx door gehaelt wiit
