8097 4644
1720 1676 291 179 & heritur

1084 1753 1966 164 op 8 gber 1738 is gestorven de huysvrouwe van scheren N. tollena

1099 1894 1941 171 ende begraven in de capelle van het vlaems hooft, ofte veere imoed:

1093 2002 524 160 van swijndrecht

1093 2099 1924 182 hebben aldaer bewoondt een van de principaelste huijsen 20 Jac

1096 2217 309 124 ofte meer

1108 2276 1885 200 tor welcken tijde hij aldaer geweest is, & present noch is commi

1091 2446 1911 106 ofte ontfangher van de advieodinteurs Van de provincuale rechten

1099 2499 358 121 vlaendetens

1121 2573 1859 169 is altijdt cxempt geweest van de dorniciliaire lasten heeft ue

1115 2690 1834 83 eenighe landen in packte. gehadt soo dat hij wijnt eenige de min

1118 2756 1842 124 menheeft hem akuelijcks gesproien nopende den resten pand

914 2717 164 144 laten

914 2784 1202 155 betaelt van sijne overledine huy svrouwe

921 2906 162 116 heeff

1099 2918 1864 162 heeft voor antwoordt gegeven, dat hij subaltairen was van

1089 3038 1871 139 Meij sjaer door Willende te kennen geven, dat hij vrij soude

1098 3111 1034 162 van den besten pandt, ofte catteyl

1102 3187 1834 182 seggende niet te min en cas den pandt den heere pretendeert

1100 3314 1843 162 comen, hy can hem doen afhaelen vermits my verleene recip

1107 3400 1327 171 ende oock sonder prejuditie van mijn recht

1107 3600 1834 187 ofte den heere gerechtight is tot het beste cattejl van syn

1111 3720 805 127 overledene kluys vrouwe

1120 3792 1929 172 gerechtight sijnde, oft hij voor de wet van swijndrecht betoeckelij,

1117 3908 888 163 by faute van refues, oft waer

2998 3956 52 82 A
