7782 4685
893 216 2309 91 voorts den notaris ockers heeft het huys door onsen schoon vader salige

895 290 2382 171 bewoont van dhe goos geluiert &heeft nu de slestels gevraeght van het

872 374 2353 166 omptoir en huys, hij wilt dit iaer alle de ventters veranderen

897 479 2432 108 om tegens half meert daer in te somen, soo bidde mij te laten weeten

889 572 2432 156 wat k: gelieft gedaen t hebben, ontrent alle de papieren & doenmenten

881 672 2448 141 van het sterfhuys aldaen noch berustende ue antwoordt verwaghten

858 761 2340 206 blijve naer onte complimenten gedaen te hebben aen ue & iuk

856 870 2313 201 lieve comp. benevens mijn het ue broeder met veel respect

867 989 1761 180 BB. daer sullen noch wel 2 a 3 verliesfen van de

876 1044 2238 221 boven gemelde goederen moeten geschreden die een voerigh sijn

892 1151 2213 219 onder andere baerlijck heden als sonder den beurgh van bugge &

858 1296 2395 175 . op den noem belome ue geerde van gisteren af gesonden sonder dato

869 1380 1742 161 den tijet permitteert niet voorters t antwoorden

853 1465 2371 240 .D mijn liefste heeft de coop brieven gevisiteert, & heeft bevonden

899 1586 2276 169 dat het teweede leen daer de spelsteckt in de insimatie aen vader

889 1686 2339 214 saliger is toecomende, soo dat de notitie van de insimdatie wel is

899 1790 2277 191 vermits de selve oock sijn leenvoerigh vantdheerlijckhejdt van

905 1937 445 158 mercher

759 1913 2545 278 mechelen den heere advocaet sauwenbergh raedt pensionans Adij 31 sber 1729

913 2106 2369 209 hebbe al in hope geweest dat ue de goetheydt soude gehedt hebben, van aen

913 2235 2376 151 mij over te senden, ue opinie, op den casus positie aen ue hier sjnde soo hant

911 2367 2382 111 gestelt, benevens die van den anderen heere advoeaet mij onbekent echter

890 2430 2332 162 het nu toe daer niets van vernomen, waerom de libertijdt neme van

909 2556 2293 112 us desen toe te senden, met versoeck vant selve  eerste te willen

914 2651 2363 165 effectueren, sal het honerer van dancke voldoen, aen den gene ick sal

907 2779 2259 155 gelieven tordoneren, waer mede naer pretentatie van mijn dien st

861 2866 808 185 blijve met veel respect

929 2971 1169 125 mijn adves is danbel gerarde melijn

906 3062 1472 142 in de lange ninne straet tot antwerpen

913 3120 2366 170 gesoove dat ue geinformaert is dat mons: braey tot melsele overleden is

2560 3228 662 179 Adij 4 gber 1729

770 3226 810 223 sendt radt coppen

911 3354 2337 194 desen sal dienen tot antwoord van ue lette de dato 2 gber deser dat

918 3471 2294 148 ick geene originele pampieren en pretendere te laten gaen uyt

908 3559 2342 204 dese stadt soo lancke als wy van mell. anderen niet gescheyden oft

901 3674 2385 195 gesepareert en sijn daerom in gevalle ue wilt sien de ordginele

898 3774 2357 202 pampieren vaellende de healijckheydt van Capelle soo can ue

853 3911 2464 196 die selfs comen sien, oft imant dae toe commiteren, waer toe aen

908 4004 2419 207 hem, ofte aen ue boties quoties accet salgegeven worden, oft

901 4121 2306 203 mel soo ul dit soo niet en gelieft soo can ue daer van

891 4228 2432 217 soo deenige copyen doen ofte laeten maken als de raede ondertuys

3556 210 2462 122 soo consentere ick, dat het verlief tot merchem geschriedt in susterlijt

3538 309 2469 129 rechten, ofte ten behoeve van de gelijcke erfename sonder preijuditie

3537 382 2409 144 van iders' recht soo ende gelijck het onsen schoon vader verheven heeft

3531 472 2366 142 als hij dat goedt versoegen heeft waer van geen denombrement

3533 567 2407 139 int sterthuys te vinden is, g het welck ontwijfelijck int teen hoff

3525 704 2403 133 te vinden sal sijn, ende ingevalle dat ue den welcken allen daer toe

3541 767 2353 165 geinsindeert en beschreven lijdt in man quement blijft van het

3497 874 2520 142 voors verlielt te doen doen volgens dat het in de jusidatie brieven

3546 1010 2240 118 uyt gedreckt staedt waer toe ick andermael van mijnen lant

3536 1085 2450 174 verclaie te consenteren ende te vreede te sijnn dat sulx geschiedt

3539 1200 2463 123 sor est dat ick in dien gevalle van als nu voor als dan daer over

3527 1300 2455 160 tegens ue ben protesterende van alle costenschaeden, intresten

3518 1410 2360 157 die mij daer door alreede soude leyden mogen geliden hebben

3545 1505 2460 139 en noch souden comen te leyden. & wat aengaet het transporteren

3546 1589 2424 166 van de boecken & pampieren uyt het sterfhuys, daer val sal ick

3534 1688 2451 147 eerst den inventatis laeten  voltreckten & de selve als dan

3535 1818 2444 167 laeten comen onder den netaris die den in ventans sal voltresia

3537 1912 2357 187 hebben, alsoo ick van geen intentie ben, die te laeten comen

3525 2052 2428 171 onder jmant van ue maeschap waer mede nae presentatie

3559 2142 2240 189 ven onten dienst &onse ordenaire complimenta blijve

5335 2248 673 187 Adij 7 gber 1729

3362 2255 1207 193 Tuldrecht Pauwels van Geerde

3548 2386 1277 183 wed: preter iudoens van Loskeren

3527 2478 494 203 Jan Luycbt

3563 2534 2341 243 alle 3 vermaendt om gelt te brengen, de brieven sijn met

3558 2723 840 173 moeusens versonden

5256 2714 717 221 Aeij 11 gber 1729

3387 2833 689 185 Gendt raedt Coppens

3544 2907 2447 150 tot antwoort van ue missive van den 6 deser hebbe d'eere van ue te

3559 3038 2376 124 seggen, dat ick de copiye van het profeet van procuratie tot het doen

3555 3129 2375 191 van het verlieft aen ue tot geenen andere eijnden toegesonden hebbe

3553 3257 2436 110 als om daer van mitatis mitandis soo verre te bedienen als te raede

5274 3349 223 69 t veant

3545 3348 2454 190 &ingevalle ue oordeelt dat het verhiet op den voidt voornoemt project

3541 3448 2479 199 alsoo niet en can geschieden, soo san ul: het selve doen doen, op de marnen

3537 3589 2460 172 gelijck het conveureert behoudentlijck dat het geschiedt in susterlijken

3544 3676 2379 194 rechte, sonder pregeditie van jders gerechtigheydt gelijck ick voor desen

3565 3789 2357 150 noch geschreven hebbe waer tel my referrere. persisterende al noch

3545 3894 2357 202 dt ick de principaelste pampieren die in het coffer ent comptoir

3536 3981 2430 227 sijn, niet en sal laeten transporteren ten huyse van dhe verbeect

3546 4122 2359 182 maer die sullen comen ten nuyse van den notaris herremans

3537 4267 2364 168 die den inventaris voltroeken heeft, & in gevalle ue daer mede
