8070 4665
971 245 2291 126 inhoudende hondert stucken tijken twelck vervolgens gelieve te verchaeren

959 312 2251 171 p eerste vertreckende schip op londen te versenden, & te adresseren aen

951 394 2191 190 dhs John tatnall, & aen my het cognossement benevens de rekeninge

962 491 1682 173 van oncosten, cito mogelijck te laeten toecomen

953 537 2258 239 alsoo het niet redelijck is, dat iuk: in debours blijft soo hebbe aen voor

947 681 2276 142 dobbelere belast de bowinss £3:17:5 en benevens het montant van

970 797 2233 169 oncosten op het pack N. 165 nu toegesonden te betalen, gelieft aen

957 920 2257 132 hem eene quitantie te geven van de volle some van hem

955 991 2193 198 ontfanghen te hebben voor mijne rck, twelck afwaghtende

955 1127 2309 179 als mede de oncost rck: & conossement blijve naer minsame groetenisse

2526 1217 632 188 Ady 2 meij 1734

786 1252 923 136 Turnhoudt Tuilliam Sanen

964 1389 2272 112 ul brief van 26 pass met de hondert stucken tijken op sijn tijdt wel

963 1462 2187 178 ontfanghen & int examineren van de rek. bevinde dat ue een erreur

976 1567 2157 192 hebt begaen, ontrent de afsortinge van de 2  ue stelt maer

935 1675 2233 159 ƒ9:18, moet sijn ƒ 18:13 welcke somme afgetrocken van

979 1786 2190 139 de ƒ933 rest nitto te betalen ƒ 914:7 t welck op ue boecken

948 1942 2147 154 gelieft te soorigeren, & ue can van die soomme disponeren dit

881 2005 2257 206 synde het noodige deser blijve naer vrindelyck groetenisse

974 2150 1213 177 hier benevens ue sacken de retour

2531 2194 677 205 Ady 10 may 1734

814 2278 950 170 swijndrecht adriaen Rejns

1624 2378 91 85 S

973 2372 2126 189 hebbe op 4 pass p mijn missive somen vermaenen om te

1863 2494 139 97 den

958 2486 2266 197 voldoen en betalen den 16 penck van sekere coop puiys van

963 2621 2300 183 landen die ue gekoght heeft van d'ertegenamen van wijsen den

967 2736 2245 187 heere pale dannins en sijn leven oust raedt peusionans van

897 2839 2345 147 den hande van wals, sedert van ue niets vernomen, tgene mij

949 2969 2217 182 doedt dencken dat ue wel begeert als dat het lant soude dagh

956 3095 2199 152 maken, waer aen oock niet manqueren sal even wel om ue

957 3195 2275 152 geene onnoodige solten aen te doen, soo willle aen ue hier inne

928 3327 2287 118 wel toesenden de copye vant overgeven & verclaeren bij den

967 3410 2127 131 oor  heere dhanmins gedaen om te voldoen aen de

927 3557 2196 155 Commissie van terriek de £ 71721, synde het selve hier

969 3618 2261 225 achtert gestelt waer bij ditto heere selfs verclaert den 18 den

967 3746 2117 222 pemec schuldigh te sijn, soo wanneer liet voors lant

962 3898 2218 154 vertiert woort bij sorm, an in oockk staelt het sselve lant

982 4004 2153 185 en den chejnsboeck daer mede belast allis ingevolge de

991 4136 2154 195 oude, ende niuwe cheyesboecken dar van sijnde som be

962 4260 2324 190 toonen, dat genegen ben, met ider een nmet soet igheyd & genegentiy

3469 231 2446 114 te ageren, soo geve ue noch aght a vierthien daghen tijdt om te

3462 295 2391 184 comen voldoen, ende bij fautes dies moet niet alijck namen

3435 409 2465 209 dat het lant dagh gemaeckt wordt tot het bkomen van mijne

3491 518 2150 161 heerelijcke rechten, waer naer hat reguleren & blijve

3349 617 786 180 London John tatuall & son

5069 658 780 164 Ady 12 mey 1734

3500 789 2298 129 pour responce a l'honneur de la vre du 19 passe V:2. j'aij celle de vous dire,

3489 849 2410 190 que j'ay examisie vre replique touchant vre compte courant vous envoyez p ma

3494 970 2389 135 precedante, & trouve, que vous voudriez abattre les ƒ7:12:3 que j'ay mis pour

3486 1107 2395 124 port des lettres ie ne doute pas, que vous scavez assez que ie vous serve, pour

3483 1175 2406 161 la simple provision de 2 x½ outre que ie dois payer contant les cotils d'abord

3484 1273 2370 162 que ie les recois, & pour vos remises ie dois attendre pres de deux mois, pour

3496 1366 2381 141 savoir mon argent, & ie vous laisse profiter encor les 2 xt pour le prompte

3493 1467 2333 171 payement, comme vous pouvez voire p les factures ainsij mons: ie vous

3483 1560 2436 148 prie de me crediter pour les ditt ƒ4:12:3 ne pouvant satisfaire a cette demande

3474 1680 2407 167 touchant les charges a bruges du ballot N64, j'uy trouve mon erreur ainsij

3487 1805 2278 148 ie vous ay credite pour les ƒ1:14:6 dont ie vous en ay trop charge

3488 1877 2299 185 ce qui regarde les  £1:11:11 et payez a despech a 36 p fait juste les

3470 1973 2337 194 ƒ17:4:6 comme ie lay mis dans le compte courant de sorte que les

3479 2084 1162 137 2 sols 6 deniers, sont a vre avantage

5349 2122 477 221 ƒ 182:6:-

3482 2182 1074 176 p le solde du compte me revenoit s

3607 2279 1456 163 y rabattue l'erreue du charge du ballot N64

5377 2272 450 130 „ 1:14:6

4259 2376 1591 195 me reste jiestenment argent de change ƒ185:11:6:

3482 2490 2364 168 ce que ie vous prie d'annoter de conformite. il m'est impossible de pouvoir

3462 2604 2424 111 firer la ditte somme a cause de sa petittesse, il est facile e faire, de crediter

3494 2687 2351 184 vre compte courant pour la preditte somme de ƒ185:11:6 pour solde de

3484 2801 2427 120 celuy la, & den debiter vre compte nouveau au Nom de mons.: John tatnall

3468 2901 2428 158 & son, & vous pourriez sat isifaire la valeur de la ditte somme, a vre comp.

3479 2996 648 146 avec mons: vre fils.

3472 3054 2360 208 ie commenceray dont le compte de mons: John tatnall & son, p le debiter

3475 3197 2416 144 pour le ballot N.65 qui est deja a bridges, dont j'attend tous les jours la

3485 3287 2236 143 notice des frais & le cognossement pour vous l'envoyer, outre vous y

3466 3395 2357 155 derez debite aussij pour les ƒ185:11:6 pour le solde du vre compte

3468 3527 2427 134 precedant, & pour estutre vous y serez credite pour vre remise de£100

3463 3591 2336 163 £ 36:3: a la charge de mons. Jacobus Baut a son temps, qui sera

3472 3704 2345 174 le 15 juin prochain j'espera mons: de recevoir plus dordres pour des

3458 3795 2342 160 dotiss, que ie n'ay eu jueque presant depuis long temps, & j'auray

3481 3913 2394 143 soin, que tous les cotils seront scellees, & En cette attente, j'ay l'honneur

3468 4043 314 116 distien
