7714 4651
3427 404 2198 170 sans que vous my avez respondue ie vous prie de donner ve

3413 476 2266 223 resolution len dessus, estant prest de mon cette de donnerlen

3413 621 2240 155 ditte procure & dan hasselmans, ou si vous voulez faire receoir

3430 715 2185 190 vre moitie p vous mesme, ou quelque autre ie receverez la

3430 753 2305 260 mienne, sur tout quoy j'attendray au premier une responce psitiv d

3433 910 2224 168 mesin sur ce que ie vous ay escrit p ma precadente touchant

3400 1025 2285 168 la demande de deux pistoles quon n fait de largentene

3444 1081 2327 186 qui a servie ce l'astre pendant les messes de requienme de sen

3473 1227 458 94 re beau Pere 1

3446 1182 2173 194 ayant renvoye ujourdhuy en suita dvre lettren la coour

3370 1225 77 113 2

3377 1327 69 120 16

3432 1263 2262 218 noir au payement ordenaire, & suis pourra coursir ma lettre

3425 1404 1157 206 avec les sompliments ordinaire

4810 1419 208 208 My

4995 1486 568 155 menry Aadche

4874 1691 384 145 personelijck

3476 1736 2136 206 finformeren oft dat de Raedtheeren, mogen betrocken

3478 1890 2270 126 worden t antwerpen oft wel dat men de selve moet betrecke

3488 1949 1351 177 voor hunnen competenten Rechter

4764 2016 691 260 hed medame
