7762 4699
777 206 782 117 profectie us: beveles

756 269 2509 164 voorders sien dt  un d'affairens sult continueren lor come  dese

805 390 2327 149 ue: vragen oft ul de alde beste goederen soude geven voorden

806 501 2367 175 prijs als huyr onder om volgens te reguleren Jul: antwoorde

789 621 780 156 oet waghtende blijv

817 710 899 187 4 geoot lost ƒ63:6

813 834 896 189 ap 3 segels „ 9:6

834 963 837 185 grest lost a 11:6

2573 1071 603 193 Ady 13 mej 1729

616 1085 653 232 stix la chapille

797 1224 2432 187 comne J'ay pris la resolution de faire le voyage d'aix, pour y prendre les

825 1353 2308 176 caux, ie viend p cette vous mander si vous pourriez me loger chez

816 1471 2391 139 vous en me donnant la peetitte chambre ambas, que j'ay eu sanne

811 1558 2385 184 passe, pour moy & le frere aussij la petitte retraitte pour mon valet

817 1657 2414 148 truitte au pied de lanne passe, ie fais estat de partir dicy a la fin

792 1790 2446 128 de ce mois vous prient de me donner un petit mot de responce pour

821 1890 1958 170 me reguler a l'avenant & suis avec bien des complie

2716 1962 439 169 Adij 14 may

636 1995 792 155 London John tatuall

807 2136 2426 115 pour responce a celle que vous m'avez fait l'honneur de m'escrire ie vous

778 2204 2395 171 diray que ie ne peu obtenir les tiees au prix, que vous me marque

788 2334 2403 149 ayant fait touts les devoirs possibles, le moindre prix est comme en pied

785 2413 2395 151 de cette, & si en cas vous voulez mettre ce prix la, ayez la bonte de me

801 2509 2459 148 comander ie ferray toujours mande vou pour vous bien servir cependent

806 2607 2261 190 ie vous dois marques que ie suis oblige de faire un petite voyage

797 2735 2437 140 d'aix la chappelle, pour prendre les caue pendant 12 jourd, ayant este

818 2863 2341 137 incomode depuis 20 mois, & ie fais estat de partie dicy a la fin de

807 2955 2338 168 le mois, & ie seray de retour le 18 du mois de j prochain pour

792 3044 2465 137 que vous pouriez prendre vos mesieres, estant avec bien de l'ettime

804 3161 832 161 & offres de mes services

858 3189 2142 260 groot leads ƒ 7:12 ¼ 3 segels ƒ9:12 - ¾ 3 segels ƒ11:12

2601 3325 622 179 Ady 14 mey 1729

632 3383 724 158 London John Edwards

799 3469 2382 165 veyde ue seer aengename van 23 xber 1728 & 25 pass. op hun tijdt

799 3574 2419 175 wel ontfanghen, den eersten  is onbtantwoordt gebleven, bj faute van

791 3701 2426 117 materie vermits de curateurs van den boedel vanjustus bick, noch gev

797 3833 2342 148 voordere uyt deelingen hebben gedae, & in gevalle sulte voorcomt

787 3903 1672 136 sal ul cadiis d aengaende vernemen

769 3980 2460 199 bij ug laeste besome notitie van een divident van 2 be van mijne

789 4128 2364 171 £ 1700: banc aetien, voor  vervallen 25 meert 1729 lest waer

795 4217 2383 196 vooren ue gedebiteert hebbe in £ 46:15 ƒn tegendael become s

3545 204 2413 108 remise voor  £45:- a 2 usos tot 35:4 en op Jean le graverand tot

3523 299 2438 152 ypere in ant werpen te betalen aen mijn ordre, waer voor het noodogh

3510 395 2273 141 sal besorgen, & ue voor desselfs waerde, als geineasseert sal sijn

3494 483 2270 152 crediteren waer mede naer seer minsam groetenisse blijve

5313 592 627 160 Adij 21 mey 1729

3314 585 1049 198 tix la chapille mad.: heyendall

3528 661 2345 219 pour responce a l'agreable vre du 18 court, j'ay l'honneur de vous dire

3521 816 2425 148 que ie ne peu m'arretter plus long tems a aix, que douze jours, pour

5288 905 279 78 accomord

3508 914 2398 113 des affaires pressantes & puis que vous ne souhaite m accorder sur le

3522 1001 2416 191 pies de lanne passé p raport que vous ny trouveroit vre cempte

3496 1117 2434 188 ie vous suis oblige de tous vos peines, cependant ie vous viendray

3525 1231 2277 127 voir a mon arrive pour m'informer, si vous seray change

3515 1326 1548 142 de resolution estant avec bien de lestime

3509 1438 1557 169 madame vous fait aussij ses compliments

3491 1515 2481 159 & vous remercie de vos cher souvenir elle souheite de faire le voyage

3505 1648 2448 170 d'uix avec moy, mais un petit enfans, dont elle sorte du couche iuy

3356 1696 71 109 6

3515 1743 784 174 empesche ce plaisir

5219 1805 720 171 Adij 13 julij 1119

3298 1831 981 211 Rjsel madame van Lilles

3504 1967 2461 175 J'ay mille estaises a vous faire pour que ie n'ay pas respondu plustoit

3511 2105 2417 139 a vre agreable estre du 7 cours, lun raison est, que mon espouze avoir

3504 2190 2482 169 esent une lettre a madam Coppent sa chen soeur, touchant quelques affa cres

3511 2281 2434 166 dont elle a peu bien respondre, quoy quelle ne lat pas fait, de lantre cette

3523 2400 2423 134 quoy que iay este de rechefon ait la capelle, ie ne laisse pas de

3517 2505 2392 116 prendre les canse de space icy, & ma comp. en fait de mence ois

3516 2577 2445 121 vons souffert beaucoup. de mue bonne honne le 2 de smjndrecet

3508 2657 2444 193 defend, & pour ne laspons pas de louffrirs du moines autant a mons.

3489 2784 2494 121 epppeuz, puis que sus quee presant nour navois lquite la moindee

3502 2884 2350 155 chose estentielle, ie l'ay nemarque a son dernier voyage fort

3506 2969 2459 123 incline pour des procus, dont ie suis grand gune cependant ne

3501 3086 2419 146 voyant d'autre chemain, ie me prepare pour luy taus la reste,

3509 3198 2404 121 sayez persuade me chere tante, que si j'ettois le mestre seul

3494 3293 2419 154 de ce que vous avez la bente de me marque ie l'accordernis

3519 3408 2441 136 d nesme eutant mars comme ie dois piendre toutes les preceutais

3503 3540 2469 149 smaginables, pour ne poiunt estre capte, p mane le consellies ie n

3492 3648 2444 106 pau satisfaire a vre demende mais ie vou bien vous dire, que ie

3495 3716 2444 131 suis contant faccorde en tout ce que mons. Coppent a consantie

3495 3828 2373 122 scavoir touchant le refections & melieurations des biens, qui nous

3508 3903 2428 192 avons en vos quartiers i vous voutriez avoir la bonte de luy

3510 4018 2308 131 escrire pour avois la responce, & resolution, & plerit de mon

3498 4114 2480 196 cotte, iy consent, & ie seray touioirs contant de ce que vous voudray

3501 4207 2446 224 bien prendre la peine de faire pour m rst, nous attendons
