8036 4665
2361 200 509 77 gedaen te hebben,

2391 208 935 122 Ice en 2 leete niet

1019 227 1306 99 aen u beminde ende loo

1022 275 2288 120 of ½ men daer niet soude nsetten dat het selve

1024 343 2326 114 next sal connen here telt worden als met exce

1008 437 459 79 on costen

998 508 1586 150 Mclele Atoniffeau Bapt. iAto0

2346 551 907 149 Antwerpen 3 sberd745

1014 584 1181 178 greffier van swijndrecht

1014 684 2203 219 desen is dienende omue toe te seynden de

1235 770 2081 164 pye daer mest uven soone r over gesproken

1006 848 2214 141 hebb verhopende hij mij, met den eersten

1018 922 2129 160 mandelenone  rap por t salf doen nopen de

1028 983 2155 141 mijne affaerens s sijn illeleke verwachstinge

2257 1041 148 58 mjne

1017 1038 2207 164 lijve bincerelijck naer groetenisse gedaen

1035 1108 2251 170 te hebben aen ue bemende en soonse. illende

1038 1188 2123 193 verhopen ue prompte hers tetenisse van

1037 1323 614 118 het flgreeyn

805 1401 2492 201 Jany Mons. Borpens Coneeller Anvers le 18 gbre 1715

1048 1513 779 129 lier le (sauter

1071 1586 1439 187 Monsieur et tres coherfrere

1021 1719 2204 171 soccasion d la presente est pour lour

1032 1815 2203 163 envour l'adver sence a rellise que lon

1000 1913 2270 145 mat ece apporter hier e voir et que jal

1009 1984 2231 158 erve necessaitre de vous envoier pourseviter

1028 2080 2200 130 que les contribiutions francois ne geviennent

1019 2154 2219 144 so tre charge faute de declarer le ferver

1003 2223 2266 148 die occupeurs de vos terres situees au poldre de

1011 2308 2191 157 lllismetrs donese ete austruweel que fre fait

1026 2363 2267 176 roufiser en mesme tems de m'informer de

1011 2480 2301 132 e ot de voire sante et de celle de Mons voire ck fils qui

997 2589 2345 88 me pont pisinimerst chere eslant surprise de ne recevoir plus aveur

1002 2629 2357 110 ne de ses nouvelles nij des voires comme aussi de ce que vous failes coque

995 2700 2345 98 volre valet ailleurs que chez moi esperant cependant que quand vous

1012 2794 2320 101 viendrez a Anvers vous y prendrez volre logement sans ceremonies

2209 2838 459 75 eys aravantt

1007 2883 2301 106 en m'adverlissant quelques jours  du jour de volre arrive

1019 2926 2324 123 pour que trouviez le loul prepare, comme l'on vient de m'annontor

1019 3025 2298 86 que vous serez oblige de guiller vilre maison pour des logement qui

1043 3054 2314 125 seroil une grande gatalite je suis curieuse den apprendre

1015 3124 2241 119 la clerite dieu & laavelle mettre fin as nos meseres pr

1006 3187 2314 129 rine, promps te paise car toutsle monde en louffre

1029 3241 2232 142 et jijs au bien sma parte et toices persuade de

1023 3306 2292 163 la par faite estimes avec le quet ja lhonneur destre

1004 3401 2329 145 Mas elle  an Ressels laine que est chez mot mat

1000 3521 2323 142 priees de vous faire les complimens et mas deux

983 3561 2329 201 fillas y foignent parcellement les leurs avec

1028 3654 1375 152 eers ierances de leurt. respects

2090 3739 1203 210 Antwerpen den 27 sbre 1745

769 3774 1500 176 melsele. Monsr Jean Bapte Mognssens

1086 3867 996 101 gresfier van swijndrecht

1003 3958 487 129 Monsreur

1051 3926 2260 239 Ick hebbe in sijnen theyde ontfangen den brief mij

1021 4036 2260 176 door ewere boone tsogeschreven 34 deser maent

1001 4142 2267 119 waer door gesien hebbe dat onder de jurisdichie

1025 4222 2311 146 van mijne heerelijescheyt lan swijndrecht gestorven

1010 4308 2345 147 ende begraeven is amelberga sheldolf huijs vrou van

5770 129 124 110 1d

3455 189 2383 146 Jacobus Brlent twesende my vant besten hooft laer

5887 229 115 95 ies

3497 255 2426 146 can hij mij eschrijft de declaratie ten eeriten te sullen

3484 347 2326 113 over seynden beneffens den gene van barbara &met

4111 376 1893 140 dat alles conform geano tteer ½ hebbe als oock a

4020 448 1064 55 over leden genaemt tasper de mol

3473 392 623 145 vorranen

3900 453 101 65 ver

3466 474 2442 171 can den armen tesemde man, door den heer pas toor gratis

5920 492 85 123 E

3489 521 2421 154 begraesen waer van het besten hooft niet is afgepent

5920 606 98 65 e

3486 577 1999 177 2ermits de colijne eerde ende 2suflicheyt

3494 642 2491 228 Desen is dienende om ue soeck van noch eene

4813 726 195 59 doen

3482 747 2461 164 glcettelijcke atres tatie te nemen lichten door un ent

3499 807 2427 167 soone onder teeckent door schepenen van seo jndre

3477 869 2473 195 van het afbreken ofte los maecken can mijne tue

3478 933 2443 221 soruggen gelegen overde telaeter gangen in den polder

3505 1001 2322 234 Jan borgereveert op 16 seprember lestleden door

5888 1026 137 189 odon

3513 1102 2385 201 Martines bogginghsen tinierman tot beurcht die

3507 1164 2440 189 het selve hadde sgedaen par ordre van d heer buyens

3514 1254 2319 209 dijeeeschepenen die mij seyde voorsien te sijn van

3504 1324 2412 194 ofh het selve te doen van Schriftelijcke fart ordre

3489 1400 2479 207 van dheer thisce commandant per intrire an

3480 1478 2490 208 t 'asteel alhier die ick braeghte om te mogen i

3481 1564 2499 218 sien het welck hij mij ter handt stelde om te lesen

3489 1660 2411 218 en allas ondertexckent door ditto heer in dato 11 seplember

3493 1775 2432 198 1744 en behelsde dat hij vermocht soo daenige loupare

3498 1862 2377 232 te maecken in den volder Jan borgerveert als

3514 1995 2369 194 hij oordeelde nootsaeckelijck te sijn sonder van

3506 2077 2439 176 mijne sbrieggen te spreecken ofte mentie te

3498 2180 2542 182 maecken waer op de selve fijn los gemaeckt en e p

3510 2280 2379 206 in de loorschreve schriftelijckx attestatie van

3524 2381 2390 160 schepenen soude oock moeten staen ende gevoeckt

3493 2481 2438 164 worden dat aen Bolder van Borgerweert Cllaer

3519 2576 2412 184 door mijnen steenwegh is passerende is gegmondeert

3507 2724 2323 96 geworden op 18 deser maent heptember daer door

3504 2769 2387 144 frecht  kan de passagie Jcan de l'alseyde gestremt

3506 2863 2411 135 is ende op nmet sals ock trecht van de passugie van

3506 2952 2352 134 de schelde of te divers sseer van antwerpen naer

3519 3023 2368 173 het laems hooft 2lisa Clerra illaer inae mij de drij

3508 3089 2386 165 achote paerten sijn competerende com mij van alles

3507 3173 2323 196 te bedienen als het selve geraeden sal linden

3524 3278 2361 155 en als ue soone d heer llarendonck greffier van

5922 3347 120 97 t

3514 3362 2375 156 beurcht aspreeeset dat hij hem gelieft te seggen

3513 3447 2406 171 dat icke hem nootsaeckellijc moest spreeesken als hij

3528 3505 2497 227 in stadt comt ende naer mijne gedaene groetenisse bj

3533 3628 2188 171 aen ue reminde en soone blijve shdel

3535 3736 2340 159 verwachtinge van ten eersten therdinge te

3524 3819 2413 206 ontfangen lan ue hersteltenisse can het flererljn

4678 3905 1297 180 n Anstwerpen den 2 5 ge sobst 7 4

4048 3976 1454 167 bersamen Jan soegelaer hadienenden

3401 3995 375 172 mijndregh

3640 4025 917 151 Meyen de Jan Dwijnerea

3522 4079 2408 151 Alan volgens gelofte over lanckk verwacht hadde

3499 4190 2540 120 dat ue mij sode nommen sprecesken s hebbeemetse

3491 4251 2366 111 schepenen pieter Raes sonder datr Jan eenich effect

4432 4338 113 70 n

3498 4323 679 102 ges te hebbe n

5102 4329 711 98 te ermaenen blan

4553 4342 275 74 ellsen

5840 4322 130 95 selve

3507 4349 2436 116 Aengeersten sonder uytaken te doen in clike teer wachtinge blijve
