8056 4658
982 222 2217 147 trequette op te steee tot laste van den voors Joos van bossehe

971 315 2146 191 tot het doen van den voors Pedt. versoecke van notitie te

980 387 2209 177 houden dan ue houoraire, & oock de poorten van brievan, sal

968 512 2257 171 alles ten dancke voldoen, ue a vier met het gene gerequirent

989 615 1430 206 wordt af waghtende blijve met respeet

988 684 2247 228 P.P. daer is oock noch een bro overleden die aen haeren

998 830 2212 207 soone over ettelijcke daeren, bij aete getransporteert heeft

1005 920 2173 244 alle haere goederen, oft niet gerecht ben tot het beste stucke

1007 1016 1964 250 van haere cleederen, oft tot den gouden trouw vonck

2474 1129 696 185 Ady 5 abru 1712

807 1168 1697 225 smijndricht Kersame ballt ue Borgen: & schepenen

1002 1261 2032 228 desen is dienende om regerende borgemeelter & schepenen

987 1419 2054 154 te bedancken door hunne gedaene dienstae pom ue te

1007 1541 1955 167 adviseren dat ick de novs hebbe aengestelt voor

997 1689 2084 156 borgemeestes & schipenen de naer volgende persoonen,

974 1793 418 137 de weeten

1386 1820 723 195 &voo voogemeester

1339 1961 790 152 Jan van Herschaves

1465 2056 589 200 Vooo scheperine

1267 2181 543 164 Pieter Raes

1268 2299 562 207 Carel de Rop

1250 2413 635 153 Mathuys 1 aut

1278 2497 704 219 Laureys borthals

1263 2613 557 215 Jan de Been

1254 2764 583 175 Pieter Maes

1019 2797 2155 261 ue ordonnerende de selve daer vooren te siennen mits

1012 2981 1042 194 doende den ordincairen Pedt

2470 3001 744 244 Adij 8 febru 1742

895 3111 991 218 Gendt ch. advoiart batilius

1016 3197 2151 219 ue aengename 3 deser met proient van requeste sen latte

999 3333 2216 159 Joos van bossche tot het doen van den requiveerden hedt wil

1017 3433 1894 239 ontfanghen, & hebbe het selve alsoo doen indienen

995 3502 2224 250 daer is mij nu ter hant gestelt de duplique van hendrick

995 3658 2161 197 hersens ingedient twelck aen ue hier benevens toesende

1019 3790 1213 191 om het selve te beantwoorden

999 3840 2151 269 alsoo wij bij requerte geposeert hebben dat bij brouwe

1004 3974 2237 195 overleden was op 25 gber 1741 soo prevaleert hij sigh, van

1010 4133 2164 170 te seggens dat de lioly beeste voor de doodt van sijne

1013 4255 2148 203 huys vrowe verscoght was, dat contrarie is iermits

3478 199 2448 187 sij begraven is, volgens den doort brief op 24 gbes & de hoey beetie

3493 308 2392 182 ot 23 gber verkoght is, oock men begraeft de menschen niet ten

3481 379 2433 203 date als sij gestorven sijn, oft seer vaer soo ist claer blijsende

3477 496 2307 188 dat die vrouwe op 23 gber. moet gestorven sijn & de bieste

3476 593 2412 182 daeghs naer de doodt geralieneert. dat ue otgegeven hebbe

3483 711 2418 219 op 25 gber gestorven, is geweest volgens hie schrijven van

3485 815 2382 241 mijnen greffier, mij dunckt dat sultx behoorde de toont te

3476 962 2457 215 worden, eghter gedrage mij geheel aen ue want ben geenen

3484 1093 650 175 reghts geleerden.

3459 1147 2439 218 voorders moet sijn ermoede soo groet niet sijn vermits den

3486 1269 2300 239 pastor iiver de begrafenisse wel betaelt wordt, & dat hij

3482 1369 2397 228 de beette in taude verkoght heeft blijckt bij sijn antwoort

3495 1477 2413 241 aen de schepenen, die verkoght te hebben tot betalinge dan

3492 1624 2353 233 de begraetmisse, en voordere subtistentie, dat bij vrouwe

3479 1701 2388 224 niet en hadde gestorven, hij soude sekerlijck sijne scoey bieste

3489 1889 846 192 niet verkioght hebben

3483 1913 2368 285 sijne overgroote armemoede die hij voordraeght is maer van

3489 2044 2418 228 sijnen slegter handel te willen bedecke dat de menschen

3473 2204 2414 195 minne beesten, op dese mandere mochten verkoopen, ie daer

3486 2294 2287 216 soude selden iets van remarck voor vallen & het telte hooft

3485 2432 2462 181 waet gans te niet, synde een van de princepaelste monde

3481 2589 2398 154 van dheersijckejdt. sende mede de voordge schriffuren, sn dat

3492 2654 2360 238 ick te beter sien soude, watter in geddent is, ue antwoort

3475 2785 2175 238 op de duplique af waghtende, met dingelijde voordere

3485 2922 1453 206 schrifteuren, hebbe dare van te sijn

3493 3039 2349 254 dut. siende uyt de extraetue van de dooden dat den pastoor

3467 3238 207 122 Helt

3583 3258 1689 215 gettorven binnen de prochie van swijnd recht

3477 3343 2412 200 soo dat hel soude konnen sijne dat sij stellen den dato van den

3475 3502 1750 193 stertdagh in plaetse van den begraet dagh

3560 3602 2332 202 est lasien dat het niet noodigh is d'ingeslotene copyen weder

3489 3725 2330 216 te senden, soo soude ue: onder sigh connen houden voor het

3489 3870 465 176 toecomendie
