8084 4623
2673 190 598 155 Adij 8 gber 1736

879 228 1976 175 sendt toWalchiers heere Van oostwinckel Comies van diunpositie

959 334 2204 143 deere van ue: on verwaghte missin 6 deses, op gisteren ontfanghen,

973 431 2192 179 dat bij met verwonderinge gelien, dat d'eerweerde ende bedele heeren

1880 538 322 74 de srofvidabie

981 516 2170 192 de geettelijcke ende leden van blaenderen ue toegesonden hadden

985 638 2130 175 d'ordre, om aen mij te rembourseren, soo in Capitael als verschene

985 719 2232 179 Croisen dhunne obligatie dan ƒ12000:- wissel gelde vervallen sedert

974 840 2192 145 5 insij van desen geere tot den thienden deser maende ick hadde in

992 926 2292 197 ope geweest van ander ue preteetie van dit remboursement bevrijdt

1016 1031 2130 174 te sijn, te meer door de goede recomandatie dan ue goeden vrindt

995 1152 2220 170 dh prister Bant aen ue gedaen voor sijne intume vrinden & hadde

1010 1252 2194 167 oock noch al wat op ue goede vindtschap gesteent echter vermits

992 1322 2249 192 de sasie soo verre gecomen is, moete patientie hebben & sal vervolgens

1010 1462 2255 172 op morgen, is het mogelijck de obligata naer gendt versenden & op de

1003 1557 2167 181 selve stellen quitantie soo van Capitael als voor ½ & tijf bayhen

1010 1684 2170 138 intrest om ingevolge ue versoeck bij ue ontfanghen te word en

970 1797 2272 140 & al het wel dit remboursement alsoo geschiedt verhope echter van

1013 1863 2173 214 ul: vrindtschap niet vervallen te sijn, & dat iu soo goedt sal wesen

1003 2004 2211 146 van bij eerste occasie ene andere obligatie te procureren, waer toe

989 2112 2142 140 de penningen a costy sullen blijven berutten, mij geheel op ius

1011 2213 2166 187 goede genegentheydt vertrouwende, hebbe deere dan te sijn en te

988 2326 976 174 blijven met groete achtingee

2528 2302 621 220 Adij 10 gber 1736

847 2420 781 200 London John Sathall & son

1010 2533 2240 175 le 18 sbre passeé fut a vos graces ma derniere y joint vre compte courant, p le

1008 2653 2232 128 quel, il me reviend ƒ179:16. me reterrant au reste, depuis j'ayreu la lettre

1005 2759 2254 177 n' escrit p mons: William tatnal vre fils, de date 22 sbre passe V.S. avec avis

1021 2846 2210 183 que vous aviez receu la mienne du 13 passe, & que le balot N.83 estoit bien

1004 2995 2219 134 arrive, sans faire mention, de ma preditter du 13 sbre passe, j'y trouve aussij

1000 3088 2297 162 un cognossement de deux ballots marcque  N.32.33. contenant 30 douraine

965 3192 2314 128 des peciux de Veaux que le s: Van Wanghen vous avez ordonne de procurer

993 3317 2208 142 & En suite vre ordre ie luy ay fait presenter p un de mes vallets le

992 3383 2280 168 ognossement de predits ballots, & fuit demander le payement de ƒ300:2:7

1003 3526 2192 150 il est donne pour responce, quil n avez pas a faire, avec les peaux des

1012 3622 2195 174 jeaux, & encor moins de me payer la ditte somme, pour quele caise

991 3755 2189 152 J'ay retenne le dit cognossement. vous me priez pour recevoir les ditt

987 3825 2310 198 2 ballets sur quoy j'ay l'honneur de vous dire, que c'est une marchandise

1004 3942 2107 139 trop mecannicque, & contre ma caractere d'avoir a faire avec des

998 4080 2208 163 Cordonaniers, outre c'est une marchandise qui dott estre vendu, cito

1023 4196 2176 139 presque arrive, & on auroit de la peine pour les vendre icy, & sur

1025 4284 2179 177 vous ie ne connois personne pas ces gend, pour les donner a credit

3459 209 2460 157 les dits bullets sont charge, sur midblebourgh, on ie n'ay ny au cune correspere d'auce

3468 303 2397 119 ay commois personne, ie ne fais au une megoce en marchandise, si non que ie

3459 367 2435 132 serve mes amis en cotils, p commissions ayant quitte toute autre capuis 1720

3469 456 2316 175 quand la majette imperiale m'a bien voulue reer chevalier, cependant

3478 578 2357 155 puis que vous este am barasse avec les dits peaux des veaux, & que van

3467 663 2391 174 langhea ne veut pas les accepter & pour vous aider ie veu bien les faire

3467 768 2444 167 venir icy sar le nomme d'une autre personne de confience, pour en suivre

3475 868 2382 137 vre ordre, si en cas, que John cristian viend d'arriver ie les ferray venir icy

3456 1016 2429 138 sur le nom d'une autre personne de confiance pour en suivre vre ordre, si en cas

3472 1091 2379 172 que john tittion viend d'arriver ie les ferray venir icy, comme j'ay dit et en

3454 1174 2418 191 cas que le batteau n'est pas encor partie, ie vous prie d'en disposer eutrement

3461 1323 2337 165 quoy que ie vous presente mes services, pour que vous ne souffre point du

3438 1388 2409 191 domage, si vous vener a les mettre en mains d'autrue ordonne moy a la

3449 1522 2375 171 reception de cette a qui mettre en mains le cognossement & en casquils

3463 1574 2368 248 viennent a arriver, ie ferray devoire, qu'on les vendra pour vre compte

3454 1678 2386 225 donne moy vre responce a la reception de cette, a ce suject pour me

3453 1799 2412 171 reguler a l'avenant. mess. ie pourrois vous envoyer les cotilt presentement

3451 1911 2384 197 le £ 3 seales a ƒ19:- les  3 seales a ƒ11:5. les ¼ 3 seales a ƒ9:6

3451 1994 2349 215 les ¼ gread leads a ƒ7:6 si vous en avez besoing, ayez la bonte de mes

3458 2107 2353 239 donner vos ordres, & en attendant lhonneur de vre responce p le premier

3476 2217 734 148 ie suis tres sincerement

3371 2356 2528 192 . ie me suis desa informe, chez les principaux cordonaniers, qui sont tous pourvue

3462 2444 2357 210 des peaux des veaux ainsy il ny aura point moiens de le vendre icy & celon

3465 2519 2321 246 mon information, quand ie sorte de marchandise reste sur les bras, che se

3835 2619 104 74 10:1

3452 2634 2412 243 diminne en  elle deviend dure, & se gatte, on les vend 15½ a 16 sols: tout

3451 2724 2351 260 au plus hant la livre pachez que van wancien les reprend, carie ny vois

3464 2840 955 182 qui de la perte pour vreus.

3449 2953 2426 228 ie rois que van wangien ne les at pas vousue accepter a cause, quil scavez

3450 3044 2356 245 aussij, que les cordouaniers estrient pourvue, cependant, il ne fait pas

3442 3152 1445 208 bien, de les ordonner, & ne point les accepter

3469 3269 2032 172 a linstant & an Wanghen menvoye la falture des peaux des veaux

3364 3346 2442 195 divelle nicolas marcq marchand des piere a eluy Ady 18 gbr 1736

3370 3527 2475 139 depuis que nous sonmes souvenu, pour me livrer deux pie destots & deux fables des

3438 3611 2460 183 pieres bleuses rien de vos nosivelles qu'oy que vous m'avez promis de me livrer le tout

3445 3711 2427 173 vers la fin du mois svre passe, & vous avez eu l'ordie, depuis deux mois quand vous

3442 3824 2423 147 avez fait l'accord, pour le pied du crevitex dans mon voisdnage, ce quel est livre

3443 3894 2410 189 & dea entierement mis, ainsy ie suis mortfie, que vous me trennez a vre loisir

3442 4042 2474 179 ct pour quoy, ie vous esarire cette pour vous prier de me marquer, si vous un

3459 4130 2292 180 les envoyeray vers la fin de ce mois, on poirt pour un veguler a

3422 4214 1744 200 l'arnant, & en attendant vre esponce ie suis
