7714 4658
4985 424 570 189 13 sber 1728

3537 440 787 225 onst & ret aon fere

5370 567 147 96 mes

3523 546 2146 234 jour responce a celle quil vous a pleust de meseure le 10. comt

3513 691 2170 190 j'ay l'honneur de vous dire, quil ie ne vois pas jusqua present

3451 836 2269 164 jour quoy la leg. de swijndrecht de vvois estre prise p rapert

3492 923 2268 158 me le choie vous est donne p vre conctrat ante nceptiele, si vous

3462 1024 2251 181 la voule , avoir pour la somme quelle at feuste a ure beaus.

3458 1089 2332 256 pere defeins, & alusy si vous la voulez avoir sur ce pred il ne sera

3474 1218 2331 202 pas necessatre de sa faire priser ce pour quoy ie vous prie de

3476 1369 2308 171 touloir vous expliggent plus positivement sur cela, & En cas que

3481 1427 2226 176 vous trouveriez a propos de laisser la ditte tiy. en connen

3489 1531 2239 185 jameroit m'euxqu on resoudrois a la vente di celle desd moins

3470 1625 2333 209 si vous le trouve  propos. & pour ce qui regarde de faire des comptes

3461 1777 2317 134 & estat du biens ie crois que vous est bien informe, que moy & mon

3494 1847 2147 198 espouze ne sont plus oblige d'estoz vendant de lan maison

3471 1951 2334 186 mort ueure de feu nre beau pere que vous & mad: vre espouze

3483 2049 2241 196 ettant tout deux heritieres egeaux & p consequent, il ny a

3465 2157 2289 212 aucune raison pour que ie me chargeray seul di la maison

3469 2271 2290 165 mortuaire, & de ladmisustration dualle mais si vous voulez

3491 2373 2206 159 qu'on proce de a la confexion de l'inventaire & l'estat des

3470 2507 2215 136 biens de la ditte maison mrtuaire ie vous prie du donner

3486 2626 2286 124 vos ordres & conttituer a cettefin selle personnx que vous je gerez

3482 2744 2323 151 capable pour fait faire avec moy le dit inventaire cest at

3492 2813 2291 137 asant lhonneur de vous assurer que ie ne me resondray

3483 2951 2349 105 jamais pour este seul be vendant de la ditte maison nortidian

5573 3014 260 107 aroste

3449 3011 2392 145 & quainsy ie ne favez faire au quine vente, m d  ie s epone vous ie

3477 3144 2388 157 my de tous les autres meubles sans que vous y soyer present ou que

5674 3210 109 60 mns

3486 3240 2380 113 ayez conttitue, quelquen, pour faire faire la ditte vente consonte

3466 3318 2353 153 avec moy, & somme il convient quon fasse suppler les livres sans quoy

3487 3430 2271 124 on ne peut faire un estat escuit vols aurez la bonte de me marquer

3469 3509 2277 146 presondie avec quoy, d'employer un certan van suck, homme fort

5586 3586 101 71 f

3462 3584 2412 167 capable, qui efait les affaires du pour faire de dit transport

3480 3723 2376 131 tirer, aprez la bilance, cependant en pourroit faire provisionelement

3478 3817 2319 164 un partage des biens immeubles, & comme jay eu l'honneur de vous

4257 3896 1450 146 aute, quil convient d'autoriser quelqua

3487 3944 696 145 marquer p ma pres

4138 3927 95 135 d

3495 3989 2340 189 pour recevoir les dattes acttoet de la ditte maisie mostwaire
