8029 4658
2286 189 854 171 Ady 23 meert 1743

793 188 618 193 Tendt Coppens

947 310 2288 160 in lange het geluck niet gehadt van ul te schrijven ofte

951 395 2316 193 eenige van ue missive te ontfanghen, dan alleenelijck een

924 507 2274 182 sijn memoiitie door den ontfanger van smijndrecht om ue

931 624 2250 212 quitantie tot laste de selve prochie die us tmijnen

925 730 2169 197 huyse gesonden hadde aen den selven ontfanger ter

932 855 2323 177 hant te stellen al soo ditto ontfangen, de peniegen aen

954 955 1223 142 us: tot giudt betaelt hadde

939 1031 2179 170 sedirt ue laeste overcompte, isser al groote veranderinge

914 1172 2276 167 voor gevallen, ick hebbe ue de doodt van monfrere van

926 1276 2214 199 lessel niet laeten weeten om dat de jouff: mij versoght

906 1436 2319 155 hadden van het niet te doen, alsoo sij selver soghten aen

965 1531 802 179 asste Schrijven

957 1575 2195 265 evenwel can mij niet onthonden, ien ue kennisse te

919 1773 2291 159 geven van het overgroot ongelieck het gene aen den heere

914 1858 2147 201 schepenen kuijff is over comen voort de doort

926 1978 2232 214 den boedel van de wed. mack heeft een divigent gedaen

953 2103 2024 201 van 25 t soo dat Jan onse resterende lait ale

925 2195 2255 168 somme Van £187:16:0 en ontlanghen hebbe voor reet

927 2349 2290 212 dan het sterfhuys van dhee de lannoy saligerin wissel

944 2472 2182 195 gelde £46:19:0 ent waer vooren de noch open staende

951 2585 2178 240 iek van hnt selve stershuysen gecrediteert hebbe op

942 2712 1622 191 mijne boecken waer mede blijve

2657 2767 194 131 mo

2396 2775 760 232 Ady 3 april 1743

771 2871 1021 169 Hendf advocaer batilius

1847 2887 132 153 20

947 2951 2289 164 us: seer geestimeerde van  xber laest is tot hier toe onnantwoort

920 3087 2245 182 gebleven, by faute Jan materie hebbe d'eere ban usete segyen, dat

924 3176 2245 150 men my de costendtant proces tegens soos van bossche noch niet

920 3283 2348 195 gevoalght iest, ende de lasse tegent hendrick heessens, blijft tot st

922 3387 2324 191 nicoblies hangue, partije heeft op mijn request valdaer in gedient

954 3510 2153 183 niet geent wvoordt noht in doen niet presseven gelijckil

928 3647 2291 178 geraeden gevonden heeft men vraeght mij o niet de costen

910 3738 2330 161 waer nne by sententie gecondennneert bnn ick supponere

924 3843 2306 214 dese twie saken geecondight sullen blijven  vervolgens is het

914 3934 2169 188 redelijck dat ue voldaen wordt soo over verschot elt salans

935 4039 2197 216 versoeck ende dan aij te laeten tocomen de nosttie omme de

922 4160 2279 182 netto somme aen ue te doen betelen dat sijnde het noodige

920 4276 2245 171 deses & hebbe diere dan te sijn & te bijven met groote acht inge

3391 213 1378 174 brugge wed: lauvence Jan rentergene

5090 217 888 186 Ady 11 Juny 1713 us

3481 326 2500 221 dalsoo alle negotien gequitteert hebbe & dat besigh ben, met jder een

3469 459 2513 169 te effenen, & dat bevinde ue debiteur te wesen, soo versoecke

3476 575 2432 159 van mijne rek: courant mij cito mogelijck te willen toesende

3480 694 2459 177 om tgene ur: is comende te conmen voldoen twelck f waghtende

3484 783 1649 201 blijve naer seer minsume groetenisse

5183 883 747 193 Adij 19 Juny 1743

3373 882 1204 224 durcht Jacobus sHeylaert pachter

3464 1007 2425 200 hebbe ue nu soo die will doen vermanen van bij mij te comen, om

3447 1172 2491 120 de conditien van verpacktinge Jan het lant liggende onder burcht

3472 1238 2516 190 te teckenen ende te passeren even wel blijft ue achter

3476 1349 2444 202 vermits sulx mij verdriedt soo come bij desen ue noch

3479 1501 2373 165 eens vermanen & ingevalle ns niet en comt in het cort

3459 1611 2323 179 soo sal ue mij pramen middelen te gebruysken die ue

3461 1716 2322 191 mischien niet aengenaem en sullen wesen ick ben

3468 1828 2359 137 dan mijn leven soo niet gevaren nochte verstaen niet

3457 1931 2394 160 wat reden ick heeft terwijlen mij soo aengegaen hebb

3458 2074 2447 149 dan mijn cans, aen nimant anders te verhueren als aen

3452 2163 2525 163 ul. versoeckende dan Jan dese wesee met ue mij svrouw

3457 2274 2393 158 te comen, om den packt brief te techkenen, die ul van o

3451 2414 2468 168 het ejnde van voorlede jaer, geschreven is geweest & door

3460 2508 2428 201 ick gelesen, sf hooren lesen, ick dan afwaghtende blijve

3454 2615 805 176 naer groettenisse

5172 2636 608 218 Adij 22 jony

3355 2707 1518 185 brugge wed: laurence ben rentergen

3456 2844 2456 166 ul: seu aengename 18 deser wel ontfanghen daer bij mijne res

3438 3004 2465 139 over oncosten door ick v0or mij gedaen op differente packen tijkeen

3447 3098 2427 178 naer London vesonden, bedragende £29:2:8 coudant gelt

3439 3202 2419 190 twelck hebbe naer gelie &llelles sonfoom bevonden & tot

3449 3314 2473 157 volle voldoeninge sende aen ick hier ingesloten ene remise

3452 3440 2453 163 van gelijcke somme Jan £29:2:8, op 6 daghe dato ten

3437 3540 2484 187 laste d clemens Michet tt brugge, welcke gelieve in te

3460 3660 2404 160 voorderenn & onse openst ande rest: naer ontfangh daer

3450 3772 2306 195 mede te sluyten gaen mij advier te geven van den

3451 3911 2425 184 ontfangh deser blijvende naer pretentatie jan de
