7748 4665
763 199 2315 169 monsr Coppens ni escrin auiourdhy, que la comp: a eu me faute

762 324 2337 107 couche d'un porte d'enviion de trois mois a hier, & quelle souttre

762 360 2219 218 beaucoup, ce qui ne viend pas, p le grand plaisir quells

760 474 2355 221 pourroit avoir quelque fois elle avoit promis a ma fau

751 595 2268 207 p la lettre de venir icy pour le temp de la couche, mais il

761 685 2340 238 nous marqua peu avant quelle avoit mal au pied, & ce mel

749 801 2396 245 esttoit passe peu de jour avant la faute couche, anisy ie vous

740 900 2414 219 laisse a considerer le reste, mon espouze vous fait, bien des

739 1013 2316 179 compliment, & a toute la chere famile permette m chere

742 1134 2255 219 faute, que j'en fasse de mesme & suis avec bien du

2488 1239 624 183 Ady 2 april 1729

759 1271 373 149 respect

624 1370 703 166 Gendt vaedt Coppens

776 1426 2301 193 ie me sois donne l'honneur de vous adviser l'heureux accouchement

745 1546 2425 204 de mon espouze le 31 du passe, & a hur l'aprend p lagreable vre du mesme date

759 1638 2359 229 que madame vre chee comp: a eu le malheur d'avoir une faute couche

759 1787 2337 164 dont ie suis tres mortifie, & comme cette nouvelle, m'est si sensible

771 1830 2424 213 ie n'ay pas ausue, d'eu donner part a ma femme d'autant plus quelle

776 1933 2373 193 en seroit au desespoir d'aprendre le malheurs duna soeur quelle chevie

769 2048 2288 240 tant. ie ne peu comprendre, quil espoir que vous pouvez avoir des

762 2149 2411 205 avancements des affeures de la maison nortwaire, de feu vre pere

759 2290 2439 214 puis quil ny a pien de fait aprez vre depart, & que vous avez voulu

780 2401 2380 201 faire mettre tous les papiers dourments livres r entre les mains

755 2508 2406 197 d'un troisjesme, & comme ie n'annerois point de vous disobliger

760 2626 2402 166 en bien, nous avons laissez le tout a leurs places, comme vous lavez

757 2764 2415 165 quitte, & nous attendrons si long temps jusqua que vous auvay la

767 2855 2452 200 bonte d'en faire un fin pendant vre presence, il est certain, quil n'est

769 2970 2375 209 pas profitable, que nous sommes si long temps sans estre separe des

765 3077 2316 209 biens la melieur catail se perd, puis que l'un fait des forrbirie

754 3192 2447 209 aprez lautre, les fermiers restent avec largent en leurs pochez enfin

749 3354 2466 179 mn cher frere, peuse y serveusement, que nous faissons une separation

737 3440 2472 207 des biens, pendant que vous seray icy a vre prenver voyagez alors

763 3571 2447 180 chaon aura soing de ce quil luy tombera en partage, & ie vous prie

742 3677 2417 175 d'avoir la bonte dapporter les priseries des biens, qui sont entre

770 3824 2416 152 vos mains & autre documents requises. moenssens m'luez dit

747 3938 2444 173 de vous alles parler a gand, ie ne scay sil l'at effiedue incluse

759 4038 2311 203 une lettre quil n at escrit le 18 du passe touchant nre

765 4185 2388 173 femme, qui at mise un melieur catail a cotte. vous scavez

766 4279 2345 139 que le loue de la maison m ort naire est finee, les provisions

3513 200 2444 106 de la cave y sont encor, & comme nous avons eu un veide hive 17

3525 236 2321 201 ma provision du boss, vat loing, mes tousbes sont consunne &

3498 388 2446 145 J'ay presentement 8 domettiques dans ha maison, mon bour

3517 486 2431 166 est si avance, que ie dois aschetter une provision ce pour quoy ie

3527 601 2320 164 viend p cette vous mander si vous voulez que ie prend la

3515 671 2308 168 provision a moy, ie ferray mesurer les tousbes les charlons

3514 761 2368 218 compter les bois & paiser le beur, & ie vous donneras la moitie

3503 872 2477 184 dn la valeur en argent sur quoy j'attendray vre responce a la

3533 999 2417 194 reception de cette car ie devrois prenute d'autres mesures & suis avec

5286 1106 655 191 Adij 3 april v720

3499 1119 827 194 bien des complisments

3317 1256 724 167 Brussel floris simens

3503 1316 2466 177 blijve n ten hooghtten verplicht voor alle moeyte die wel hebt willen nomen

3520 1425 2258 222 van s: de lelle spoedigh te doen overcomen, hij heeft sijne creppine selfs

3511 1518 2432 242 readiutteert & ick hebbe aen hem de selve in vollen vetant de casse

3475 1682 2418 134 is nu gedaen, & hebbe die gisteren naer middagh in huys becomen, soo

3522 1727 2432 216 datter nmits manqueert, als het schilderen verguden, hadde op 22 pa

3517 1862 2442 186 an s: de boete Baillien geschreven, dat de cesse op gitteren in huys

3488 1965 2386 183 soude hebben, & dat hy lcost overcomen, terwijlen aen de portellen al

3505 2093 2354 197 begonnen cost dogh geen antwoort come aleten ue de lette

3505 2220 2449 176 rintschan versoecken dat is van L: taillieu nu oock soo aen te

3514 2299 2364 191 moedigen, dat hij op dijnsdagh oft woonsdagh gelieft te comen hij

3495 2463 2484 151 moet niverans naer waghten vermits alles gereest is,  alsoo mevrouw

3506 2550 2385 174 gelegen is van eenjonge dochter soude de galeve geerne gereedt

3499 2685 2468 157 hebben om haren s vell gancte te doen ue votmoedelijck bidd ende,

3471 2795 2182 155 dit versoeck te trachten te obtineren sal ul voor altijdt

3518 2891 1025 190 verobligeert sijn & blijve

5401 2901 447 169 A875

3315 3010 2040 209 brussel mons: Mean au mivoir de france ne de chapellier

3538 3127 2404 196 de casse met de raemen van de gulere toegesonden om de sugels

3529 3254 967 191 van liparys te doen comen

5366 3243 543 229 Adj 1 apil

3305 3358 1211 177 Brussel mons. Ballieu Schider

3467 3454 2463 210 ie me suis donn l'honneur de vous escrire le 27 du mois passe

3515 3571 2475 185 a la quelle ie me referre, & quoy que ie vous avois priez de me

3509 3679 2498 162 donner de respence, ie ma troure sans auqune vre, J'ay pries mons:

3507 3801 2472 139 finmey es  ma lestre du 3 courant de vous dire, que ma galere est en

3512 3868 2495 224 ma maison, & que vous pourriez la comencerr a peindre a tout heure

3516 3978 2495 165 & temps sans quil y ren contrer oit le moindre empeschement I malijre

3512 4077 2490 195 tous cela, ie suis sans responce de lon  de lautre, e pour quoy ie

3529 4219 2417 154 vous es crire ces losnes pour vous tprve de veuu icy aui plustost

3504 4275 2486 181 possible & de me donner du moins, un petitnet d'avis pour le dems
