8036 4665
1047 222 2165 100 fenecht, tot voldoeninge van sijne rekeninge

1018 282 2249 107 siynde op de laeste over comste van meutou

975 351 2156 119 ue leeve moeder ende mijne suster saligers

992 409 2260 148 geweest in sep hember 43 soo dat welwant

991 478 2194 193 peijsen het sellve door hem voldaen is, sijnde

1002 555 2256 145 inie niet meer nood ick daer te seynelen, alsoo niet

1016 627 2173 158 wete sedert genege affairens voorgevallen

1001 727 2283 173 te sijn, met den  belyen avocaet siny soorders

1008 801 2163 142 refererende to 4 mijnen voorgaende hebbe

1018 900 2127 135 deer van te blijve, naer onse ordinaire

1011 936 1912 183 omplementen met eene besondere

1005 1065 1249 209 geneffentheyt, ende liefde

2143 1197 1085 220 Aonttependen melle 124

804 1263 310 187 Mellell

1001 1341 1478 203 D heer Jean Baptist Moenssens

1006 1470 1114 200 gresfier van swijndrecht

1067 1637 559 173 Mijn leer

1043 1734 2161 213 desen is dienende om ue te versoecken rarulaen

1026 1888 2127 162 Merten Bodinghier te willen doen aenseggen

1044 2003 2141 180 van de kenen van de bruggen boven te moeten

1036 2099 2168 188 rondt maecken om dat sij souden connen afwae

987 2220 2168 180 ==eeren en de dichte der selve moeten sijn ses en vier

1015 2307 2086 199 quaert duyans volgens het seggen van mijnen

1007 2393 2093 232 timmerman en isser een bederf ofte gut gelijck

1009 2500 2147 230 hij seyt aen een boven planch van de brugh hij

980 2635 2163 207 kan dat quaet daer uyt cappen en nemen een

1017 2751 2084 185 schael planck bij barel de hopen daer van

1003 2840 2132 155 stucken in schieten en hem te belasten van het

992 2955 2277 190 selve met den eerst maken met beslaeh van

989 3043 2237 181 ejser gelijck hem belast is en ist dat hij daer mede

990 3120 2254 198 noch lanck differeert dat ick eenen anderen tim

975 3271 2084 157 merman sal employeren om het selve te doen

1001 3362 2220 182 maecken en wat raechthinds van Gilles Bernaerts

1014 3430 2175 216 25 beter dat hij eenen vrij brief haelt alsoo andere

999 3537 2214 216 arme menschen aen wien men t'selve doet haelen

998 3627 2254 197 reden souden hebben van hun te beclaegen en ander

963 3745 2168 180 =sint dick wils soude gefrandeert worden en in den

995 3834 2158 168 vrij brief van de moeder stuct anna Cathrina

976 3984 2213 135 van goeije iuk heeft mij geschreven Anna van

997 4048 2219 202 goeye daer over ue sal spreecken hier comende en

993 4146 2187 192 verhopende ue dese weke sult doen ashaelen de

993 4226 2220 174 Recipissen van mijnen drij de nombremententer

3499 211 2410 119 handt gestelt door uwen sone aen Mijn seer vanden

3515 251 2393 175 Jaerehoogh Ballien van ½ lant van waer als mede

3508 377 2334 104 mij de selve doen behandigen met de papieren

3499 433 2356 175 van het verhef der selve zeenen gedaen ter vier

3498 546 2432 148 =schaeren van tot Meleele waer van ue sal geliee

5740 625 151 76 an

3484 622 2432 177 =een een rekeninge bij te senden ofte brengen ue

3518 726 2407 174 verschot et: waer mede blijven sincerelijck naer

3519 823 2408 172 mijne groetenisse aen ue sliefste en familie verko

3504 918 2062 184 pende noch alle in goede dispositie seyt

3375 1096 181 178 Julleo

4902 1132 1018 202 Antwerpen den 8ber 1744

3515 1229 1261 194 Monsr Jacobus de Maeyer

3543 1364 1210 146 In den Doeder van Calloo

3560 1505 815 155 seer eersaemen

3566 1602 2271 176 alsoo tot mijn groot leet weesen den almatighen

3544 1737 2349 150 Godt heeft gelieft te disponeren van Mijnen Man

3533 1826 2342 158 saliger memorie op 15 july laest wiens ziele ick

3532 1943 2370 135 recommandere jn ul: gebeden soo is desen dienende

3535 2025 2399 196 om ue in het vrindelyck te vermaenen tot betaelinge

3536 2158 2398 181 alsoo bevinde dat de rente die ick ben heftende tuwen

3387 2240 2546 199 1 laste en van ue vaeder soos de maeyer is verachtert

3531 2375 2233 180 over de twee jaeren t'leste verschenen twintigh

3513 2479 2379 248 september seventhien hondert vierenveertigh waer

3511 2553 2413 274 van ick ul versoecke mij voldoeninge te willen bom-

3492 2714 2353 269 =men doen met den eersten in welcke verwachtinge

3488 2804 380 145 Blijve

3401 2937 2505 192 ondon dheren John Edwardo bvon Antwerpen den  veber 1744

3471 3089 691 182 sijn heeren

3476 3165 2378 193 tel aengenaemen van 21 sber hebbe wel ontfangen

3463 3322 2390 126 dobsentie van de heeren Melijn, en van havre

3475 3404 2416 130 is oorsaecke dat niet eerder hebbe connen passeren

3462 3502 2454 135 de coommissie door t hof van den artsbisch op verseent

3469 3566 2448 145 com Jkan de fondsen kan mijnen destan saleger te mogen

3466 3664 2389 164 disponeren gaende de selve heer beneffens mett noch

3461 3740 2450 155 seemen acte can confirmatie dat calses in behoorelijcke

3460 3808 2458 220 forme is geschiet, soo get verhope de permissie sal

3496 3902 2379 208 gegeven, ilsorden om de fondsen op mijnen naem

3388 3976 2443 194 mj telr stellen, laer op als dan tersoecke de model

3474 4105 2435 125 Jcan de procuratie som iels te anthoriseren, mede tot

3483 4190 2444 122 den ontfanck der aenten sal dan oock mijne bourante

3470 4258 2382 163 reeeninge te gemoet sien, ende blijve met alle estime
