7803 4685
4182 1595 1549 134 de qui  on mijnen laste pdest

2403 1582 1616 192 soo om dietbil, dat men den selven

2376 1666 3392 188 Radt alsoan te moertgepesent eert bast bij pij

4141 1777 1582 189 debet  dat in voieliedt 1ed:

2403 1850 1582 201 vander wat siud van r

4158 1900 1630 206 oompous hebben oledt de aedilycketijt

2402 1964 1569 204 e ds dat u daet oldde yd

4187 2005 1612 178 van ftbyn de sort wh dun

2379 2096 1570 188 noot sait sou sijn heb m

4195 2113 1586 216 Ja Tnnd Aysy Soude accosten don

2425 2223 1566 184 auti proten uyt

4223 2211 1553 195 00den eyds van vlan

2418 2331 1506 140 th tebetenr den wot d

2492 2355 3300 204 roors eande van vlavndern dieen ofte  voor den letipous

4204 2466 1562 202 van melsen alsiede voor gle

2430 2545 1529 185 sed de 1l2edse bij appse

4202 2580 1482 193 aud a Poll al badt

2436 2646 1524 196 voen den got hast tot

4189 2694 1578 197 £2uigt eddes lrnen oft ebe

2416 2753 1616 213 npln, de  dun

4176 2828 1571 201 lij eden gelegen sijn alles in

2354 2886 1649 214 diesebel dat ent suburt en

4184 2939 1575 202 pretnditie van ost geutael

2339 3005 1704 207 sspael van sulckn poussidecatie

4197 3050 1357 174 oduiun facuilien

2421 3130 1916 167 wmit en is om da ous soo i

4181 3166 1540 183 Andr de ladthael da oudt

2407 3240 1616 136 wtel umo  tot madtaen

2410 3264 3332 286 made gelijck den voors gdven antscituitijcke guitto du e voor

4204 3386 1554 205 Sgebeta redeent deser hadt alselen

2448 3442 1529 210 rart coppens, su taed
