8036 4671
2119 206 1001 159 Antwerpen 21 jan 11745

798 232 1097 113 Theudt DB. Cexat S. Copnens

801 270 1298 175 Raedtsheer vanden ioyintialen Raede

838 383 560 133 in vlaenderen

931 412 1509 234 Mijn heer ende Beminden Monsrese

981 578 2201 227 Ick hebbe met veel plaisier doot dh. van B: missive van

991 696 2190 145 10 deser maent gesien, dat de onthaelingh 1B: uijtter herten

988 807 2158 109 gedaen t mijnen huyse, aengenaem is geweest, t swelck mij

954 869 2223 149 doet verhopen, 3B: wel sult gelieven daer mede oock te

997 952 2214 146 vergenoughen in het toecommende met d'h. B: soone

974 1033 2254 150 mijnen deminden neve, al hoe wel confus ben, over alle

985 1125 2156 155 de beleefde dancksegginge daer over gedaen, dagh bB

1000 1209 2153 145 als t selve niet meuterende, dogh B: magh verschert

1005 1300 2137 134 wesen, mij altuyt willecom te sullen sijn en inden

1000 1396 2235 180 gevalle mijn affairens mij peniteren van over te commen

978 1493 2158 128 met mijne dochters, ick oock sal proffitteren vant

2670 1570 229 65 malst

960 1577 2149 133 logement dat 8: mij is presenteaende, dogh hebbe

969 1667 2119 124 met leet wesen verstaen d'indispositie van d'H V6

962 1751 2265 166 soone, ende blijde ten selven tijt te vememen sijne

1005 1828 2214 120 en steltenisse, twelck wil verhopen is untiichende

993 1914 2260 161 als oock dat 18: een volcomen gesontheyt syt genieten

1009 2008 2132 105 dogh de cleyn presenten aen hem gedaen en sijn gesne

1006 2089 2205 149 dancksegginghe weindigh, maet hen hem terplicht van

992 2184 2165 134 sine genegeintheyt: twelck hem altijt recipioquelijck sal

988 2266 2193 124 bethoonen, en hebbe aen de Joffiauwen van hessel anse

1012 2368 2210 134 nichten noch met ten handt gestelt volgens ul versoeck

1003 2436 2183 152 P: ijf quitantien ten laste den stadt antwepen

1016 2556 2189 101 beloopende te samen de somme van vierentestigh

999 2611 2162 152 gulden vier stuijvers coutant gelt te weten een van

970 2734 2254 133 ƒ27:- een van ƒ 10:16 een  van ƒ 8:12 ¼ & noch een van

998 2778 2241 140 ƒ8:12 ¼ & noch ten lesten een van ƒ9:12½ maeckende

979 2873 2106 133 tsamen de somme als voosen et oassaecke pB:

1003 2962 2131 124 vergeten hadde de nombers te stellen op de twee

998 3053 2228 113 quitantien gescheeven op degel te weten d'een van

988 3125 2201 124 £27:- over etnn jaer vois vezschenen 17 8 bre 1744 a

1000 3198 2211 147 d'ander van ƒ10:16. over een saet vois verschenen e

995 3309 2263 129 & bee 1744 welcke nombers ick ul versoecke mij te noteren

1000 3383 2204 133 om de selve op uB: voorschreven quitantie te stellen

1000 3473 2214 137 de welcke hun als dan sal behandigen in gevolge ul

993 3566 2314 119 oeders en hebbe volgens de selve doen betaelen aendene

764 3646 2346 155 chancot penninckinte vanden polder van bosgereweirt de

962 3721 2223 142 eenenojstigh gul den en les stuijvers comant gelt die

993 3827 2241 117 ul. sier sijnde mij bet handt gestelt hadte, voor duy

982 3873 2252 140 saeren dijckgeschoten die ul. hem schuldigh was, over

995 3962 2135 111 ul landen gelegen inden voorses polder t' leste angestelt

979 4038 2220 145 den lesten sapilil i714 waer dan ul de dey quitantien

1001 4124 2208 115 hier benevent sult vinden, als oock een nemane die

1002 4210 2211 120 hy mij ter handt heeft doen stellen van eenige recochte

5803 199 102 100 194

3491 236 2251 149 landen gemeyn met de 3 bestaende in 97:8: die hij seght

4040 347 403 63 door den polder

3511 353 2146 120 verkocht te sijn, voor hier saen dijck geschoten aen welcke

3506 435 2467 145 generaliteyt sij alse sijn compiterende, hadde ditsiente reysen

3507 555 2467 95 reichtiloos gesonden tot den voorsche shancot tot etfectueringe

3514 609 2336 125 van dese betaelinge, die of met thuys sijnde ofte dese

3490 718 2314 110 vootscheeven memoiie niedt op gestelt sijnde niet conde

3513 798 2458 130 effectueren het welck door saecke is, den wen niet eenden

5115 871 267 78 1 autstel

3511 894 2300 133 en hebbe connen beantworden en alsoo mijne, dochtes lof

3501 976 2384 155 mechelen gewoont hebbende van haere clejne onpasselijckheyt

3483 1060 2456 163 groote swanigheyt geschreven hadt, hebbe haer op 13 deser gaen

3485 1126 2430 152 besoecken dogh de quaele van cleijne importantie bevonden

3485 1275 2416 108 maet vermidts de keligiensen mij peisuadeeeden tot hunne

3492 1347 2308 100 en mijne genistigheyt voor veerthien daegen mede naer

5896 1387 102 144 ƒ

3509 1429 2306 153 huys te nemen, hebbe het selve gedaen, al hoe wel sij

3500 1521 2313 129 wedelijck wel is en geene swarigheyt vewachtende ven

3504 1611 2428 136 d'h deneurt is oven erjnighe daegen in huwelijck geliedeen

3501 1702 2358 120 met de autste dochter van d'heer van colen, heere van

3498 1774 2198 117 Brouchem, en de smaecke gaet dat d'antste soe

3503 1875 2373 125 Geecquemans dochtis van de Batonnesse la veire wel

3492 1948 2342 115 mochte gaen shanwen met dhe van Berghem onsen

3485 2041 2431 141 merch ghaet ende broeden vanden nue van Cappelle waer

3491 2116 2247 131 mede d'autste dochter van mijn heet die bdois op mert

3502 2182 2414 194 gesianwt is, doch dit is sonder schecheyt, mijne twee dochtns

3494 2299 2464 163 veescheren B: hier revens van hun respect, en doen d' heer sP. soone

3483 2414 2262 128 uytten herten geoeten twelck ick oock ben doende met wel

3483 2493 2056 152 genegentheyt ende estime blijvende altijt siencezelijck

3380 2649 734 195 Leele Monsr. Jean

4107 2660 659 163 Bapt. Mod 1

4920 2652 1002 178 Antwerpen de 24 Januury 1745

3583 2754 533 203 Monsieur

3570 2842 2210 227 Ick hebbe door ue aengenaeme van 23 deser maendet

3554 2936 2345 199 gesien dat Corneles Boeje avoerisdagh toekomende sal

3550 3041 2360 185 over commen om taccorderen over de gedaen prisje

3532 3166 2304 130 van de beybeeste mij competerende over het beste

3533 3218 2404 194 hooft ofte callejl van sijne huysvrou overleden binnen

4124 3334 1809 159 B van swijndrecht genaemt anna vande

3523 3362 535 138 mijn

3513 3405 2312 142 sande tvelck sal verwachten en sorge draegen voor

3507 3475 2401 161 t gene e recommandeert desen is dienendom ue te

3520 3594 2355 136 laeten weten als dat den olmen boom aen ue doon

3513 3669 2420 153 bekent verkocht is voorseven guldens het welcke ick ue

3529 3718 2324 164 versoeck hem te seggen en betrouwen hij de kerck

3524 3803 2447 171 geboden sal doen doen hebben tot melceleen beurcite

3510 3904 2427 152 en swyndrecht in gevolge mijne ordres tot vercoopinge

3506 3992 2452 156 van mijne boomen op woensdagh toecommende slaende

3511 4082 2430 151 aen het landt van steylaert en an het dreefken ver-

3496 4164 2325 148 soeckende de conditien daer van in behoorelijcke

3491 4218 2337 194 forme op te stellen en mijne groetenisse te doen aen ue

3529 4312 1727 137 beminde en soone blijvende sineerelijck
