8002 4671
992 196 2269 131 qu'on at due y lever par des otratagemes extraordinaires aiant dure jusqua

1001 260 2267 167 2 heures de nuit qui at cause une petite atteration, et incomodite a mes felles

990 322 2199 187 qui est presque passe et je suis avec toute les time et consideralions possible

1002 410 2241 235 Mons. antheunissen est trouve morce avant hier tenant sa semme au liet

984 484 1697 163 Mons. le prestre de wit frere de leschevin est aussi morte

762 594 1221 153 Melsele Monsr. Jan Bapt. Moenssens

2134 656 709 150 Antwerpen 8 July 3146

984 697 1007 138 bedienende greffier van 5 wijndrecht

1111 802 309 89 Monsieur

997 865 2268 153 hebbe mij bepeyst op het gene ue mij geseyt heeft doch oordeele beter te sijn mijn

991 947 2244 188 houdt te laeten thuys commen in de naeste weke alsoo naer oost den saet theyt

1002 1034 2189 148 aen comt en aen de schepenen als dan teyt sal manqueren om het te voeren

1009 1078 2210 163 ende daer mocht een csijn leyer in vlaenderen bommen gelijck men hier al

995 1154 2181 159 spreecht als wanneer alles soude quijt worden maer geloove tbest waer te lossen

999 1232 2117 113 aen broonenborgh haeye oft maij gat twelck maeh doen met mijn eijgen

1003 1283 2206 136 knechts laetende 't selven boerbrengen met de schippers van borght twelck met

1005 1359 2246 154 hoogh waeter moet geschieden ue kan met de selve daer over accoorderen en hun

992 1443 2256 166 betaelen mij tselve in rekeninge brengende en is mijn hout niet droogh genoech

1007 1498 2200 175 om in den helder te setten soo sal het onder mijn gaelderije in mijten setten

1005 1581 2199 170 want tegenwoordigh geen drooger krijgen kan niet tegenstaende daer mede

1007 1669 2082 166 verlegen ben moetende coopen den sago ƒ3: en het halfhout ƒ 4:6stuy

1001 1732 2204 201 thondert doch wenschte alvooren een letterhen antwoordt oft ue soone soo

1005 1830 2235 183 personelijck te spreecken die al verwacht hadde om alles te reguleren en ben

999 1915 2213 158 den vrijbrief van den overledene schepenen pieter haer verwachtende en naer

1009 2015 2233 161 mijn groetenisse gedaen te hebben aen ue beminde en soon blijve oprechtelijck

1011 2081 2187 172 gelieft soo goet te sijn van aen hegelaer bedienende Meyer van swijndrecht

995 2169 1853 118 te doen seggen van mij ten eersten eens te commen spreecken

1065 2269 2093 131 ddvu de la vreguille repreente a honriyneur de echelle conveiller deteat

1057 2368 2188 88 intendant des armies du choy par ceux du College du pays de waer et les sept

1061 2407 558 93 quartiers d'anvers

1031 2511 2192 131 Monscigneur de sechelle conseiller detat, inendant des armees du Roy

1097 2585 431 139 Monseigneur

974 2674 2339 229 le bollege du pays de waes, et les sept quartiers d'anvers ont l'honneur de representer a

983 2801 2265 144 votre grandeur leurs ayant ordonné par la voy de m: le comte d'herouville le 21 oce

985 2848 2232 163 mois quatre voitures deau pour et a cause dans l'ordre cy joint ont ete d'antant plus

975 2923 2253 136 surpris que l'exceution dy celuy n'est addresse a ceux de la ville d'anvers et a la dame

993 2970 2228 150 de swijndrecht s wijdrecht qui par une oetroy special appartient le droit du transit

990 3037 2301 101 depals lad: ville and swijdrecht et de vue versu, et pour cette avantage sont charges de

975 3121 2332 94 procurer et suporter tous les necessaires a leur fraix, meme de faires passer les trouppes

983 3152 2304 132 du souverain sur le pied enone par le decret icy joint, et au cas que cette depence paroit

1004 3241 2243 95 extraordinaires il est juste que les remonstrants il poures jamais en etre charges, non

1001 3279 2139 98 plus que par provision mais plustost les etats de deux provinces qui aboutissent

1004 3343 2324 127 egalement a l'escant Drions volre grandeur d'en excuser les remontrans dejaepuises

984 3403 852 110 par toutes sortes demandemens,

992 3483 1377 117 Cest la grace que nous espectons de votre justice

1652 3556 388 94 1appostille

996 3603 110 92 mt

975 3616 2320 137 nous ordorindus que le presente requle fera comncque a la dane de uydrest

977 3729 2307 93 pour y repondre et cependant que les outrages ordonnen contenneront etre exccuter

972 3791 2404 94 par les quartiers d'anvers et le pays de waeh saust autre par nous ordonne du remborsement

965 3849 2314 108 qui devra leur etre fait dans le cast ou le representations servient bien foudees fait

980 3929 2319 43 a Louvain le 25 suillet 174 signe de sechelle, embas tbit collata concordat cum

960 3925 2399 157 suo oreginali antverpia hac 2 july 1746 quod attestor et etoit signe  van berchelaer

968 4026 430 117 nots rey 1746

5852 200 106 102 20

3542 203 603 134 M son excellence

3561 323 2329 132 Monscigneur de sechelle conseiller des tat intendant en flandres et des armeer du

3564 392 1924 120 choy al quartier de Monscigneur le marcchal de saxe en karmee

3708 456 459 131 Monscigneier

3562 555 2440 153 C'est avec beaucours de respect que j'ai recu les ordres de votre grandeur repris dans l'aportille

3545 628 2444 185 du 25 juillet 1745 suivis sur la representationde ceux du Pays de waes et de sept quartiers

3546 712 1983 152 d'anvers ei soinete par la copie asson vicieuse qui m'a ete insimuce

3549 782 2011 151 ses y disent qu'on leurs a ordonne de constreaire quatre voitures deau,

3557 880 2409 152 taffectent d'etre surpris que l'exceution de cette constraction n'est addressee a la ville

3541 933 899 121 d'asuvers nn a la sousisagnee,

3540 1039 2447 133 mais sans aucune affectation, je dois auvoyer Monscigneur, que j'ai ete frapee d'etonnement

3544 1123 2384 138 voiant que les remitt trants voulussent m'opprimer iusques a s'efforeer de me contraindre

3553 1175 2396 182 a porter seule les fraix excessist de ces quatre batiments dont la suite seroit egulement

3545 1226 782 149 fraicuse et insurportable,

3537 1294 2389 206 la demarche des remontrants est d'autant plus irreguliere qu'ils ne peuvent inorer

3533 1384 2424 187 qu'au droit de passage de l'escant il ne me compete que trois huitiemes aux heritiers du

3551 1453 1364 156 seigneur de burcht aussi 3 et a la ville d'Anvers

3535 1504 2445 213 beencor que tout ce droit me competeroit entierement, ie ne pourvais iamais etre chargee

3546 1568 2414 238 de la maniere que les remontrants tachent de l'ensinuer dans le narre de leur requete

3556 1620 2312 238 a que ce droit etant acquis astilre onereux par octroye de souverains de ces jays il en

3550 1709 1732 185 resulle essentiellement une grace ou benefice pour les acquereurs,

3551 1758 2431 241 ces graces ne peuvent jamais etre preiudiccables a ceux qui en sont beneticiez consormement

3558 1831 2252 205 aux regles les plus notbires de droit c'est ce que la raison n'aturelle dieté cyalement

3570 1909 1598 130 Il sensuit que l'onne peut en aucune maniere m'imposer la

3552 1966 2424 140 rendroit non seulement l'oetroi insructeux, mais serviroit  en quistion puisqu'elle

5130 2041 666 95 a m'accabler et ruiner

3548 2046 2388 136 les voituriers sur la mordique composant une a assonation octroice, ceux sur

3543 2096 2334 157 malines et Brusselles de meme que la diligence octrouz sur la route des dittes villes

3538 2153 2440 140 nont iamais ete chargez de faire des voitures extraordinaires, non obsiant que les trouppes

3543 2214 1817 104 des Canssances belligerantes et leur bagages y aient passe plusieurs fois

3560 2250 2397 196 ce qui est plus, le pont de waelem etant rompie par les accidents de la querre a ete rebati

3538 2343 2411 173 par le dajs sans qu'on en ait charge les proprectairse le prince de ligne et le marquis de

3537 2380 2374 206 dijnse encor qu'ils en tirent un droit de passage tres considerable mome d'un homme y

3535 2451 914 119 passent a pild un liard et deme

3555 2502 2448 205 car les cas extraordinairs ne sont iamais compris dans les contracts ou autres acles par ou l'on

3552 2582 2334 177 acquiert l'un ou l'autre droit ou benesice au contraire, ils sout toujours reputez pour

3568 2624 1250 132 exclur, et l'on est cense ny avoir iamais pense

3528 2676 2471 224 ckinsi qu'il ne soit pas conceptible que moi et mes consores se fussent iamais obliges a une

3549 2763 2239 187 chose aussi extraordinaire et imprevue que celle proposee dans la regt: des Remontratito,

3559 2821 2168 218 cependant ils osent faire parade du decret du 8 janvier 1708 exhibe par copie

3548 2905 2440 236 selon ie decret le conseil detat pour lors commis au gouvernement, general des caysbas

3557 2962 2443 259 ent ordonné aux seigneurs de swijndrecht et de burght de faire passer l'escant par les poutour

3568 3035 1391 137 ou Barques les militaire, marchant par ordre d

3533 3101 2460 230 Mais il n'y est pas dit beaucoup moins ordonné que les ditt seigneurs cussent du constreur

3559 3178 1537 139 des noueaux poutons, barquer ou autres voitures d'eau

3536 3242 2358 223 le cas mentionne dans le suedit duret n'est pas comparable a celur dont il sagit au l'on

4900 3389 141 51 selle

3534 3329 2435 226 pretend de m'obliger a la construction de quatre, voitures d'eau d'une grandeur et pesantent

3535 3382 2354 223 excraordinaire, qui ne pourront servir que dans. le plus grandscaline et presque iamais

3529 3451 2466 255 lorsque l'escaut sera agite par la marce ou le flux et restux que l'on doit pereer pour passer

3535 3502 1185 148 d'anvers a la tite deflandre et vice versa,

3551 3587 2442 222 in peut encor se servir d'une quantite de barques et de pontons qui se trouvent sur l'escaut

3550 3646 2334 197 pres d'anvers et ailleurs, que l'on croit suffisants pour faire tous les transporto que la

3547 3696 1075 135 congonctiere de querre pourroit exuger

3543 3767 2455 278 a coiqu'il ensoit, c'est une nouveaute monie et insoutenable que les remontrants simagnent

3541 3849 1577 155 de pouvoir m'obliger a faire batir ces quatre voitures d'eau,

3527 3906 2445 242 slo reviennent a la find de leur erveur et deviennent plus raisonnables dans la derniere percode

3534 4008 2282 194 de leur expose, ou ils avovent assen clairement, que plustot les estats de deux provinces qui

3534 4118 496 84 ces quatre voitures

3538 4067 2472 244 aboutissent egalement u l'escalet devroient provisionnellement etre chargez de la coustrutzon de

3556 4184 2441 200 cot article paroit juste et equitable que i'accepte a profit, d'outant plus qu'il en resulte aussie

3541 4257 2456 186 que les chemontrants ont agi a mon egard et me fait insinuer leur requete sans apparence

3553 4315 403 101 de sondement
