7762 4665
2264 191 842 153 Ady 3 sber 1729

659 191 1124 180 Lille la veufve theodor Van Zeller

853 297 2401 210 pour responce a celle que vous m'avez fait l'honneur de m'escrire le 28 du

823 432 2371 124 passe, j'ay l'honneur de vous dire, que j'ay donne part a mons: Coppend

810 523 2457 190 de ce que mons: desping, vous a fait dire, si encas qu'on ne paye point le relief

819 634 2436 127 de la mort de feu nre cher pere, quil fera saisir, ie luy ay priez en mesme

834 733 2352 197 tems de vous donner ses ordres le que j'espere, quil aura fait quoy quil

840 831 2229 158 die m a rien respondue, & si en cas, que vous n'avez pas receu de ses

843 966 2395 173 nouvelles vous me ferray un sensible plaisir de luy escrire a ce swject

850 1058 2321 166 ie ne peut pas m'en meler a cause qu'il a pris a luy la seig de

837 1211 2265 125 swijndrecht, & quil sera oblige de prendre aussij toutt les autres fieves

825 1267 2286 213 vous pouvriez luy marquer aussij touchant la rente j autre chose

847 1379 2370 174 ne cesfaire, c'est un homme bien difficiel a vre agard. nous sommes tres

836 1479 2390 166 mortifie des peines, que nous vous donnous, nous considerons, que cest

840 1598 2255 162 un service xtra ordinaire que vous voulez bien faire a nre egard,

806 1756 2379 137 dont nous nous en souviendrous toujours. il nous at este fort sensible

829 1838 2348 201 d'aprendre lindisposition de mons: du petit cambray, & celle de mons.

836 1943 2349 194 son fils & de lautre cotte ravie, de voir quil va mieu, de tout deux

826 2049 2340 194 & nous esperons d'aprendre en peu leur entiere reconvalessence, vous

848 2155 2359 215 priant de luy faire nos compliments, p occasion, de mesme a toute

830 2279 2283 199 la famile, mon espouze vous asseure de les respects de mesme

850 2370 1864 223 celuy qui est avec bien de lettime veneration

2455 2505 729 192 Ady 13 ditto 1729

703 2531 711 191 Gendt raedt Coppens

857 2644 2265 168 ue missive 8 deser wel ontfanghen, daer benevens eene assignatie van

856 2772 2327 131 negen & svertigh guldens courant gelt ten laste mevrouwe uideramas

848 2886 2321 176 waer vooren de betalinge sal in voorderen, oock bevinde een coppe van

860 3023 2260 114 een brief die ue geschreven heeft in dato 26 sber aen den procureur

855 3130 2293 128 talingen, waer bier seer verwandert ben, dat ue dh advoceet van can

821 3202 2420 163 suspecteert van naer het teesienen van het compronus met mij & mijne

819 3294 2352 137 liefste differente reiysen, over ons verschillen geconsultert soude

830 3428 2355 153 hebben, het gene onwaer is, & sijn bejde beryht helbt met lede te

839 3512 2394 172 bevestighen, & dat noch meer is, dato heer van can naer de pesseringe

846 3611 2410 207 van den aet heeft mij geleydt ue verbis, liedt iess ben nu alt rechter

829 3732 2374 167 gestelt consulteert met enen anderen advocaet t geff ue pretentien

834 3843 2419 164 schriftelijck over 8 dh. Coppens sal de sijne ta dheer advocaet vinck

850 3947 2326 191 vergeven, die als dan aen partijen sullen p copie gecomenieeert

854 4093 2422 153 worden, tis nu soo dat dhs van can overue dngefondeerde luspitie

841 4172 2277 166 soo danigh gestoort is, dat hij als atbiter nmet dienen en wilt

3527 200 2463 141 tgene de casie wederom seer verachtert tot ons groot deplaiser wij willen

3508 274 2475 118 echter hopen, dat ul genegen blijft van de decisie in der miinie af te

3530 375 2401 126 doen, & sal dht Ven Jan trachten te imbderen de saecke te bevoorderen

3511 450 2506 151 bij refus eenen anderen advocaet daer toe versoecken, dogh in gevalle

3515 589 2407 120 ni van sentiment verandert is versoecke van te laten weeten, om

3534 693 2416 129 die moeyte te sparen,  voorders te sien, op wat manniere wij tot een

3513 764 2386 155 vrindelycke scheijdinge & deylinge souden connen geresien want wij

3527 870 2321 119 niet anders in trachten als en goede & langhdienge vrintschap

3524 986 1003 159 onder soo naer bestaende

3534 1085 2379 116 hebbe ten letten de calseye verpacht an martines, die voor desen, meest

3527 1178 2370 168 pachter is geweest voor de somme van vier hondert &dertigh gulden

3525 1282 2454 128 courant gelt vermits de smet niet meer heeft willen geven als ƒ406:- doch

3526 1379 2429 136 den pacht brief is noch nat geppasseert wil hopen, dat hij syn woordt sal

3532 1472 2346 160 houden wat belanght de pachters van iildrecht al hoe wel die vermaendt

3543 1582 2334 170 hebbe, sijn noch niet omgesien, alle de verachteringe sijn geschiedt int

3535 1694 1210 120 leven van onsen schoen vader Paliges

3518 1745 2417 184 Jan lujcht haeft sedert de doort een jaer betaelt venp bamus 1726 & dat is

3542 1864 2385 155 in ue: presentie geschiedt op 28 xber 1728, wanneer ue selfs veraccordeert

3524 1959 2433 183 hebt aen den sehen ƒ7:- te laten, voor verageltheden, als hij het jaer 1727

3534 2098 488 119 sal betalen

3523 2145 2461 182 Joos laureijs heeft oock een jaer betaelt terp. herremisse 1727. in dato 11 mey 1729

3533 2264 2330 142 wille gelooven, dat hij het jaer 1228 ontrent die tijdt, als vooren oockk sal

3538 2390 263 130 betalen

3520 2422 2406 156 de redipieter sudoeus ven laliere, nu getrouuvt met van dhoogh, heeft betaelt op

3531 2584 2457 132 28 meij 1729 ƒ300:- & £10:3:7en voor de dijck geschoten, op rek vant jaer packt

3539 2666 2488 123 ver 1727 mat gelofte van naer kersenisse naest comende te betalen het restant

3547 2757 1129 152 met de volle pacht tant jaer 1728

3552 2812 2469 210 pauwels van geerdt heeft niets betaelt al hoe wel differente reyse vermaent suble

3534 2959 2237 105 de lette reyse in dato 16 sber pass it verachtert sedert kertemisse 1725

3560 3021 2451 167 adriaen heijndriele heeft betaelt het jaer packt 1723 met gelofte naer eersenmisse

3550 3135 1219 175 toesomende te betalen het jaer 8 28

3560 3244 2448 145 tis aen ue genoechsaem bekent dat de beste packters twee daren ten achteren

3557 3362 2305 171 sijn, eer dat sij een jaer betalen, soo dat het noch al daer ontrent gaet

3551 3464 2407 145 miyt genomen pauwels van geert gelieft ue dat hem noch eens schrijve

3544 3589 2345 133 oft dat den pacht brief aen eul: toesende, om den selven te betrecken

3537 3683 886 136 sal ue ordres oblerteren

3560 3786 2417 138 twijfele niet oft ul is noch indachtigh, dat ul: ons versoght hebt van de

3558 3914 2355 148 genningen van de pachters te ontfanghen, & op den in coomboeele de

3541 4014 2426 154 voorige betalingen, af te regelen, & een £ te stellen, & soo voorts aen te

3547 4116 2401 146 teckenen, tgene icy souden ontfanghen, tjene gedaen hebben, & ck

3552 4204 2466 173 paert gegeven veent gene passeert, oock in spectie vant gene ontfangen
