8707 4671
3035 229 738 184 Ady 28 meert 1733

1439 250 1143 220 Lille la veuve theodor Van Zeller

1606 335 2290 178 ie me trouve sans au qune agreable vre, depuis mes dernieres du

1602 466 2272 210 11 & 1 9 du courant aux quelles ie me referre, ne doutant point

1606 573 2252 169 quelles vous auront este vendue en son tems celle ne servire

1603 733 2243 160 que pour accompagner vre incluse compte courant, que vous

1600 803 2260 198 trouvway solde vous priant de le vouloir examiner, & la

1595 934 2255 216 trouvant juste, d'anster le tout de conformite, & d'avoir la

1598 1041 2291 208 bonte, de me marquer, si tout, est juste, a fin que ie le solde

1620 1218 1620 156 sur mes livres esalement avec vous

1631 1258 2199 227 ie vous prie de faire dire a mons: de Cannoy de la raiere

1594 1449 2297 178 que mess. wittert & de vos d'amsterdan, m'ont envoyez pour

1613 1557 2233 137 svivre son ordre deux pieces de tous, ensemble 188 aunes

1606 1678 2208 122 de la baleur de ƒ468:- les quelles l'attend a recevoir

1615 1816 2205 143 icy a tout moment esperant quil viendra luy mesme

1612 1916 2239 202 i'cy avec la belle comp. pour me donner les ordres ayant

1597 2003 2305 223 l'honneur d'estre, avec offres de mes services en tous occasions

1613 2145 2324 212 & de vous assurer, que ie suis ave bien de lettime & v eneration

3174 2272 714 223 Adij 4 april 1733

1521 2307 1055 183 ortrijck Jacobus van beveren

1618 2428 2239 198 je vous ay envoyez aujourdhuy p le chartier de gand adroiture

1634 2530 2233 220 une petite caisse marque le contenant deux pieces de toilles

1622 2653 2291 217 flanchres, me surant tous les deux ensemble 108 aunes & de la

1583 2770 2272 239 valeur de ƒ468, les ayant receu bien conditione, a de

1634 2921 2236 187 bonte de payer la voiture si bien dicy ap sand, que de sand

1632 3057 2202 179 a couttray & de l'envoyer a Lille a madame Wacrenver

1626 3168 2191 160 tue nu palais a Lille, estant les ordres que mons: Vau

1640 3282 1997 215 Zeller m'en at donne, & suis tres parfaittement

3220 3410 700 212 Adij 10 april 1613

1459 3470 1186 215 Rijsel de Lannoy de la raiere

1614 3544 2329 236 J'ay apris avec bien du plaisir,  la lettre de madame anZeller

1619 3701 2193 219 du 7 courant vre heureux retour a Lille, cependant, nous avons

1645 3820 2233 214 este sensible de vous voir partir sans que nous avons pie

1631 3960 2203 136 nous acquitter de nos devoirs dont lurcomodite de mon

1636 4087 2105 228 espouze en at este la cause, tout est (grace a dieu

1634 4225 2196 231 bien passe, & elle est entierement remise, la doute de

6453 182 113 124 18

4117 203 2203 153 grossesse eft envoley, elle at l'honneur de vous faire ses

4070 327 2390 173 compliments, de mesme a mons: van Zeller I sux dames vos

4117 413 1852 221 comp. permettez que j'y joigne aussij, les miens.

4117 496 2441 226 J'ay envoyez la caisse marque il contenant les deux ps de signes

4119 673 2366 158 le 4 courant a l'adresse de mons: Jacobus Jan beveren a

4137 791 2336 134 courtray, esperant que vous on madame waerenier les aura

4129 882 2407 188 receu bien conditione, avant la reception de cette jay payez

4141 1038 2409 192 pour les droits & autres frais ƒ8:18 argent courant, faisant en

4127 1104 2397 247 argent de change £1:5:5 et pour les quelles il vous plaira

4110 1249 2352 226 une crediter, & me croire que ie suis thez tous occasions tres

4124 1408 485 173 sincerement

5723 1383 726 228 Adij 8 meij 1733

3999 1522 1499 201 Braght schouteth borgemeester & schepen

4119 1635 2405 200 come p desen ue seer vrindelyck versoecken, van aen mij door ue

4132 1721 2439 209 ontfanges te doen betalen de verlaope croisen van de vijf dujsent

4119 1856 2269 228 guldens capitael die ick ben heffende tot latte van ue

4064 1984 2389 230 prochie eynde de selve verachtert sedert 15 sber 1730 un

4131 2083 2349 252 over de 2 jaeren en half twelck gelieve te considereren

4133 2240 2276 214 niet teetfelende aen ue goede sorge sal e eersten de

4125 2398 1283 191 betalinge afwaghten blijve

5727 2402 727 215 Ady 22 mey 1733

3998 2536 852 182 Aabroeck Joseph Croners

4142 2591 2377 179 sedert 26 sber Jan den jaere 731 als wanner bij ul tot stabroecke

4143 2737 2379 187 gemeest ben met den notaris van touger soo tot opsegginge van de

4120 2817 2357 201 rente ofte voorder beset die ick tot ue laste ben hefende, miess

4145 2939 2348 210 van uf: vernomen val mne eenige voordere satisfactie over

4061 3072 2408 157 te betalene croisen, waer om n uedese mijlive ben toetendende

4126 3119 2452 258 met versoecke van mij p eersten te comen voldoen, dant sond

4140 3284 2421 161 bj faute andere niddeien moeten gebruycken daerom gelieft

4122 3412 2455 193 hefve voor te comen, met mij te conen spoeken, ende satisfactie

4146 3527 2391 161 te geven, tgene verwaghtende blijve naer seer minsame

5711 3647 762 189 Ady 30 meij 1733

4146 3681 484 141 groetenisse

4013 3778 678 149 London John odwards

4174 3783 2413 229 ue mij seer aengename van 5 a 19 janu. laest &12 deser &.5 sijn mij bij tijte

4165 3930 2370 197 wel geworden, met den eersten, den seconde brief van £ 45- a 35:5

4160 4038 2384 221 op daniel van diest & comp. den welcken op sijn tijt voldaen is, & wat

4151 4183 2422 169 aengaet het avance van den boedel van justus ieck sal met voordere

4164 4311 2354 146 gelegentheydt daer van disponeren, & het ssal aengenaem sijn, soo
