8063 4623
2361 190 711 207 Ady 10 aug. 1733

801 206 565 203 Gent Coppens

977 343 2284 132 het is ens leedt te vernemen ul: missive van gitteren dat mevron

970 438 2200 208 uk liefre soodanigh isdis poos blift dat wij sullen moeten

963 600 2300 120 gepriveert blijven van haer hert fisken hier te sien, met dese

931 704 2331 151 ficantie sijnde ons oock onmogelijck van haer doet geselschap

966 819 2273 173 tot gent te somen profiteren, gelijck ue selfs wel sal connen

958 915 2313 206 oordeelen, als mij het geluck sullen hebben van u s mondel

957 1042 2284 183 te comen spreken & renmits ul cons gelieft te noteren, dat in

971 1130 2292 182 int eijnde van de se wasse alleen schicht over te comenn

965 1227 2301 262 soo hopen wj evenwel, dat ulons d'eere slt aendon

973 1385 2298 164 ven ue logement tonsea huijse te comen nemen t'wilck

954 1505 2309 228 ul: andermael sijn offrerende, sijnde alles gereest v ul

967 1617 2291 237 cordatelijck te ontfanghen & gelieft soo goedd t sijn van

979 1772 2209 243 mij te noteren den dagh van ue aen comptte, om ue

948 1907 2306 210 te gemoet te comen, middelertijde hope dat mevrouw

919 2036 2280 208 van dagh tot dagh aen den beteren cant sal keeren

947 2174 2279 201 volcomen eistelt worden, ue, dan met verlangen

942 2330 2275 154 atwaghtende blijve naer onte complimenten aen ul

960 2423 1382 193 merooure & voortere familie

2528 2430 674 225 Adij 4auy: 1733

809 2567 938 240 Turnhout Cmit: sanen

969 2693 2278 248 beyde ul mislive 9 & 13 deses wel ontfanghen met den laettenn

955 2849 2292 225 teuce packen wnondende 120 ps. tijseen de welckke noch niet

966 2978 2221 220 geopent hebbe twijfele niet oft sullen conform bevonden

928 3101 2173 237 worden, ue can van het ene port disponeren, dogh my

974 3248 2236 181 dunckt dat die thoogh gestelt sijn, ick wate van den

963 3374 2200 238 prijs niet alsoo in fanien tijdt geen versendinge

965 3507 2294 232 gehaddt hebbe, het stuck voor mijn eijgen gebouijck, woort

947 3679 2198 217 ue lietelijck gerecomandeert al hoe wel ick daer geen

967 3796 2061 184 mentie van en mect groete cl van heeten

5078 188 838 202 Ady 21 aug: 1732e

3353 211 1205 198 Rijsel de Lannoy de la vaiere

3479 318 2333 170 J'ay receu en son temps l'honneur des vres du 20 d'avoil & le

3480 457 2430 177 15 courant p la premiere avis d'avoir reccu les deux s de tols

3493 563 2351 163 & que vous m'aviez credite pour £1:15:5 et pour les frais que

3471 653 2330 226 j'avois payez icy, ce qui est bien, ie recois ps vre derniere lne

3489 807 2345 213 remise de deux mil cincq cent, soisante cincq florins argent

3480 930 2427 202 courant a charge de mons: Van overstraten, a buxelles, que i'ay

3495 1045 2327 208 negotie a e de vre perte de sorge que ie vous en ay

3495 1159 2412 216 credite pour ƒ2558:12 argent coutant faisant de change

3483 1272 2388 223 £365:10:4 et ce quil vous plaira de noter de conformite.

3485 1406 2358 214 vre traitte de ƒ200:- de change a l'ordre de mons: Jan tot

3459 1539 2194 155 sera payez al la presentation, estant uvec bien des

3486 1682 2156 197 compliments de meme de la part de mon esponze

5115 1753 708 212 29 aug: 1733

3350 1796 1326 180 brugge wed: Lauvence van rentergen

3450 1907 2415 160 hebbe met groot leedt wesen gevoelen verstaen het alsterven

3489 2036 2015 190 van dh fauvence Van ventergen us emanne

3464 2175 2455 190 desen voorders om ue te adviseren, dat aen ue op heden p den

3479 2285 2441 177 voerman dobblaere toegesonden hebbe een pack gemerckt R N. 64

3473 2434 2386 166 wegende 885 inhouden de hondert & tewintigh stucken tijten

3471 2522 2365 206 tulck naer ontfangh wel cie conditioneert sijnde voor de

3480 2655 2361 152 vraght gelieft te betaelen als naer reden, & t selve & eerste

3484 2789 2370 142 vertreckende schip, op london te versenden, & te advisseren

3474 2922 2376 176 aen dh Jolin tatnall, & can my de oncost ik: benevens

3462 3066 2367 216 het sognostement cito mogelijck te laeten toecomen

3458 3196 2424 209 alsoo daer bij verlegen ben dit van ue verwaghtende

3483 3343 1757 176 blijve naer seer iusame groetenisse

3498 3487 2379 174 gelieft het selve pack te verclaeren voor den inhewdt hier

3469 3589 758 137 vooren vermeldt

5160 3595 739 257 Ady 30 aug 1733

3323 3712 1320 223 Montinedy de Lannoy capitaine

3467 3862 2391 183 & ucy que ie n'ay pas lhonneur de vous connoittre, j'ay

3485 4004 2386 214 cependant bien voulue satisfaire a vre demande fait

3446 4163 2286 201 e la vre lettre du 13me courant & en suite vous

3463 4299 2418 163 trouveray cy joint vre estrait baptestaire du cure
