9050 4637
1964 249 2138 90 sal aen ue de retkeninge toe sende, om de txcresentie

1943 297 2289 192 op behoorelijckx satisffactie & securiteydt te consiguerie, den

1954 404 2198 149 voors transport met het versoght content te gemoet siende

1946 523 1853 194 ue retour afwaghtende, blijve met veel respect

1929 656 2285 216 B tot nme toe is aen mij noch geen schriftelijck velaet gegeven

1967 787 2149 179 door den dentwarder tot de sonsignatie van d'excresentie

1968 917 749 167 al hoe wel gevraeght

3434 912 733 192 Adij 19 xber 1732

1953 1046 547 177 don John Edwards

1977 1083 2252 225 ue aengename Jan 26 pass &. 5 wel ontfanghen, daer bij advies dat ul

1981 1204 2308 242 voor mijne rek. ingekoght heeft  £63:15  oude suytden andities a 99

1966 1313 2211 234 makende met  masselaerdy g be provisie a 100 be comt netto

1957 1430 2307 218 £63:15 p en de alnoch  £296:17:6 nmiuwe suytsce anndities tot den

1978 1537 2279 245 priys als vooren met masielaerdy & provisie a 100t blyvende £296:17:0

1989 1670 2237 213 voor welcke twee sommen vervolgens ue is gecreditiert en daer tegens

1973 1773 2252 238 heeft af: op mij getrocken £ 300:- en £260 op 2 usos a 36: 8 en

1967 1902 2202 226 te betaelen aen d'ordre van madame de wed: hendt van Couwenhove

1966 2004 2179 221 & coonen die beyde geaccepteert hebbe tot ue naeright, & sal de

1972 2128 2285 188 betalinge daer ben vervaldage prompt voldoen het is een dvere

1987 2236 2218 232 wissel die den incoop vel besraerdt, patientie voorders om de

1972 2351 2218 199 iniuwe suyttie annwities op mijn naem te doen stellen soo sende

1963 2466 2290 182 hier benevens mijne procuratie in gevolge ue: gesonden proseet hebbe

1977 2544 2268 181 de selve maer simpelijck onder teckent sonder de swijndrecht daer

1978 2699 2234 206 bij te stellen, om dat alle mijne andere fondtsen op mijn naem

1984 2803 2101 180 alleen staen, soude tittel, hebbende de hierlyck heijdt van

1973 2944 2218 168 sewijndrecht porterieur verregen versoecke celles op mijn naem

1973 3031 2178 186 te doen stellen, & mijne rek courant, cito mogelijck te laeten

1962 3170 2026 154 toecomen, & in afwaghtinge der selve blijve naer seer

1975 3273 739 167 Cordi ale groetenisse
