7817 4678
2430 200 755 177 Ady 5 gbre 173

757 198 1335 212 Brussel J:B: Iskraula president

903 309 2260 170 vr agreable lettre du 30 du passe, m'at este rendue ple si bourgees

900 439 2313 190 en respence de la quelle j'ay l'honneur de vous dire, que vous devez

891 552 2321 186 confesser vous mesme, que ie n'ay pretendu du premier instant, que

888 624 2376 221 ce qui consistoit en droit & raison, & si on avoit commence alors la

894 740 2296 242 purge, il seroit deja fiine, pre seig. auroit pu je servir de

886 883 2359 188 largent de l'achapt de la rente, car personne ne le deffaira

871 1008 2413 149 de ses deniers, ce n'est quil est bien & sonvenablement herite, en

895 1125 2394 184 ayant un bien francqs & allodial, pour libre argent & plustost que

886 1185 2397 231 cette porge sua accomplie, & que ie serai herite convenablement

893 1318 2239 213 avec ninslibre titre, plustoitt que les denvers de la vente

897 1444 2282 174 suivrons, les quelles ne peuvent estre touche au paravant

885 1549 2239 239 puis quils sont presente en justice, & reposent teclement

899 1683 2223 227 obsiqne & sachette tout ce que ie peu faire de mon cotte

888 1779 2338 219 c'est, que se vous faite a vos frais & depens la purqe sur

896 1930 2225 160 mor none somme achetteur, & que vous le poursivivie

894 2068 2220 198 Jusqua l'edeecution, au plustoit possible, & que vous e

894 2173 2202 207 hetite avec un bon forme & libre titre, & lque sil ne

897 2310 2343 193 dureroit, que trois ou fiz mois tout au plus lix mois

885 2433 2160 224 pour vous semoigner me candeur, c'est que ie vous

895 2541 2382 239 donneray, au dessus de la somme de l'achapt lumport

884 2643 2407 207 de l'interest des dits trois ou six mois que ie tireray de la

897 2787 2315 208 ditte vent, avcc quoy vous pouvez refondre, ce que vous

868 2934 2414 245 devez payer a mons: le cassier Baut & alors vous ne

906 3047 2346 262 seray pour ce tems la en deux interest, cependant

902 3179 2353 239 il vous plaira penser aussj, que ie seray alers pour

899 3371 2236 122 ie tems la, san recevoir au quu intrest oumes

880 3469 2302 160 deniers seront aussij oisif, ne pouvant eu en servir

892 3587 2380 231 puis quils sont obsigne en droit & lachette dans un

878 3716 2129 236 sucq ainsij que ie seray pier de condition & plus

893 3895 2396 183 prejudidce touchant l'interest pour ce temt ce, que vre

879 4006 2429 210 eg ce qipent vous convainere avec combien de

909 4138 2357 231 sencerite j'en agisse a vre dgard, cyant l'honneur

893 4310 958 145 d'estre avec respeste

3478 211 2426 169 si vous faites la ditte porge sus ma non, ie vous

3487 310 2306 183 prie de metre simplement man noim, sans y joindre

3475 440 668 133 auqune titre

5090 435 701 237 Ady 11 sbre 1730

3325 558 850 167 Brussel J:.B:S. Franla

3521 649 2414 218 J'ay receu l'honneur de la vre du 7 courant y joint un proieet de la procude

3502 781 2429 207 que vous souhaiteriez que ie donnerois a vre procureur le S: Jean Bap

3479 890 2445 214 de soeck procureur au souveramd consiil de brabant que j'ay l'honneur

3514 1007 2231 215 de vous renvoijer signe, pour que la purge de la rente que j'ay

3500 1132 2477 161 achete de vre  le fasse au pluttoé sur mon nom, mais cependant

3493 1241 2461 173 a vos frais & cepends, comme vous me le marque tant de la ditte

3524 1337 2425 227 purge, que des proces, qui pourroient resulter de la ditte cause

3487 1441 2490 217 on autre chose, au qun reserve, voulant bien vous prester la main

3516 1562 2454 171 pour vous rendre service, sans minteresser pourtant en quoi que ce

3518 1687 2381 199 soit ie rois monsieur, que vous n'ignore pas, que la purge doit

3501 1827 2455 172 ettre insinne a un cettain s hendrick de meesser demeurant icy

3497 1899 2427 170 a anvers, comme ajan espouze mana angela van hasten

3492 2011 2432 229 & le S: Jan B: Boutats demeurant en Englettere, ou au pays decoste

3497 2192 2453 157 qui at espouze maria agnes Van haffen, & a legard de largent de

3496 2323 2361 132 l'achapt de la rente en quettion, il rettera obsigne & la chette

3499 2396 2346 187 si long tems juyqu a ce que sy seray liurite avec un bon

3471 2506 2484 214 fervce & libre titre me referrant au surplus a ma precedente

3456 2665 2478 179 du 5 de ce mois & les temoignages de reconnoisance, qui vous

3524 2755 2333 175 voulez bien me faire pourroit me fain prendre la liberte

3493 2898 2447 223 dans la suite, quand l'occasion se presenteroit d'en profiter

3491 3047 2287 198 vous estant entretems bien oblige, vous poiant d'estre

3517 3151 2368 216 egalement persuade, que ie suis avec bien du respect

3501 3299 296 194 yele
