8077 4651
2506 190 640 159 Ady 5 meert 1738

905 180 458 186 Gendt Copperns

1045 290 2203 141 op 19 pass. was aaen ue mijnen laetten sedert d'eere niet gchadt eenige

1043 424 2194 148 van ue amissive te becomen, hadde bij mijnen voors ue: versoght van te

1043 486 2153 191 willen aen houden om mijne penningen employ te connen geven,

1052 597 2175 149 sedert isser groote veranderinge geonen, door de vier millionen, die

1046 708 2157 168 hier in het lant sullen gelicht worden, voor de Maij door die Jan

1033 811 2187 186 brabant vrlaenderen, soo dat n present occasien genoch sal hebben

1035 927 2241 180 om penningen aen te leggen, de halven soude ue: bij desen versoecken,

1032 1019 2244 151 van geene voordere devoiren te doen, sal sulse facielder nu selver

1008 1159 2219 164 connen doen, evenwel heeft ice sijn woort positief gegeven, volgens

1024 1229 2237 208 mijn laeste aen ul: geschreven, soo soude die peeningen moeten

1035 1347 2127 210 gereedt houden waer van mij cits oogelijck advies gelieve te

987 1480 2150 147 geven, om mij vervolgens te reguleren twelck met verlangen

1005 1612 1937 162 afwaghtende, blijve naer ontfordinaire complimenten

2596 1640 647 236 Adij 5 meet 1733

848 1713 717 160 London John Edwards

1049 1763 2106 235 ue mij altiydt seer aengename deen 12 sber 1737. &. 5 hebbe op sijn tijdt

1014 1928 2010 199 wel ontfanghe, daer by notitie dat voor mij gein casseert hadde

1039 2051 2165 150 voor eerst renten op mijn £1000:- niuwe luydtzie fridities

2783 2176 455 153 £20:-:-

1039 2189 1118 158 vervullen 24 juicy caust a 2 p

1039 2252 2207 206 op mijn £234:8:6 suytsee cectien a  ¾   „ 3:10:3

1009 2421 2162 136 op mijne £2000 bancke actien vers. 29 ster Caast a2   55:-:

2786 2534 471 126 „ 20:-:-

1020 2512 1575 181 op mijne £1000 oude suyttce ambrtier a 2

1031 2595 2241 219 op mijne ƒ1000 ditto 6 flossinge .... „ 68:6:8

2751 2715 508 210 £166:16:1

1029 2857 2246 197 allen het welck conform genoteert & ul: ick: daervooren gedebrteet

1018 2996 2240 174 hebbe men seght wdirom  e op d'anuities sullen atgelost wordng

1025 3110 2181 171 soo datter niet meer te peysen en is, om eenige in te coopen

1016 3236 2265 173 dienende dan desen om ue te versoecken, van mijn vance onder ul

1041 3320 2237 188 beruttende miy te willen remitt eoen, twelck setwaghtende blijve

1030 3446 1192 196 naer seer minseme groetenisse

2575 3447 601 217 Ady 22 meet

837 3535 772 178 London John Edavards

1029 3654 2237 193 bey de uk seer aengename van 24 pass. & 3 deser P.S. wil ontfanghten

1008 3775 2234 186 bij den eertten advres dat ul voor mij geincasseert hadde  venten

1021 3882 1271 149 vervullen 25 xber laast te weeten

1001 4010 2265 114 op mijn £1000:- nune suyt ie Annuities a 2 bt :. £ 20:0:0

1021 4102 1140 170 op„ 234:7:0 et huys oe actien

2422 4082 846 142 1½ gb  „ 3:16:3

2793 4265 463 147 £23:10:3

5768 134 118 135 1d

3476 210 2331 107 waer vooren ue rek: conform is gidebiteert. met den laesten besome

3470 298 2387 160 us remise in gevolge van mijn versoeck bij mijnen voorigen van 3 deser

3493 395 2365 146 voor  £190:- a 2 usos tot 35p ten latte Joan van eersel te betalen

3470 506 2412 154 aen mijn ordre welcke remisse, is geaccepteert, 4 werrt ul rek. by tijde

3483 629 2375 146 voor desselfs waarde gecrediteert. voorders sien datter geen aflossinge

3478 703 2354 162 in d'anuitties, dit saer sal wesen, maer datter een million aen de

3465 798 2404 188 banck sal afgeloft worden, tjene den tijdt moet aen wijsee, & sal van

3473 902 2276 141 ul: afweeghten te vernemen, wulter ontrent d'een of dander sal

3468 1038 2226 185 geschieden, middelntijst blijve naer seer minsame groetenisse

5183 1137 703 182 Ady 28 april 1738

3385 1149 918 153 Meissele Jan B. Moenssens

3481 1279 2406 193 refervere mij aen mijne twee soonge, seont van ue niets vernomen, desen

3484 1393 2416 194 morgent cont de brouw van danicl Coppeyans mij seggen, dat pieter op peyans

3483 1497 2394 209 mij soude betalen drij ponden grooten, voor rek. van ditto baniel & dat hij

3483 1625 2334 144 het selve gerefuseert heeft, voor mij aen ick te betalen, soo dient desen om ue te

3473 1740 2356 174 quctoriseren, om die doy ponden grooten van hem voor mij ofte uyt mijn

3476 1891 2401 150 name de ontfanghen & quitantie te geven, & naer ontfangh de slaghtandoir

3474 1982 2419 136 mij sijnen latte gedaen, te dooen ontslaecken, vjordert sal de vrouw van

3467 2108 2401 158 ditto daniel Coppesans noch betalen ƒ 1:6st: alswanneer ue den procureur

3468 2214 2389 203 van berlo sal vragen, of hij voldaen is voor de gedaene cotten, & soo sijnde

3456 2340 2451 206 sal ick alle mijne gedaene slaghten, den voors. Janiel Coppeyaus regars ceude

3445 2477 2458 185 geieralijck doen afdoen, dienende dese tot procuratie & blijve naer groetwisse

3378 2552 2534 250 swijndrecht Ceosame & Voorsinughe Ballius borgemeester & schepenen Ady 30 april 1735

3467 2704 2302 168 desen is dienende, om regerende borgem eester & schepenen te bedancken voor

3450 2803 2411 197 kunne gedane diensten, & om ue te adviseren, dat ick hebbe aengestelt voor

3463 2907 2104 196 borgencester, & schepenend de naer volgende persoonen te weeten

4139 3057 647 165 voor Borgem cetter

4191 3142 683 173 Jan Van Kerschaire

4119 3246 520 147 voor schepenen

4159 3351 486 187 Pietert Raes

4152 3466 641 132 Jan Van Keiscke

4150 3554 712 158 Adriaen Van Waue

4150 3654 567 140 Jan dhollander

4154 3760 479 128 Jan Siegelaer

4144 3842 1054 187 Pieter verstraton filius Jan

3473 3938 2221 213 ul ordonnerende de selve daer vooren te kennen, mits donde den

3452 4064 799 194 ordinairen bedt, & blijve

5035 4102 880 205 L: seer Goffedoneerden
