8029 4685
2152 207 526 122 2 8ben 1 17

797 179 978 147 Londen d thn id wandt

1158 294 1967 165 heb deen te beantwoorden ued aengenamen van 15 gelno dat

1014 400 2226 154 uld op deboutin van niet wid dH. D.G Melijp de swijndreght Jaer

989 476 2170 134 is gedebitteert £30 voor Eops van £500 augaccaitie en 2 pvan

987 602 2174 129 £1000: neeu ze aunatyt in neute venvalleu 24 juniy laest

999 691 2051 106 daen tegens sal ue gurediteert wonden £35: die wie gelieft te

1005 785 2116 108 remissezen a 36 p op penieur jorepher van Een acn brouk van

995 853 2130 142 Mechelen al hien te betalen waer van het noodighvoordeien sal

1007 948 1190 143 en blyvennaer Cordalegnorten

2168 1093 535 120 21 xber 1722

762 1077 741 190 Londen TEdwands

1180 1173 2048 156 ield aengenamen van te sberen 212 passato ontfangen met

1018 1289 2133 108 den ceisten remise van ƒ35 a 36 p op p & van heienbroeck van

995 1379 2103 104 meehelen alhier te betalen aer voor uue is geccediteert met den

985 1458 2223 110 laerten Rekpinge courant m tot valdo van £70:8. a 35:6 e

1000 1547 2235 132 op chreit Boeng schmedt e lomp. tot amstendem waer van het noodig

1019 1609 2161 123 voorderen sal in confom spillen alsoo wel berinde ue bedanckenie

1007 1692 1291 135 voor de prantilede heb dene te wesen

2148 1739 772 212 Adij 17 Juny 1748

768 1794 878 202 London John edwards

1022 1918 2227 234 u aengenamen van 24 pasto hebbe ontfangen V5 op de

986 2038 2251 207 boecken Van Me A. m I de lannoy de swijndrecht Wed dit

955 2240 2325 149 D:9: tesijn gedebiteert £105 st voor ½ rente vervallen

996 2329 2277 181 25 bberr  vervallen 25 meert laest daer tegens bekome

1014 2429 2236 204 8e d remise van £100 st a 36:7n op gerard van Wanghen

1005 2529 2242 203 waer van t noodigh voorderen sal &ve coediteere Blijve

2156 2712 710 206 Adij 16 Juliy 1713

753 2751 878 170 Brussel petrus sagers

1013 2875 2272 159 sende ul ingeslooten 2 quitantien ten laste de stadt sel

1006 3012 371 162 te weten

1303 3054 1950 209 ƒ 24: beset op de nieure van teseergelt vers 15 febby 1742

1325 3195 2029 171 3d:4¾ op d'impositie Van t wee & ander soncomptie vers 11 mey 1733

994 3302 2027 139 samen ƒ 63:4:4 waert, noodige gelieftt te besorgen pa

2446 3438 499 101 28 sber 1742

773 3398 766 157 Londen John Edwardi

1026 3530 2226 118 e te eeengenamen dan 2 desen ontfangen niet remis van £33:100

972 3610 2333 132 a 36:10 een op Celbert michiel etlen vanden boaght waer voor tud lhedte

991 3710 2180 123 in en tegendiel & betoie voor in eentevenvalleu 2 ising laert als

959 3768 1405 126 £20: voor ual van £500: zceyt tee aette

1014 3869 1817 103 20- voor 2 u van £1000 minge accetace lenniielytin

1024 3917 1193 58 op teboekent anmu. Douar mesjnde wonse

995 3929 1826 113 gd leee anckendevoor diromptilude heb dene te wesen

5908 209 117 105 20d

5061 219 513 142 6 Jany 1719

3432 212 867 150 onden John Edivanes

3611 318 2383 166 de aengenamenv an te payato ontfangen met de rekeninge louncant

3574 419 2352 145 van mer vanewijndeeght jaer ennemie tot saldo van ƒ 71.18. a 33.6 en

3582 535 2290 130 op guces. H. goithalvan ghent in ante cxpen te betalen waer van het

3574 637 2382 86 noodigh voordenen sal ende teteninge en toun , alsoo een vande

3565 664 2395 166 joustnouwenis eetant met desteer laxolur fendmandus ss. coppend en

3571 740 2287 140 en cortedaghen hien goederen vendeelen sal ue als danversouten de

3561 853 2360 100 canmike te lechten en meeden de sommen die uet de fondien op hanne

3568 921 2217 125 namen sullen moeten genelt worden onden tarsinen heb dien e wesen

4967 1007 500 137 7 Juny 18119

3429 999 799 174 Londen John Edwards

3712 1131 2260 126 celd: aengenamen van 9 paitato ontfangen en ud op debouken

3594 1264 2431 93 van med. Douar Damis & Melijn de swijndreght £105: gedebitart

3568 1334 2367 141 voor in aente venvallen 25 eber en in vevallen 25 meert laert en

3569 1401 2411 147 daen tegens rediteien voor wed. remise van ƒ100: a 36.8 x op & ekand

3572 1486 1717 161 antwanghen waer van het noodigh voordere

3644 1578 2380 145 dewijl hot sterthuys nu geleguedeert is soorunsoicke de lediinirtsalie

3571 1736 2426 115 op mijne nam als momboiute sechten moven tesenden om alhie voor

3563 1774 2407 136 deween a parseien en widen te sinden en als dan aen mij de modillen

3577 1905 2413 101 van procuratien om de ½ vande fndien op ieden naem e hampoitee als

3560 1987 599 111 £1100: ranckactie

4438 1957 1581 152 op denamendandth. Cacolus fordinander sorep

3598 2004 2416 146 500: oudez z anneurye  Coppens de la hapelle en irom mania feu

3587 2143 2066 126 500: nieuwz recrjee Cacoliua milijn sjne compaque

3596 2201 729 117 350 & cust zecactie

3516 2279 716 91 100 Banckactse

4623 2255 1283 191 opdinaem van Jouss Cina maria

3599 2356 2246 195 500- onderuyt cammitgne5 sabella Melijn vrouwe van

3602 2433 1568 176 500- nieuw zuytze anntgtu sivandieght

3589 2493 791 118 250- hegizeeactie

3604 2576 2349 161 waer op d'eee van ue antwoou te gemoet siende heb deenn tewise

3442 2633 765 154 Londen Sildwandr a

5033 2674 520 149 23 July 1719

3621 2733 2312 189 lld aengenamen dan 16 deses behome waer mede uld gelieft te

3562 2888 2321 115 raghen opge van het sertement sijne geen ander als het gene

3550 2929 2395 132 dheer daniel gerando melijn en tncuzou sijne compagne samen

3539 3037 2396 125 gemaeckt hebben waer op de rexmiisie is gegeven om vande sondsen

3556 3117 2438 164 in saveux van me saligen le derponeen apparent die longe door t

3440 3238 2486 96 rissehops hoft is ingetroeken, had gedacte in dise occasie mede

3572 3343 2315 112 sou hebben connen dienen soo gaet uu een ander longe

3572 3422 2361 121 van het sewe tertement waer mede vensocke het noodigh en dn

3550 3529 2407 105 nocuratien opmie naem om de sondsen te hellight op denamen

3569 3611 2435 79 vande 2 afgenamen te doen stellen volgens mijn briet van 4aa

3570 3685 2413 124 in venwaghting vanden aet van hoft om hier voonde wete

3557 3776 1540 110 passien, hil deere te weeken met estm

5090 3793 443 172 18 berring

3427 3853 715 141 Londen John Eo warer

3678 3907 2293 160 ued aengenamen van 4 acq ontfangen waer mede gesiendondie

3558 4039 2355 119 vrant jouschops hoft dat joocktuoue anne mec sosepha melijn voor

3571 4122 2340 133 exccctaice van naen moedens sterthys wiist hekent dat heet syden eet

3565 4210 2459 136 voorde meth geparsvit in gevolgndener engaende commiisie en de conformitge

3563 4288 2428 110 getenkent soo verhope daer op de pormiisie tot dnpositie diagoudsen sal volgen
