8097 4651
1069 220 2122 101 encor vre ordre pour les 100 ps. en disant, si vous n'en este

1048 310 2034 170 contant que ie le quitteray pour toujours, & quand ie les

1060 406 1979 195 anvay receu, ie vous les envoyeray au plustoit possible.

1061 497 2238 191 J'ay envoyez vre remise pour 55:- a 35:1 et sur n

1045 646 2084 138 laestens a bouges, payable dans anvers pour acceptation,

1048 732 2109 251 &quand jauray beceu la valeur, vous en seray credite a vre

1045 903 1161 191 compte estant tres sincerement

2475 883 691 220 Adij 6 july 1738

874 998 1332 234 Brugge wed: Lauvence Van rentergien

1051 1114 2240 217 us mij altijdt seer aengenaeme dan 8 sber 1737 op sjn tijck wel ontf

1052 1253 2206 190 daer by notitie van oncosten op de 2 packen N4.17:18 bdrugoende in

1026 1346 1957 207 courant gest £6:10:10 et waet vooren ul. rik: is gecrediteert

1027 1487 2143 189 desen tot advies als dat aen ue: toegesonden hebbe e voerman

1047 1587 2203 205 dobbelere die op morgen vertreckt soo hij seght een pack N.19.

1053 1704 2116 207 inhaudende houdet stucken tijken, twelck naer ontfangh

1047 1819 2143 184 gelieve te verclaeren ende op londen te versenden p eerste

1007 1929 2240 188 overtreckende schip & te addresseren aen dh William tatnell

1029 2082 2289 189 doncost vek. beneffens het copnossement mij te late toecomen

1033 2212 2249 176 soo haest mogelijcks ick san hier geen remises op costij vinden

1037 2287 2197 228 van sot wijigh belangh, daerom gelieft op mij te treken,

1021 2424 2195 212 tgene ul scholdigh ben, waer mede in afwaghtinge van

1017 2568 2119 149 d'een & dan deb blijve nae see miusame groetenisse

2646 2673 438 202 Ady 12d

891 2682 870 155 Londen William tathall

1021 2790 2233 194 ie me referre a ma derniere du 28 du passe depuis saus lchonneur des

1042 2933 2255 176 ves celle ne servira, que pour accompagner lincluse facture & comcass

1006 3025 2313 192 dun balltcotils  N.79 contenant lent ps. portant en huille ƒ 941:15

1038 3139 2225 186 en argent de change, ayant este envoyez de brugel p la barge, a

1032 3250 2212 197 ottende, ou il est charge, dans le batteau de stephen caleute, qui

1034 3363 2218 203 partira pour londres avec le premver vend favorable, mad: la

1015 3484 2276 202 viufve rentergen at este oblige de payet a ottende la voiture

978 3612 2276 200 de bruges, ce qui n'a jamais este, mesme le battelier calerse

1026 3726 2246 200 avoit proms quil auroit paye la ditte voiture portant en

1028 3852 2152 208 argent courant ƒ2:2 ce que vous pourriez luy ralattre

1030 3989 2261 189 quand vous luy payeray la voitures a londes, j'espere mons.

1045 4090 2267 201 & ie vous seray tres contant de cette balit, & quil vous ammere

1039 4196 2237 208 pour des plus grosses parties & En attendant l'honneur de vos

1047 4338 2185 102 ordres ie suis avec offres de vme services tres sincerement

5777 140 180 160 17d

3425 206 1113 153 ANicolas Jacobi f: Van der sare

5123 211 708 170 Ady 18 July 1736

3507 315 524 154 de Manegen

3498 436 2365 166 tot antwooodt op uentissive 17 deset hebbe d'eere van ue te seggen,

3486 536 2237 166 als dat ue. niet ten rechte geaddresseert hebt nopende de 1500 &

3508 647 2428 188 wissel gelde, alsoo ick noijnt eenige pennin, en geschoten hebbe op eenighe

3515 744 2420 214 mten tot laste den lande van waer son theodor te soenge Competerende

3500 854 2288 210 dogh vergmits us: mij soo wec cercomstantien notierde, soo hebbe

3488 1022 2457 184 gesupponeert dat mijnen overleden broeder d heer Jan michiel melijn salgn

3477 1115 2424 214 Milsx soude gedaen hebben, waerom ue brief an sijne douaviere hebbe

3509 1227 2431 201 gesonden die mij tot antwoordt heeft doen geven, als dat het waer is

3480 1360 2429 191 dat haeren man soo danige belastinge gedaen heeft, dogh hat sij

3508 1498 2417 160 niet en soeckt eanige vetanderinge te doen ontrent de stipulatie

3510 1609 2377 185 waer mede d'eee hebbe van te sijn  te blijven met val respect

3436 1692 878 198 urnhoudt wed: GWill: Samen

5198 1720 675 194 Ady 16 ftug: 1738

3502 1786 2401 236 ue: brief van gitteren wil ontfanghten daer bij advies dat ick: op mij getrocken

3498 1923 2359 194 hadde, ƒ671:1 wissel gelde op 14 dagen dato aen dordre Joanes Wielffingh

3489 2032 2401 181 gitteren besome een brief van mijn vrindt die de leste hondert stuckten bj ien

3460 2140 2303 186 ontfanghe heeft, & daet van soo mal satisfait is dat hij mij bedanckt

3489 2250 2413 151 dan voordere employen te ceven, & vraeght sijne rek: courant om de selve

3482 2347 2353 220 te sluyteen alsoo hij niet meer gesint is, mij te imployeren voordert

3487 2482 2392 192 bevindt ley 4¼ 3 segels, die beschadight voor ul: sij gesonden, terwijlen

3468 2621 2462 179 de pampieren niet nat en sijn geweest,  het pack in alle manierte droogh

3494 2705 2410 151 & wel geconditioneert ontfanghen hij pretendeert voor ider den minsten

3489 2872 2358 138 5 secvellingen terlinx te rabattaren, is deser gelde 9 schellingen

3491 2936 2395 161 p stuck & daerom moete die korten, of ue moet mij die vrdoen oft sal

3494 3077 2394 171 uy trato niet betalen, sijn dat ull goede geloste, van het ulder beste

3495 3179 2186 194 goidt te senden, waer door mijn commission verlooren hebbe

3474 3298 2352 198 ingesloten de copije van sijnen brief uyt quaet gebroken frans

3474 3419 1183 187 getrans lateat naer mede blijve

5109 3459 724 203 Adij 8 sber 1738

3424 3528 895 172 urnhoudt wed: Cuitt: samen

3476 3654 2370 208 It antwoort op us: brief van 24 pass segge dat noijdt geweten hebbe

3459 3764 2418 211 dat uwen man, ofte ue in eenige assisiatie geweelt hebt in de negetie

3488 3903 2413 211 en terwijlen ul seght dat ul oeder a buys gehadt heeft, & dat sij van

3486 3996 2422 252 het sleght goedt in plaetse van het beste, de leste reyte genomen hust

3489 4113 2359 249 soo ist redelijck dat over alle die slechte refactie hebbe, als mede
