7823 4699
949 207 2341 199 sont het import op mij trecken, oft sal ul eene alsignatie senden

952 278 2334 184 te betalen op sight bidde van op ontfangh desar  ue sentimens

961 425 2236 200 hier ontrent te schrijven om vervolgens te reguleren tgene

950 548 1630 198 verwaghtende blijve met groot achtinge

2609 584 664 232 Ady 31 meert 1713

747 675 1153 198 Rijsel wed: theodor Van Zeller

967 779 2110 182 J'ay differre a respondre a l'honneur de la vre du 18 courant

928 894 2298 143 Croight que l'affaire des ettats de brabants auroit este aclorde

949 1020 2302 193 ce qui n'est pas encor succede, cependant cela sertat fait p le

962 1131 2304 186 premier, j'ay parle icy, au prenier directeur die bureau des estats

959 1263 2221 157 en cette ville qui m'at promis de me procurer vos ƒ15000:-

930 1385 2237 174 de change de rente litr les estats de brabant, j'ly luy ay

949 1492 2249 207 promis ¼  pour sa provision comme nous luy avons

956 1640 2242 172 promis de nre somme ainsy ie le ferray mettre sur vre

970 1766 2257 167 nom, vous priant de me marquer vre prenor, on ne scait

944 1855 2146 182 pas encor comme les lettres des rentes seront fait, sil est

951 1962 2255 209 possible, ie les ferray faire en 3 lettres, si non, il faudra

953 2098 2243 194 vous contanter dune & En cas, que les estats suivent la messme

942 2198 2203 180 maniere, dont ils se sontuse, quand ils ont leve les seise cent

941 2340 2222 200 mils florins sur la posterie, passe deux ans, vous auray des

932 2426 2239 239 obligations pour chacque melle florins, il ne faut pas vous

961 2563 2196 218 mettre en peune pour confiscation, en temps de guerre

941 2690 2267 154 puis que l'octroye donne p la Ma. est, que les etranger I

943 2826 2155 144 seront estempt de tout senfiscation, ie vous donneray

942 2919 2267 212 avis en temp, pour quand on devera payer l'argent, ie

949 3051 1508 180 ne crois pas, que cla le ferra soos

931 3133 2360 219 l'erreur de vre remise de 300 a 102 t negotie a 2

958 3291 2202 192 de vre avance, at este redresse & vous este credite pour

930 3405 2288 184 £130:13:9 et au Lies de £130:13:7 & de sorte que vous

937 3517 2322 216 ette aussij en erreur de z gros, vous priant de lannote

925 3644 593 153 de conformite

929 3750 2313 175 nous avons reccu la bonne nouvelle que la paix at este

921 3858 2347 208 signe a vienne le 16 courant il y at un misilipie dans nos

935 3978 2344 139 bections ils sont monte depuis 10 a 66 sur deux jours hier

909 4075 2338 227 au soir a sept heures, ils, estiont a 6 & a huit chaires ils

932 4206 2316 228 estiont rctombe a 16 dieu veuille, quil n'en arrive

3568 222 2415 173 pas des malheurs, ie ne my suis mullement interesse. mon

3566 298 2387 186 espouze a lhonneur de vous faire bien les complimeit

3532 394 2281 251 & a toute vre chere famile, come noy qui est tres

3530 547 525 177 sincerement

3517 571 2369 302 . le Capital des rentes doit estre argent de change

3547 738 1317 278 & linterest a 3½ de courant

5189 803 710 226 Ady 5 april 1731

3357 952 633 171 Brussel ballicu

3505 1015 2397 175 vre agreable lettre du 27 du passe m'at este rendue p paul p la quelle vous

3551 1120 2354 202 memande huit pettols, pour peindre ma geelere, & quoy que vous me demande

3552 1249 2316 179 au dessus de mon calcule ie veu y contentir pour avoir un ben ouvrage

3546 1297 2359 239 J'cy este en attente de recevoir vos dessins, il faut scavoir mons: que ie suis

3542 1452 2425 170 foit presse a cause que le brancer de ma vielle berlinne est rompue le

3543 1600 2199 150 seillier me dit, qu a la fin de la semaine prochain, la caisse serat

3554 1660 2415 189 entierement fait, & elle sera samedy prochain dans la chambre ou l'autre

3542 1796 2307 183 at ette & vous pouriez comencer vre ouvrage le 16 de ce mois vous

3550 1883 2402 188 prient, de me marquer, si vous voudriez me servir pour ce tems la, car il

3514 2022 2458 184 faut quelle roule le premier jours du mois de may, ne doutant point, que

3551 2155 2420 139 vous me ferray ce plaisir, & En attendant l'honnier de vre responce

3537 2260 1268 192 les dessins, J'ay lhonneur d'estre

5197 2253 401 212 Ady 6

3359 2380 668 160 doet de wel. le page

3555 2434 2399 191 hebbe ue geschreven op 2 iunij &22 sber vant jaer 1730 ende op 2 2 janu. van dit

3530 2592 2381 121 jaer sonder van ul iets het minste te vernemen, daer seer over verwondert ben

3526 2690 2428 144 te meer, om dat ue sedert die tijdt die wils hier in de stant hebt geweest sonder

3533 2780 2428 145 eens naer mij om te sien, ue weet wel dat het meer als redelijck is dat ick

3543 2918 2416 146 mij betaelt het jaer lant pacht trenp bamus 1729 & de viertelen taruwe

3531 3051 2450 147 mij toesendt mij dunckt dat voor mijne redelijckt consideratien, die voor

3530 3095 2471 167 uy geheedt hebbe met onredelijcke m aniere recompenseert vermits noch

3541 3224 2400 213 gelt noch taruve noch antwoordt van ue ontfange, tgene mij seer

3550 3320 2214 221 verstoort wille niet gelooven, dat ue soude soecken van eenen

3553 3455 2398 214 procureur in te stellen die voor mij mijne voldoeninge soude

3530 3615 2282 182 moeten sorgen, daerom bidde ander mael met alle vrintichap

3532 3716 2360 196 van aen mij appesement de comen doen, tgene met verlangen

3532 3835 1493 206 sal ofwaghten & blijve naer groetenisse

5212 3850 477 263 Ady 6 d

3338 3978 1317 192 Brecht tle gansaeker schout het

3535 4126 2443 163 in gevolge ue mondelinge geloste, hebbe in afwaghtinge geweest dat

3507 4246 2496 190 y den borge meester, oft ontfanger van breckt soude gesonden uebben
