<?xml version="1.0" encoding="UTF-8"?>
<alto xmlns:xsi="http://www.w3.org/2001/XMLSchema-instance"
      xmlns="http://www.loc.gov/standards/alto/ns-v4#"
      xmlns:page="http://schema.primaresearch.org/PAGE/gts/pagecontent/2013-07-15"
      xsi:schemaLocation="http://www.loc.gov/standards/alto/ns-v4# https://www.loc.gov/standards/alto/v4/alto.xsd">
   <Description>
      <MeasurementUnit>pixel</MeasurementUnit>
      <OCRProcessing ID="IdOcr">
         <ocrProcessingStep>
            <processingDateTime>2022-02-11T21:46:23.174+01:00</processingDateTime>
            <processingSoftware>
               <softwareCreator>READ COOP</softwareCreator>
               <softwareName>Transkribus</softwareName>
            </processingSoftware>
         </ocrProcessingStep>
      </OCRProcessing>
   </Description>
   <Layout>
      <Page ID="Page1" PHYSICAL_IMG_NR="1" HEIGHT="4630" WIDTH="8077">
         <TopMargin HEIGHT="0" WIDTH="8077" VPOS="0" HPOS="0"/>
         <LeftMargin HEIGHT="4630" WIDTH="0" VPOS="0" HPOS="0"/>
         <RightMargin HEIGHT="4630" WIDTH="0" VPOS="0" HPOS="8077"/>
         <BottomMargin HEIGHT="0" WIDTH="8077" VPOS="4630" HPOS="0"/>
         <PrintSpace HEIGHT="4630" WIDTH="8077" VPOS="0" HPOS="0">
            <TextBlock ID="region_1644587007585_2817"
                       HEIGHT="4297"
                       WIDTH="2541"
                       VPOS="178"
                       HPOS="753">
               <Shape>
                  <Polygon POINTS="753,178 3294,178 3294,4475 753,4475"/>
               </Shape>
               <TextLine ID="region_1644587007585_2817l1"
                         BASELINE="2410,282 2444,285 2478,288 2512,290 2546,290 2580,292 2614,292 2648,290 2682,290 2716,289 2750,288 2784,286 2818,284 2852,284 2886,282 2920,282 2954,282 2988,282 3022,282 3056,283 3090,284"
                         HEIGHT="163"
                         WIDTH="713"
                         VPOS="199"
                         HPOS="2393">
                  <String ID="string_region_1644587007585_2817l1"
                          HEIGHT="163"
                          WIDTH="713"
                          VPOS="199"
                          HPOS="2393"
                          CONTENT="Ady 13 mey 1734"/>
               </TextLine>
               <TextLine ID="region_1644587007585_2817l2"
                         BASELINE="850,308 893,308 937,308 980,307 1024,306 1068,306 1111,306 1155,306 1198,306 1242,306 1286,306 1329,306 1373,306 1416,306 1460,306 1504,306 1547,306 1591,306 1634,306 1678,305 1722,304"
                         HEIGHT="133"
                         WIDTH="903"
                         VPOS="222"
                         HPOS="835">
                  <String ID="string_region_1644587007585_2817l2"
                          HEIGHT="133"
                          WIDTH="903"
                          VPOS="222"
                          HPOS="835"
                          CONTENT="London John tatuall &amp; son"/>
               </TextLine>
               <TextLine ID="region_1644587007585_2817l3"
                         BASELINE="986,402 1096,404 1207,404 1318,404 1429,404 1540,404 1650,404 1761,404 1872,402 1983,402 2094,400 2204,400 2315,398 2426,398 2537,396 2648,396 2758,396 2869,394 2980,394 3091,394 3202,394"
                         HEIGHT="186"
                         WIDTH="2246"
                         VPOS="296"
                         HPOS="972">
                  <String ID="string_region_1644587007585_2817l3"
                          HEIGHT="186"
                          WIDTH="2246"
                          VPOS="296"
                          HPOS="972"
                          CONTENT="ie me referre a celle, que ie me suis donne l'honneur de vous escrire"/>
               </TextLine>
               <TextLine ID="region_1644587007585_2817l4"
                         BASELINE="978,504 1089,506 1200,508 1311,508 1422,508 1533,508 1644,508 1755,508 1866,508 1977,506 2088,506 2199,504 2310,502 2421,500 2532,498 2643,496 2754,494 2865,492 2976,490 3087,488 3198,486"
                         HEIGHT="187"
                         WIDTH="2253"
                         VPOS="400"
                         HPOS="962">
                  <String ID="string_region_1644587007585_2817l4"
                          HEIGHT="187"
                          WIDTH="2253"
                          VPOS="400"
                          HPOS="962"
                          CONTENT="le 12 court: depuis sans aucune vre, celle cy ne servira, que pour"/>
               </TextLine>
               <TextLine ID="region_1644587007585_2817l5"
                         BASELINE="980,612 1087,614 1195,614 1303,616 1411,616 1519,616 1626,616 1734,616 1842,616 1950,614 2058,614 2165,612 2273,610 2381,609 2489,608 2597,606 2704,604 2812,602 2920,600 3028,598 3136,596"
                         HEIGHT="183"
                         WIDTH="2186"
                         VPOS="502"
                         HPOS="965">
                  <String ID="string_region_1644587007585_2817l5"
                          HEIGHT="183"
                          WIDTH="2186"
                          VPOS="502"
                          HPOS="965"
                          CONTENT="vous envoyer inclus la facture d'un ballot N.65 contencent "/>
               </TextLine>
               <TextLine ID="region_1644587007585_2817l6"
                         BASELINE="964,718 1071,720 1178,722 1285,724 1392,724 1499,724 1606,724 1713,724 1820,724 1927,722 2035,722 2142,720 2249,718 2356,716 2463,714 2570,712 2677,710 2784,708 2891,706 2998,704 3106,702"
                         HEIGHT="167"
                         WIDTH="2174"
                         VPOS="637"
                         HPOS="948">
                  <String ID="string_region_1644587007585_2817l6"
                          HEIGHT="167"
                          WIDTH="2174"
                          VPOS="637"
                          HPOS="948"
                          CONTENT="Cont ps. des cotits maitant en argent de change ƒ1003:1"/>
               </TextLine>
               <TextLine ID="region_1644587007585_2817l7"
                         BASELINE="994,816 1103,820 1212,824 1321,826 1430,828 1539,830 1648,832 1757,834 1866,834 1975,834 2085,832 2194,832 2303,830 2412,829 2521,826 2630,824 2739,822 2848,818 2957,816 3066,811 3176,808"
                         HEIGHT="196"
                         WIDTH="2213"
                         VPOS="712"
                         HPOS="980">
                  <String ID="string_region_1644587007585_2817l7"
                          HEIGHT="196"
                          WIDTH="2213"
                          VPOS="712"
                          HPOS="980"
                          CONTENT="estant charge dans le bateau de richars bradfford, dont tous"/>
               </TextLine>
               <TextLine ID="region_1644587007585_2817l8"
                         BASELINE="994,928 1104,932 1214,934 1324,938 1434,940 1545,940 1655,942 1765,942 1875,942 1985,942 2096,942 2206,942 2316,940 2426,940 2536,940 2647,939 2757,938 2867,938 2977,938 3087,938 3198,940"
                         HEIGHT="160"
                         WIDTH="2238"
                         VPOS="808"
                         HPOS="977">
                  <String ID="string_region_1644587007585_2817l8"
                          HEIGHT="160"
                          WIDTH="2238"
                          VPOS="808"
                          HPOS="977"
                          CONTENT="trouveray cy ieu le cognossement il partira de bruges dans "/>
               </TextLine>
               <TextLine ID="region_1644587007585_2817l9"
                         BASELINE="958,1050 1065,1051 1173,1052 1281,1052 1389,1054 1497,1054 1605,1056 1713,1056 1821,1056 1929,1056 2037,1056 2144,1056 2252,1056 2360,1056 2468,1054 2576,1052 2684,1050 2792,1048 2900,1046 3008,1042 3116,1038"
                         HEIGHT="144"
                         WIDTH="2188"
                         VPOS="962"
                         HPOS="943">
                  <String ID="string_region_1644587007585_2817l9"
                          HEIGHT="144"
                          WIDTH="2188"
                          VPOS="962"
                          HPOS="943"
                          CONTENT="deux cours pour estre piest ce ostende d'avaneet son "/>
               </TextLine>
               <TextLine ID="region_1644587007585_2817l10"
                         BASELINE="988,1164 1088,1168 1188,1170 1288,1172 1388,1174 1488,1174 1588,1176 1688,1176 1788,1176 1888,1174 1989,1174 2089,1172 2189,1172 2289,1170 2389,1168 2489,1166 2589,1163 2689,1160 2789,1158 2889,1155 2990,1152"
                         HEIGHT="210"
                         WIDTH="2032"
                         VPOS="1048"
                         HPOS="972">
                  <String ID="string_region_1644587007585_2817l10"
                          HEIGHT="210"
                          WIDTH="2032"
                          VPOS="1048"
                          HPOS="972"
                          CONTENT="volege pour londres, p le premier vend favorable,"/>
               </TextLine>
               <TextLine ID="region_1644587007585_2817l11"
                         BASELINE="988,1274 1099,1278 1211,1282 1323,1284 1435,1286 1547,1288 1658,1290 1770,1290 1882,1290 1994,1290 2106,1288 2217,1288 2329,1286 2441,1286 2553,1284 2665,1282 2776,1282 2888,1280 3000,1278 3112,1278 3224,1276"
                         HEIGHT="161"
                         WIDTH="2268"
                         VPOS="1203"
                         HPOS="972">
                  <String ID="string_region_1644587007585_2817l11"
                          HEIGHT="161"
                          WIDTH="2268"
                          VPOS="1203"
                          HPOS="972"
                          CONTENT="esserant que vous le receveray bien conditione &amp; sil y"/>
               </TextLine>
               <TextLine ID="region_1644587007585_2817l12"
                         BASELINE="992,1390 1104,1392 1216,1394 1328,1398 1440,1399 1552,1400 1664,1402 1776,1404 1888,1404 2000,1406 2112,1406 2224,1406 2336,1406 2448,1406 2560,1404 2672,1404 2784,1402 2896,1400 3008,1398 3120,1396 3232,1392"
                         HEIGHT="164"
                         WIDTH="2271"
                         VPOS="1288"
                         HPOS="976">
                  <String ID="string_region_1644587007585_2817l12"
                          HEIGHT="164"
                          WIDTH="2271"
                          VPOS="1288"
                          HPOS="976"
                          CONTENT="adt' autres chose a vre service ilomendez celuy qui es"/>
               </TextLine>
               <TextLine ID="region_1644587007585_2817l13"
                         BASELINE="1004,1512 1042,1512 1080,1513 1118,1514 1156,1514 1195,1514 1233,1515 1271,1516 1309,1517 1347,1518 1386,1518 1424,1518 1462,1520 1500,1520 1538,1520 1577,1519 1615,1518 1653,1518 1691,1516 1729,1514 1768,1512"
                         HEIGHT="179"
                         WIDTH="795"
                         VPOS="1408"
                         HPOS="988">
                  <String ID="string_region_1644587007585_2817l13"
                          HEIGHT="179"
                          WIDTH="795"
                          VPOS="1408"
                          HPOS="988"
                          CONTENT="tres parfaitement"/>
               </TextLine>
               <TextLine ID="region_1644587007585_2817l14"
                         BASELINE="2496,1540 2527,1540 2559,1540 2591,1540 2623,1538 2655,1538 2687,1538 2719,1536 2751,1536 2783,1534 2815,1534 2846,1533 2878,1532 2910,1532 2942,1531 2974,1530 3006,1530 3038,1530 3070,1530 3102,1530 3134,1530"
                         HEIGHT="169"
                         WIDTH="671"
                         VPOS="1440"
                         HPOS="2478">
                  <String ID="string_region_1644587007585_2817l14"
                          HEIGHT="169"
                          WIDTH="671"
                          VPOS="1440"
                          HPOS="2478"
                          CONTENT="Ady 21 mej 1734"/>
               </TextLine>
               <TextLine ID="region_1644587007585_2817l15"
                         BASELINE="858,1640 888,1638 918,1636 948,1636 979,1636 1009,1636 1039,1636 1070,1636 1100,1636 1130,1638 1161,1638 1191,1639 1221,1640 1251,1640 1282,1642 1312,1642 1342,1642 1373,1644 1403,1644 1433,1643 1464,1642"
                         HEIGHT="157"
                         WIDTH="640"
                         VPOS="1546"
                         HPOS="842">
                  <String ID="string_region_1644587007585_2817l15"
                          HEIGHT="157"
                          WIDTH="640"
                          VPOS="1546"
                          HPOS="842"
                          CONTENT="Doet wed: le fange"/>
               </TextLine>
               <TextLine ID="region_1644587007585_2817l16"
                         BASELINE="1006,1728 1114,1732 1223,1734 1332,1734 1441,1734 1550,1732 1659,1730 1768,1728 1877,1724 1986,1721 2095,1718 2203,1714 2312,1710 2421,1708 2530,1704 2639,1702 2748,1700 2857,1700 2966,1700 3075,1700 3184,1704"
                         HEIGHT="139"
                         WIDTH="2212"
                         VPOS="1618"
                         HPOS="988">
                  <String ID="string_region_1644587007585_2817l16"
                          HEIGHT="139"
                          WIDTH="2212"
                          VPOS="1618"
                          HPOS="988"
                          CONTENT="sedert dat ue in de corte mien straet hier binnen antwerpen, tegen"/>
               </TextLine>
               <TextLine ID="region_1644587007585_2817l17"
                         BASELINE="984,1836 1091,1836 1199,1834 1307,1834 1414,1832 1522,1830 1630,1829 1737,1828 1845,1826 1953,1824 2061,1822 2168,1819 2276,1816 2384,1814 2491,1811 2599,1808 2707,1804 2814,1801 2922,1798 3030,1794 3138,1790"
                         HEIGHT="145"
                         WIDTH="2186"
                         VPOS="1740"
                         HPOS="968">
                  <String ID="string_region_1644587007585_2817l17"
                          HEIGHT="145"
                          WIDTH="2186"
                          VPOS="1740"
                          HPOS="968"
                          CONTENT="gesomen ben, als wanneer ick mij geloofde,  eersten het jaer packt"/>
               </TextLine>
               <TextLine ID="region_1644587007585_2817l18"
                         BASELINE="982,1930 1093,1932 1204,1934 1315,1936 1426,1936 1538,1936 1649,1934 1760,1934 1871,1932 1982,1930 2094,1928 2205,1925 2316,1922 2427,1920 2538,1918 2650,1916 2761,1914 2872,1913 2983,1912 3094,1912 3206,1912"
                         HEIGHT="160"
                         WIDTH="2258"
                         VPOS="1819"
                         HPOS="966">
                  <String ID="string_region_1644587007585_2817l18"
                          HEIGHT="160"
                          WIDTH="2258"
                          VPOS="1819"
                          HPOS="966"
                          CONTENT="vers bamis 1732 te brengen van ue niets vernomen waerom desen"/>
               </TextLine>
               <TextLine ID="region_1644587007585_2817l19"
                         BASELINE="1014,2026 1118,2030 1223,2032 1327,2034 1432,2036 1537,2036 1641,2036 1746,2036 1850,2034 1955,2034 2060,2032 2164,2030 2269,2028 2373,2026 2478,2024 2583,2021 2687,2019 2792,2016 2896,2014 3001,2014 3106,2012"
                         HEIGHT="152"
                         WIDTH="2125"
                         VPOS="1949"
                         HPOS="997">
                  <String ID="string_region_1644587007585_2817l19"
                          HEIGHT="152"
                          WIDTH="2125"
                          VPOS="1949"
                          HPOS="997"
                          CONTENT="te schrijve van niet laneer te waghten, sijnde niet meer als"/>
               </TextLine>
               <TextLine ID="region_1644587007585_2817l20"
                         BASELINE="992,2140 1095,2138 1198,2138 1301,2138 1404,2138 1508,2136 1611,2136 1714,2134 1817,2134 1920,2132 2024,2130 2127,2130 2230,2128 2333,2128 2436,2126 2540,2124 2643,2124 2746,2122 2849,2122 2952,2122 3056,2120"
                         HEIGHT="145"
                         WIDTH="2097"
                         VPOS="2033"
                         HPOS="976">
                  <String ID="string_region_1644587007585_2817l20"
                          HEIGHT="145"
                          WIDTH="2097"
                          VPOS="2033"
                          HPOS="976"
                          CONTENT="redelijck dat van het voors jae voldaen waere ue dan"/>
               </TextLine>
               <TextLine ID="region_1644587007585_2817l21"
                         BASELINE="1008,2242 1118,2242 1229,2242 1340,2242 1450,2242 1561,2241 1672,2240 1782,2238 1893,2236 2004,2234 2115,2232 2225,2230 2336,2228 2447,2226 2557,2224 2668,2222 2779,2222 2889,2220 3000,2218 3111,2218 3222,2218"
                         HEIGHT="169"
                         WIDTH="2247"
                         VPOS="2128"
                         HPOS="991">
                  <String ID="string_region_1644587007585_2817l21"
                          HEIGHT="169"
                          WIDTH="2247"
                          VPOS="2128"
                          HPOS="991"
                          CONTENT="versoeckende van met den eersten te somen om mij de moeyte"/>
               </TextLine>
               <TextLine ID="region_1644587007585_2817l22"
                         BASELINE="994,2336 1103,2340 1212,2344 1322,2346 1431,2348 1541,2348 1650,2348 1759,2348 1869,2348 1978,2348 2088,2346 2197,2344 2306,2342 2416,2340 2525,2338 2635,2336 2744,2334 2853,2332 2963,2332 3072,2330 3182,2328"
                         HEIGHT="113"
                         WIDTH="2219"
                         VPOS="2252"
                         HPOS="978">
                  <String ID="string_region_1644587007585_2817l22"
                          HEIGHT="113"
                          WIDTH="2219"
                          VPOS="2252"
                          HPOS="978"
                          CONTENT="of te nemen, i&amp; an meerder te schrijvn oft selfs over te comen"/>
               </TextLine>
               <TextLine ID="region_1644587007585_2817l23"
                         BASELINE="1012,2438 1062,2440 1113,2442 1163,2444 1214,2444 1264,2446 1315,2448 1365,2448 1416,2450 1466,2450 1517,2451 1567,2452 1618,2452 1668,2452 1719,2452 1769,2451 1820,2450 1870,2450 1921,2450 1971,2448 2022,2448"
                         HEIGHT="170"
                         WIDTH="1041"
                         VPOS="2357"
                         HPOS="995">
                  <String ID="string_region_1644587007585_2817l23"
                          HEIGHT="170"
                          WIDTH="1041"
                          VPOS="2357"
                          HPOS="995"
                          CONTENT="tgene afwaghtende blijven"/>
               </TextLine>
               <TextLine ID="region_1644587007585_2817l24"
                         BASELINE="2554,2496 2586,2493 2618,2490 2650,2487 2682,2485 2715,2482 2747,2480 2779,2478 2811,2476 2843,2475 2876,2474 2908,2472 2940,2472 2972,2472 3004,2472 3037,2471 3069,2470 3101,2470 3133,2470 3165,2470 3198,2470"
                         HEIGHT="197"
                         WIDTH="679"
                         VPOS="2368"
                         HPOS="2537">
                  <String ID="string_region_1644587007585_2817l24"
                          HEIGHT="197"
                          WIDTH="679"
                          VPOS="2368"
                          HPOS="2537"
                          CONTENT="Ady 24 my 1734"/>
               </TextLine>
               <TextLine ID="region_1644587007585_2817l25"
                         BASELINE="894,2558 919,2558 944,2560 969,2561 994,2562 1019,2562 1045,2564 1070,2564 1095,2564 1120,2566 1145,2566 1170,2566 1196,2568 1221,2568 1246,2569 1271,2570 1296,2572 1322,2572"
                         HEIGHT="173"
                         WIDTH="460"
                         VPOS="2460"
                         HPOS="878">
                  <String ID="string_region_1644587007585_2817l25"
                          HEIGHT="173"
                          WIDTH="460"
                          VPOS="2460"
                          HPOS="878"
                          CONTENT="Gendt Coppens"/>
               </TextLine>
               <TextLine ID="region_1644587007585_2817l26"
                         BASELINE="994,2652 1103,2656 1213,2658 1322,2660 1432,2662 1541,2662 1651,2661 1760,2660 1870,2658 1979,2656 2089,2654 2198,2652 2308,2650 2417,2648 2527,2646 2636,2644 2746,2642 2855,2642 2965,2642 3074,2642 3184,2644"
                         HEIGHT="142"
                         WIDTH="2222"
                         VPOS="2585"
                         HPOS="978">
                  <String ID="string_region_1644587007585_2817l26"
                          HEIGHT="142"
                          WIDTH="2222"
                          VPOS="2585"
                          HPOS="978"
                          CONTENT="ue ous altijdt seer aengename Jan 26 deser wel ontfanghen sijnde coafus"/>
               </TextLine>
               <TextLine ID="region_1644587007585_2817l27"
                         BASELINE="1002,2758 1113,2762 1225,2765 1337,2768 1448,2768 1560,2770 1672,2770 1783,2770 1895,2770 2007,2768 2119,2768 2230,2766 2342,2764 2454,2762 2565,2760 2677,2759 2789,2758 2900,2756 3012,2755 3124,2754 3236,2754"
                         HEIGHT="147"
                         WIDTH="2265"
                         VPOS="2693"
                         HPOS="986">
                  <String ID="string_region_1644587007585_2817l27"
                          HEIGHT="147"
                          WIDTH="2265"
                          VPOS="2693"
                          HPOS="986"
                          CONTENT="over alle de danct seggingen, &amp; cemplimenten bij den selven gementioneert "/>
               </TextLine>
               <TextLine ID="region_1644587007585_2817l28"
                         BASELINE="1000,2866 1109,2872 1219,2875 1328,2878 1438,2880 1548,2881 1657,2882 1767,2882 1876,2882 1986,2882 2096,2880 2205,2878 2315,2877 2424,2874 2534,2872 2644,2870 2753,2867 2863,2864 2972,2860 3082,2858 3192,2854"
                         HEIGHT="108"
                         WIDTH="2223"
                         VPOS="2790"
                         HPOS="984">
                  <String ID="string_region_1644587007585_2817l28"
                          HEIGHT="108"
                          WIDTH="2223"
                          VPOS="2790"
                          HPOS="984"
                          CONTENT="tis ous echter lief dat ue sign te ont content geweest te hebben van ick"/>
               </TextLine>
               <TextLine ID="region_1644587007585_2817l29"
                         BASELINE="1004,2978 1116,2984 1228,2989 1340,2992 1452,2994 1564,2996 1676,2996 1788,2996 1900,2994 2012,2992 2124,2990 2236,2986 2348,2984 2460,2982 2572,2979 2684,2976 2796,2975 2908,2974 3020,2974 3132,2974 3244,2976"
                         HEIGHT="162"
                         WIDTH="2271"
                         VPOS="2897"
                         HPOS="988">
                  <String ID="string_region_1644587007585_2817l29"
                          HEIGHT="162"
                          WIDTH="2271"
                          VPOS="2897"
                          HPOS="988"
                          CONTENT="segement tonsen huyte even wel vinde het onnoodigh, mal sl andere"/>
               </TextLine>
               <TextLine ID="region_1644587007585_2817l30"
                         BASELINE="1006,3082 1116,3086 1226,3090 1336,3094 1446,3096 1556,3098 1666,3098 1776,3100 1886,3100 1996,3098 2106,3098 2216,3096 2326,3094 2436,3092 2546,3088 2656,3086 2766,3083 2876,3079 2986,3076 3096,3072 3206,3068"
                         HEIGHT="132"
                         WIDTH="2232"
                         VPOS="3011"
                         HPOS="989">
                  <String ID="string_region_1644587007585_2817l30"
                          HEIGHT="132"
                          WIDTH="2232"
                          VPOS="3011"
                          HPOS="989"
                          CONTENT="ie fatigeren met complimenten, als ul: beneffens ee familie, bly ent"/>
               </TextLine>
               <TextLine ID="region_1644587007585_2817l31"
                         BASELINE="994,3198 1104,3200 1215,3202 1325,3202 1436,3204 1547,3204 1657,3206 1768,3206 1878,3206 1989,3206 2100,3205 2210,3204 2321,3203 2431,3202 2542,3200 2653,3198 2763,3196 2874,3192 2984,3190 3095,3186 3206,3182"
                         HEIGHT="199"
                         WIDTH="2243"
                         VPOS="3078"
                         HPOS="978">
                  <String ID="string_region_1644587007585_2817l31"
                          HEIGHT="199"
                          WIDTH="2243"
                          VPOS="3078"
                          HPOS="978"
                          CONTENT="geveel, ofte ten deele, naer antwerpen comst ul weet dat gij lieden bij"/>
               </TextLine>
               <TextLine ID="region_1644587007585_2817l32"
                         BASELINE="992,3308 1103,3310 1215,3314 1327,3316 1438,3318 1550,3318 1662,3318 1773,3318 1885,3318 1997,3318 2109,3316 2220,3314 2332,3312 2444,3308 2555,3306 2667,3302 2779,3298 2890,3294 3002,3290 3114,3286 3226,3280"
                         HEIGHT="152"
                         WIDTH="2265"
                         VPOS="3219"
                         HPOS="976">
                  <String ID="string_region_1644587007585_2817l32"
                          HEIGHT="152"
                          WIDTH="2265"
                          VPOS="3219"
                          HPOS="976"
                          CONTENT="bus alle wille comsult wesen, &amp; peyst dat ue heft ene thuys qm'en"/>
               </TextLine>
               <TextLine ID="region_1644587007585_2817l33"
                         BASELINE="988,3410 1094,3415 1201,3420 1308,3424 1415,3426 1522,3428 1629,3428 1736,3428 1843,3428 1950,3426 2057,3424 2163,3421 2270,3418 2377,3414 2484,3410 2591,3407 2698,3402 2805,3398 2912,3394 3019,3390 3126,3386"
                         HEIGHT="152"
                         WIDTH="2171"
                         VPOS="3308"
                         HPOS="970">
                  <String ID="string_region_1644587007585_2817l33"
                          HEIGHT="152"
                          WIDTH="2171"
                          VPOS="3308"
                          HPOS="970"
                          CONTENT="fonsent om sigh daer van te bedienen tallen tijde, gelijck mede"/>
               </TextLine>
               <TextLine ID="region_1644587007585_2817l34"
                         BASELINE="1002,3526 1112,3530 1223,3532 1333,3534 1444,3534 1555,3534 1665,3534 1776,3534 1886,3532 1997,3530 2108,3527 2218,3524 2329,3521 2439,3518 2550,3514 2661,3510 2771,3504 2882,3500 2992,3496 3103,3490 3214,3486"
                         HEIGHT="126"
                         WIDTH="2240"
                         VPOS="3420"
                         HPOS="987">
                  <String ID="string_region_1644587007585_2817l34"
                          HEIGHT="126"
                          WIDTH="2240"
                          VPOS="3420"
                          HPOS="987"
                          CONTENT="sullen doen, bp voorvallende occasieck volgens iue soo voindelycke"/>
               </TextLine>
               <TextLine ID="region_1644587007585_2817l35"
                         BASELINE="1000,3636 1111,3638 1222,3640 1333,3642 1445,3642 1556,3642 1667,3642 1779,3640 1890,3638 2001,3636 2113,3634 2224,3630 2335,3628 2446,3623 2558,3620 2669,3615 2780,3610 2892,3605 3003,3601 3114,3596 3226,3590"
                         HEIGHT="165"
                         WIDTH="2261"
                         VPOS="3506"
                         HPOS="982">
                  <String ID="string_region_1644587007585_2817l35"
                          HEIGHT="165"
                          WIDTH="2261"
                          VPOS="3506"
                          HPOS="982"
                          CONTENT="noodligge, tis ons onmogelijck nu dae van te swosteren alsoo ons"/>
               </TextLine>
               <TextLine ID="region_1644587007585_2817l36"
                         BASELINE="996,3748 1104,3748 1213,3750 1321,3750 1430,3750 1539,3750 1647,3748 1756,3748 1864,3746 1973,3744 2082,3740 2190,3738 2299,3736 2407,3732 2516,3728 2625,3725 2733,3720 2842,3716 2950,3712 3059,3708 3168,3704"
                         HEIGHT="212"
                         WIDTH="2205"
                         VPOS="3612"
                         HPOS="980">
                  <String ID="string_region_1644587007585_2817l36"
                          HEIGHT="212"
                          WIDTH="2205"
                          VPOS="3612"
                          HPOS="980"
                          CONTENT="anne uisse wederom soo miscrabel is geweest van de cortte sijen"/>
               </TextLine>
               <TextLine ID="region_1644587007585_2817l37"
                         BASELINE="1000,3856 1109,3858 1219,3858 1328,3858 1438,3858 1548,3858 1657,3856 1767,3854 1876,3852 1986,3850 2096,3846 2205,3844 2315,3841 2424,3838 2534,3834 2644,3830 2753,3827 2863,3824 2972,3820 3082,3816 3192,3814"
                         HEIGHT="144"
                         WIDTH="2222"
                         VPOS="3754"
                         HPOS="983">
                  <String ID="string_region_1644587007585_2817l37"
                          HEIGHT="144"
                          WIDTH="2222"
                          VPOS="3754"
                          HPOS="983"
                          CONTENT="grooten koest die haer noch bij blijt, niet het continueel sijn braken,"/>
               </TextLine>
               <TextLine ID="region_1644587007585_2817l38"
                         BASELINE="918,3970 1035,3968 1153,3968 1271,3968 1389,3966 1507,3965 1624,3964 1742,3962 1860,3960 1978,3958 2096,3954 2213,3951 2331,3948 2449,3944 2567,3940 2685,3935 2802,3930 2920,3926 3038,3920 3156,3915 3274,3908"
                         HEIGHT="220"
                         WIDTH="2389"
                         VPOS="3812"
                         HPOS="901">
                  <String ID="string_region_1644587007585_2817l38"
                          HEIGHT="220"
                          WIDTH="2389"
                          VPOS="3812"
                          HPOS="901"
                          CONTENT="dit alles heeft den wascn, soo sen achteren gestelt al oft hij nauwelijckx"/>
               </TextLine>
               <TextLine ID="region_1644587007585_2817l39"
                         BASELINE="1002,4062 1115,4066 1228,4068 1341,4068 1454,4070 1568,4070 1681,4070 1794,4068 1907,4068 2020,4066 2134,4062 2247,4060 2360,4056 2473,4052 2586,4050 2700,4044 2813,4040 2926,4034 3039,4029 3152,4024 3266,4018"
                         HEIGHT="222"
                         WIDTH="2296"
                         VPOS="3929"
                         HPOS="985">
                  <String ID="string_region_1644587007585_2817l39"
                          HEIGHT="222"
                          WIDTH="2296"
                          VPOS="3929"
                          HPOS="985"
                          CONTENT="begonst was, allen het welcke gelieve te considerevren, s ons te ofenseven"/>
               </TextLine>
               <TextLine ID="region_1644587007585_2817l40"
                         BASELINE="994,4172 1105,4175 1216,4176 1327,4178 1438,4178 1550,4178 1661,4178 1772,4176 1883,4174 1994,4172 2106,4170 2217,4168 2328,4164 2439,4161 2550,4158 2662,4156 2773,4152 2884,4148 2995,4144 3106,4142 3218,4138"
                         HEIGHT="189"
                         WIDTH="2258"
                         VPOS="4033"
                         HPOS="976">
                  <String ID="string_region_1644587007585_2817l40"
                          HEIGHT="189"
                          WIDTH="2258"
                          VPOS="4033"
                          HPOS="976"
                          CONTENT="dat wij van ue ofres soo ever ic huys voor logement, vrindelijcke "/>
               </TextLine>
               <TextLine ID="region_1644587007585_2817l41"
                         BASELINE="1016,4280 1125,4282 1234,4282 1344,4283 1453,4284 1563,4284 1672,4282 1781,4282 1891,4281 2000,4280 2110,4278 2219,4276 2328,4272 2438,4270 2547,4266 2657,4262 2766,4257 2875,4250 2985,4246 3094,4238 3204,4232"
                         HEIGHT="195"
                         WIDTH="2219"
                         VPOS="4168"
                         HPOS="1000">
                  <String ID="string_region_1644587007585_2817l41"
                          HEIGHT="195"
                          WIDTH="2219"
                          VPOS="4168"
                          HPOS="1000"
                          CONTENT="noodinge, als ill: corddalitijet, van ous in soo danige occasie te"/>
               </TextLine>
               <TextLine ID="region_1644587007585_2817l42"
                         BASELINE="1024,4392 1136,4392 1248,4390 1360,4390 1473,4388 1585,4388 1697,4386 1810,4384 1922,4382 2034,4380 2147,4378 2259,4376 2371,4372 2483,4370 2596,4366 2708,4362 2820,4360 2933,4355 3045,4352 3157,4348 3270,4342"
                         HEIGHT="169"
                         WIDTH="2283"
                         VPOS="4263"
                         HPOS="1005">
                  <String ID="string_region_1644587007585_2817l42"
                          HEIGHT="169"
                          WIDTH="2283"
                          VPOS="4263"
                          HPOS="1005"
                          CONTENT="willen toonen nen hof, vercint met soo veele fracy ighe den"/>
               </TextLine>
            </TextBlock>
            <TextBlock ID="region_1644587011007_2820"
                       HEIGHT="4311"
                       WIDTH="2615"
                       VPOS="164"
                       HPOS="3327">
               <Shape>
                  <Polygon POINTS="3327,164 5942,164 5942,4475 3327,4475"/>
               </Shape>
               <TextLine ID="region_1644587011007_2820l1"
                         BASELINE="3532,266 3622,266 3712,268 3802,268 3893,268 3983,268 4073,268 4164,268 4254,268 4344,268 4435,266 4525,266 4615,266 4705,266 4796,266 4886,264 4976,264 5067,266 5157,266 5247,266 5338,268"
                         HEIGHT="95"
                         WIDTH="1835"
                         VPOS="204"
                         HPOS="3517">
                  <String ID="string_region_1644587011007_2820l1"
                          HEIGHT="95"
                          WIDTH="1835"
                          VPOS="204"
                          HPOS="3517"
                          CONTENT="tot alder tijdt genoodisaccst ƒy7 us te bedancken "/>
               </TextLine>
               <TextLine ID="region_1644587011007_2820l2"
                         BASELINE="5852,272 5892,272"
                         HEIGHT="98"
                         WIDTH="70"
                         VPOS="206"
                         HPOS="5837">
                  <String ID="string_region_1644587011007_2820l2"
                          HEIGHT="98"
                          WIDTH="70"
                          VPOS="206"
                          HPOS="5837"
                          CONTENT="94"/>
               </TextLine>
               <TextLine ID="region_1644587011007_2820l3"
                         BASELINE="3514,352 3632,354 3751,354 3870,356 3988,356 4107,356 4226,356 4344,356 4463,356 4582,354 4701,354 4819,354 4938,352 5057,352 5175,352 5294,350 5413,350 5531,350 5650,350 5769,350 5888,350"
                         HEIGHT="156"
                         WIDTH="2403"
                         VPOS="236"
                         HPOS="3499">
                  <String ID="string_region_1644587011007_2820l3"
                          HEIGHT="156"
                          WIDTH="2403"
                          VPOS="236"
                          HPOS="3499"
                          CONTENT="tis ons leect te verse aen dat ue: thuys comende mevrouw ul: lieftte op"/>
               </TextLine>
               <TextLine ID="region_1644587011007_2820l4"
                         BASELINE="3514,444 3632,444 3750,444 3869,444 3987,444 4106,444 4224,444 4342,444 4461,442 4579,442 4698,440 4816,440 4934,438 5053,438 5171,436 5290,434 5408,434 5526,432 5645,432 5763,431 5882,430"
                         HEIGHT="114"
                         WIDTH="2400"
                         VPOS="388"
                         HPOS="3498">
                  <String ID="string_region_1644587011007_2820l4"
                          HEIGHT="114"
                          WIDTH="2400"
                          VPOS="388"
                          HPOS="3498"
                          CONTENT="haet camer bevondt met eenen omgeslagen voest, &amp; dat al een wijnigh"/>
               </TextLine>
               <TextLine ID="region_1644587011007_2820l5"
                         BASELINE="3518,542 3630,542 3743,540 3856,540 3969,540 4082,540 4195,540 4308,540 4421,540 4534,539 4647,538 4759,538 4872,538 4985,536 5098,536 5211,534 5324,532 5437,530 5550,526 5663,523 5776,518"
                         HEIGHT="174"
                         WIDTH="2289"
                         VPOS="437"
                         HPOS="3502">
                  <String ID="string_region_1644587011007_2820l5"
                          HEIGHT="174"
                          WIDTH="2289"
                          VPOS="437"
                          HPOS="3502"
                          CONTENT="gein comodert was met het fleuresijn, qnaer derhant noch meer"/>
               </TextLine>
               <TextLine ID="region_1644587011007_2820l6"
                         BASELINE="3474,644 3594,641 3714,639 3834,638 3954,636 4075,636 4195,636 4315,636 4435,636 4555,636 4676,636 4796,636 4916,634 5036,634 5156,634 5277,632 5397,630 5517,627 5637,624 5757,619 5878,614"
                         HEIGHT="143"
                         WIDTH="2437"
                         VPOS="513"
                         HPOS="3457">
                  <String ID="string_region_1644587011007_2820l6"
                          HEIGHT="143"
                          WIDTH="2437"
                          VPOS="513"
                          HPOS="3457"
                          CONTENT="soo danigh dat ul het bedde hebt moeten houden, wij willen hopen"/>
               </TextLine>
               <TextLine ID="region_1644587011007_2820l7"
                         BASELINE="3506,746 3615,740 3724,738 3833,735 3942,732 4051,732 4160,730 4269,730 4378,730 4487,730 4596,730 4705,730 4814,730 4923,730 5032,728 5141,728 5250,726 5359,723 5468,720 5577,715 5686,710"
                         HEIGHT="134"
                         WIDTH="2214"
                         VPOS="633"
                         HPOS="3489">
                  <String ID="string_region_1644587011007_2820l7"
                          HEIGHT="134"
                          WIDTH="2214"
                          VPOS="633"
                          HPOS="3489"
                          CONTENT="dat ul beyde, voor ontfangh deser een volle ersteltenisse, sul"/>
               </TextLine>
               <TextLine ID="region_1644587011007_2820l8"
                         BASELINE="3508,846 3623,840 3738,836 3853,832 3968,830 4083,828 4198,826 4313,826 4428,824 4543,824 4658,824 4773,824 4888,824 5003,824 5118,824 5233,824 5348,824 5463,822 5578,822 5693,821 5808,820"
                         HEIGHT="165"
                         WIDTH="2332"
                         VPOS="731"
                         HPOS="3492">
                  <String ID="string_region_1644587011007_2820l8"
                          HEIGHT="165"
                          WIDTH="2332"
                          VPOS="731"
                          HPOS="3492"
                          CONTENT="genieten, tgeene ons see fie sal sijn van ul t te vernemen,"/>
               </TextLine>
               <TextLine ID="region_1644587011007_2820l9"
                         BASELINE="3450,948 3567,944 3685,940 3803,938 3920,936 4038,934 4156,932 4273,932 4391,930 4509,930 4627,930 4744,930 4862,928 4980,928 5097,928 5215,926 5333,926 5450,924 5568,922 5686,920 5804,918"
                         HEIGHT="181"
                         WIDTH="2384"
                         VPOS="832"
                         HPOS="3433">
                  <String ID="string_region_1644587011007_2820l9"
                          HEIGHT="181"
                          WIDTH="2384"
                          VPOS="832"
                          HPOS="3433"
                          CONTENT="middelertijdt hebbe d'eere van te sijn &amp; te blijven, naer onte"/>
               </TextLine>
               <TextLine ID="region_1644587011007_2820l10"
                         BASELINE="3502,1042 3616,1040 3730,1038 3844,1038 3958,1036 4072,1036 4186,1036 4300,1036 4414,1036 4528,1036 4643,1036 4757,1036 4871,1036 4985,1036 5099,1034 5213,1034 5327,1032 5441,1030 5555,1028 5669,1026 5784,1022"
                         HEIGHT="157"
                         WIDTH="2315"
                         VPOS="954"
                         HPOS="3485">
                  <String ID="string_region_1644587011007_2820l10"
                          HEIGHT="157"
                          WIDTH="2315"
                          VPOS="954"
                          HPOS="3485"
                          CONTENT="gedane gewoonelijcke complimente een i1 mevround il"/>
               </TextLine>
               <TextLine ID="region_1644587011007_2820l11"
                         BASELINE="3480,1160 3556,1155 3632,1149 3708,1146 3785,1142 3861,1140 3937,1140 4014,1140 4090,1140 4166,1140 4243,1140 4319,1140 4395,1142 4471,1142 4548,1142 4624,1142 4700,1140 4777,1138 4853,1136 4929,1132 5006,1128"
                         HEIGHT="185"
                         WIDTH="1559"
                         VPOS="1042"
                         HPOS="3464">
                  <String ID="string_region_1644587011007_2820l11"
                          HEIGHT="185"
                          WIDTH="1559"
                          VPOS="1042"
                          HPOS="3464"
                          CONTENT="liftte als mijn heer ick broever &amp; fissen"/>
               </TextLine>
               <TextLine ID="region_1644587011007_2820l12"
                         BASELINE="5134,1214 5169,1212 5205,1212 5241,1212 5276,1212 5312,1212 5348,1214 5383,1214 5419,1214 5455,1214 5491,1216 5526,1216 5562,1216 5598,1216 5633,1216 5669,1215 5705,1213 5740,1212 5776,1209 5812,1207 5848,1204"
                         HEIGHT="209"
                         WIDTH="743"
                         VPOS="1081"
                         HPOS="5119">
                  <String ID="string_region_1644587011007_2820l12"
                          HEIGHT="209"
                          WIDTH="743"
                          VPOS="1081"
                          HPOS="5119"
                          CONTENT="Adij 19 Juny 1134"/>
               </TextLine>
               <TextLine ID="region_1644587011007_2820l13"
                         BASELINE="3840,1218 3865,1220 3891,1221 3916,1222 3942,1224 3968,1224 3993,1226 4019,1226 4045,1228 4070,1228 4096,1229 4121,1230 4147,1230 4173,1230 4198,1230 4224,1232 4250,1232"
                         HEIGHT="125"
                         WIDTH="444"
                         VPOS="1149"
                         HPOS="3823">
                  <String ID="string_region_1644587011007_2820l13"
                          HEIGHT="125"
                          WIDTH="444"
                          VPOS="1149"
                          HPOS="3823"
                          CONTENT="a voorsnige"/>
               </TextLine>
               <TextLine ID="region_1644587011007_2820l14"
                         BASELINE="3406,1294 3490,1294 3574,1294 3658,1294 3742,1296 3826,1296 3910,1296 3994,1297 4078,1298 4162,1298 4246,1300 4330,1300 4414,1302 4498,1302 4582,1303 4666,1304 4750,1306 4834,1306 4918,1308 5002,1310 5086,1312"
                         HEIGHT="222"
                         WIDTH="1713"
                         VPOS="1161"
                         HPOS="3390">
                  <String ID="string_region_1644587011007_2820l14"
                          HEIGHT="222"
                          WIDTH="1713"
                          VPOS="1161"
                          HPOS="3390"
                          CONTENT="swijnbrecht Cersame ballim borgemeester &amp; schepen"/>
               </TextLine>
               <TextLine ID="region_1644587011007_2820l15"
                         BASELINE="3458,1410 3580,1412 3703,1414 3826,1414 3948,1416 4071,1416 4194,1418 4316,1420 4439,1420 4562,1422 4685,1422 4807,1422 4930,1424 5053,1424 5175,1424 5298,1424 5421,1424 5543,1424 5666,1424 5789,1424 5912,1424"
                         HEIGHT="133"
                         WIDTH="2486"
                         VPOS="1330"
                         HPOS="3441">
                  <String ID="string_region_1644587011007_2820l15"
                          HEIGHT="133"
                          WIDTH="2486"
                          VPOS="1330"
                          HPOS="3441"
                          CONTENT="desen us dienende, ssn regerende borgemeester &amp; schepenen te bedancken "/>
               </TextLine>
               <TextLine ID="region_1644587011007_2820l16"
                         BASELINE="3506,1528 3623,1530 3741,1532 3859,1534 3977,1536 4095,1538 4213,1540 4331,1541 4449,1542 4567,1544 4685,1544 4802,1544 4920,1546 5038,1546 5156,1546 5274,1546 5392,1546 5510,1546 5628,1544 5746,1544 5864,1544"
                         HEIGHT="193"
                         WIDTH="2388"
                         VPOS="1429"
                         HPOS="3491">
                  <String ID="string_region_1644587011007_2820l16"
                          HEIGHT="193"
                          WIDTH="2388"
                          VPOS="1429"
                          HPOS="3491"
                          CONTENT="voor lhuinne gedaene diensten, &amp; om ue te adviseren, dat ick hebbe"/>
               </TextLine>
               <TextLine ID="region_1644587011007_2820l17"
                         BASELINE="3506,1640 3625,1644 3744,1647 3863,1650 3982,1654 4102,1656 4221,1659 4340,1662 4459,1664 4578,1666 4698,1668 4817,1669 4936,1671 5055,1672 5174,1674 5294,1676 5413,1676 5532,1678 5651,1678 5770,1680 5890,1680"
                         HEIGHT="212"
                         WIDTH="2417"
                         VPOS="1554"
                         HPOS="3490">
                  <String ID="string_region_1644587011007_2820l17"
                          HEIGHT="212"
                          WIDTH="2417"
                          VPOS="1554"
                          HPOS="3490"
                          CONTENT="aengestelt, voor borge meester &amp; schepenen de naer volgende personen"/>
               </TextLine>
               <TextLine ID="region_1644587011007_2820l18"
                         BASELINE="3508,1736 3564,1740 3620,1746 3676,1751 3732,1757 3789,1763 3845,1770 3901,1774 3957,1780 4013,1785 4070,1790 4126,1794 4182,1798 4238,1801 4294,1803 4351,1805 4407,1806 4463,1806 4519,1804 4575,1801 4632,1796"
                         HEIGHT="218"
                         WIDTH="1159"
                         VPOS="1663"
                         HPOS="3492">
                  <String ID="string_region_1644587011007_2820l18"
                          HEIGHT="218"
                          WIDTH="1159"
                          VPOS="1663"
                          HPOS="3492"
                          CONTENT="te weeten, voor borge meester"/>
               </TextLine>
               <TextLine ID="region_1644587011007_2820l19"
                         BASELINE="3946,1932 3984,1932 4022,1932 4060,1932 4098,1932 4137,1932 4175,1932 4213,1932 4251,1934 4289,1934 4328,1935 4366,1936 4404,1938 4442,1938 4480,1940 4519,1940 4557,1942 4595,1942 4633,1942 4671,1942 4710,1944"
                         HEIGHT="205"
                         WIDTH="796"
                         VPOS="1799"
                         HPOS="3930">
                  <String ID="string_region_1644587011007_2820l19"
                          HEIGHT="205"
                          WIDTH="796"
                          VPOS="1799"
                          HPOS="3930"
                          CONTENT="Jan van Herschavre"/>
               </TextLine>
               <TextLine ID="region_1644587011007_2820l20"
                         BASELINE="4122,2024 4151,2024 4181,2025 4210,2026 4240,2026 4270,2026 4299,2028 4329,2028 4358,2028 4388,2028 4418,2030 4447,2030 4477,2030 4506,2032 4536,2032 4566,2032 4595,2033 4625,2034 4654,2034 4684,2034 4714,2034"
                         HEIGHT="117"
                         WIDTH="625"
                         VPOS="1944"
                         HPOS="4105">
                  <String ID="string_region_1644587011007_2820l20"
                          HEIGHT="117"
                          WIDTH="625"
                          VPOS="1944"
                          HPOS="4105"
                          CONTENT="voor schepenen"/>
               </TextLine>
               <TextLine ID="region_1644587011007_2820l21"
                         BASELINE="3882,2118 3907,2120 3933,2121 3959,2124 3984,2124 4010,2126 4036,2127 4061,2128 4087,2128 4113,2130 4138,2130 4164,2130 4190,2130 4215,2130 4241,2132 4267,2132 4292,2132 4318,2133 4344,2134 4370,2134"
                         HEIGHT="224"
                         WIDTH="525"
                         VPOS="1957"
                         HPOS="3864">
                  <String ID="string_region_1644587011007_2820l21"
                          HEIGHT="224"
                          WIDTH="525"
                          VPOS="1957"
                          HPOS="3864"
                          CONTENT="Piete Rais"/>
               </TextLine>
               <TextLine ID="region_1644587011007_2820l22"
                         BASELINE="3898,2230 3934,2230 3971,2230 4008,2230 4045,2230 4082,2230 4118,2230 4155,2232 4192,2232 4229,2232 4266,2233 4302,2234 4339,2234 4376,2234 4413,2234 4450,2234 4486,2234 4523,2234 4560,2234 4597,2234 4634,2234"
                         HEIGHT="177"
                         WIDTH="768"
                         VPOS="2129"
                         HPOS="3883">
                  <String ID="string_region_1644587011007_2820l22"
                          HEIGHT="177"
                          WIDTH="768"
                          VPOS="2129"
                          HPOS="3883"
                          CONTENT="hendrick verdoenck"/>
               </TextLine>
               <TextLine ID="region_1644587011007_2820l23"
                         BASELINE="3882,2338 3919,2337 3956,2336 3993,2336 4030,2334 4068,2334 4105,2334 4142,2336 4179,2336 4216,2336 4254,2338 4291,2338 4328,2338 4365,2340 4402,2340 4440,2340 4477,2340 4514,2340 4551,2340 4588,2338 4626,2336"
                         HEIGHT="165"
                         WIDTH="777"
                         VPOS="2241"
                         HPOS="3866">
                  <String ID="string_region_1644587011007_2820l23"
                          HEIGHT="165"
                          WIDTH="777"
                          VPOS="2241"
                          HPOS="3866"
                          CONTENT="Jan Van Kemseke"/>
               </TextLine>
               <TextLine ID="region_1644587011007_2820l24"
                         BASELINE="3898,2426 3936,2426 3974,2426 4013,2426 4051,2426 4090,2428 4128,2428 4166,2428 4205,2429 4243,2430 4282,2430 4320,2432 4358,2432 4397,2434 4435,2434 4474,2435 4512,2436 4550,2436 4589,2436 4627,2438 4666,2438"
                         HEIGHT="148"
                         WIDTH="803"
                         VPOS="2344"
                         HPOS="3881">
                  <String ID="string_region_1644587011007_2820l24"
                          HEIGHT="148"
                          WIDTH="803"
                          VPOS="2344"
                          HPOS="3881"
                          CONTENT="adriaen van Wate"/>
               </TextLine>
               <TextLine ID="region_1644587011007_2820l25"
                         BASELINE="3906,2526 3944,2526 3982,2528 4020,2529 4058,2530 4097,2532 4135,2532 4173,2535 4211,2536 4249,2538 4288,2538 4326,2540 4364,2542 4402,2542 4440,2544 4479,2545 4517,2546 4555,2546 4593,2548 4631,2548 4670,2548"
                         HEIGHT="147"
                         WIDTH="798"
                         VPOS="2438"
                         HPOS="3890">
                  <String ID="string_region_1644587011007_2820l25"
                          HEIGHT="147"
                          WIDTH="798"
                          VPOS="2438"
                          HPOS="3890"
                          CONTENT="michvel verstraten"/>
               </TextLine>
               <TextLine ID="region_1644587011007_2820l26"
                         BASELINE="3886,2636 3954,2638 4022,2640 4091,2640 4159,2642 4228,2644 4296,2644 4364,2646 4433,2646 4501,2646 4570,2646 4638,2646 4706,2646 4775,2646 4843,2644 4912,2643 4980,2641 5048,2640 5117,2636 5185,2634 5254,2630"
                         HEIGHT="228"
                         WIDTH="1399"
                         VPOS="2495"
                         HPOS="3870">
                  <String ID="string_region_1644587011007_2820l26"
                          HEIGHT="228"
                          WIDTH="1399"
                          VPOS="2495"
                          HPOS="3870"
                          CONTENT="Pastee n  Jan dhollander"/>
               </TextLine>
               <TextLine ID="region_1644587011007_2820l27"
                         BASELINE="3532,2726 3647,2731 3763,2736 3879,2740 3995,2743 4111,2746 4227,2746 4343,2748 4459,2748 4575,2748 4691,2746 4806,2744 4922,2743 5038,2740 5154,2738 5270,2736 5386,2732 5502,2730 5618,2728 5734,2724 5850,2722"
                         HEIGHT="190"
                         WIDTH="2352"
                         VPOS="2603"
                         HPOS="3515">
                  <String ID="string_region_1644587011007_2820l27"
                          HEIGHT="190"
                          WIDTH="2352"
                          VPOS="2603"
                          HPOS="3515"
                          CONTENT="ue ordonnerende, de seke daervooren te skennen, mits doende"/>
               </TextLine>
               <TextLine ID="region_1644587011007_2820l28"
                         BASELINE="3500,2832 3564,2836 3628,2838 3692,2840 3756,2842 3820,2844 3884,2844 3948,2846 4012,2846 4076,2846 4141,2846 4205,2846 4269,2848 4333,2848 4397,2848 4461,2848 4525,2850 4589,2852 4653,2853 4717,2855 4782,2858"
                         HEIGHT="196"
                         WIDTH="1314"
                         VPOS="2740"
                         HPOS="3483">
                  <String ID="string_region_1644587011007_2820l28"
                          HEIGHT="196"
                          WIDTH="1314"
                          VPOS="2740"
                          HPOS="3483"
                          CONTENT="den ordinairens Pedt ende blijve"/>
               </TextLine>
               <TextLine ID="region_1644587011007_2820l29"
                         BASELINE="5200,2958 5232,2956 5265,2956 5298,2954 5330,2954 5363,2954 5396,2954 5428,2954 5461,2954 5494,2954 5527,2954 5559,2954 5592,2954 5625,2954 5657,2954 5690,2952 5723,2952 5755,2950 5788,2949 5821,2948 5854,2944"
                         HEIGHT="212"
                         WIDTH="689"
                         VPOS="2824"
                         HPOS="5182">
                  <String ID="string_region_1644587011007_2820l29"
                          HEIGHT="212"
                          WIDTH="689"
                          VPOS="2824"
                          HPOS="5182"
                          CONTENT="Ady 21 Juny 1734"/>
               </TextLine>
               <TextLine ID="region_1644587011007_2820l30"
                         BASELINE="3382,2990 3416,2988 3450,2988 3484,2986 3518,2986 3552,2986 3586,2986 3620,2986 3654,2987 3688,2988 3722,2988 3756,2990 3790,2990 3824,2992 3858,2992 3892,2994 3926,2996 3960,2996 3994,2997 4028,3000 4062,3000"
                         HEIGHT="210"
                         WIDTH="714"
                         VPOS="2849"
                         HPOS="3365">
                  <String ID="string_region_1644587011007_2820l30"
                          HEIGHT="210"
                          WIDTH="714"
                          VPOS="2849"
                          HPOS="3365"
                          CONTENT="Besel Jacobus Claus"/>
               </TextLine>
               <TextLine ID="region_1644587011007_2820l31"
                         BASELINE="3500,3096 3620,3097 3740,3098 3860,3100 3981,3102 4101,3104 4221,3106 4342,3108 4462,3110 4582,3112 4703,3112 4823,3112 4943,3114 5063,3112 5184,3112 5304,3110 5424,3108 5545,3105 5665,3102 5785,3097 5906,3092"
                         HEIGHT="255"
                         WIDTH="2440"
                         VPOS="2937"
                         HPOS="3483">
                  <String ID="string_region_1644587011007_2820l31"
                          HEIGHT="255"
                          WIDTH="2440"
                          VPOS="2937"
                          HPOS="3483"
                          CONTENT="op 17 april lett hebbe aen ue &amp; voordere eafgenamen ben ue broeder"/>
               </TextLine>
               <TextLine ID="region_1644587011007_2820l32"
                         BASELINE="3504,3216 3622,3218 3741,3220 3859,3222 3978,3224 4097,3226 4215,3228 4334,3230 4452,3230 4571,3232 4690,3234 4808,3234 4927,3234 5045,3236 5164,3236 5283,3236 5401,3236 5520,3234 5638,3234 5757,3232 5876,3230"
                         HEIGHT="191"
                         WIDTH="2404"
                         VPOS="3119"
                         HPOS="3487">
                  <String ID="string_region_1644587011007_2820l32"
                          HEIGHT="191"
                          WIDTH="2404"
                          VPOS="3119"
                          HPOS="3487"
                          CONTENT="Jan Clans p mijn missive comen vermaenen van te comen voldoen"/>
               </TextLine>
               <TextLine ID="region_1644587011007_2820l33"
                         BASELINE="3444,3338 3566,3340 3689,3342 3811,3344 3934,3344 4057,3346 4179,3348 4302,3348 4424,3350 4547,3350 4670,3352 4792,3352 4915,3352 5037,3354 5160,3354 5283,3354 5405,3356 5528,3356 5650,3356 5773,3358 5896,3358"
                         HEIGHT="215"
                         WIDTH="2483"
                         VPOS="3219"
                         HPOS="3427">
                  <String ID="string_region_1644587011007_2820l33"
                          HEIGHT="215"
                          WIDTH="2483"
                          VPOS="3219"
                          HPOS="3427"
                          CONTENT="den 18m peninck van de verkoghte 5 gemeten cants en questie "/>
               </TextLine>
               <TextLine ID="region_1644587011007_2820l34"
                         BASELINE="3486,3464 3597,3467 3709,3470 3821,3472 3933,3472 4045,3474 4157,3474 4269,3476 4381,3476 4493,3476 4605,3478 4716,3478 4828,3478 4940,3478 5052,3479 5164,3480 5276,3480 5388,3482 5500,3483 5612,3485 5724,3486"
                         HEIGHT="159"
                         WIDTH="2272"
                         VPOS="3401"
                         HPOS="3469">
                  <String ID="string_region_1644587011007_2820l34"
                          HEIGHT="159"
                          WIDTH="2272"
                          VPOS="3401"
                          HPOS="3469"
                          CONTENT="aen ul wel bellent, sedert van ue niets ternomen, &amp; hebbe"/>
               </TextLine>
               <TextLine ID="region_1644587011007_2820l35"
                         BASELINE="3496,3600 3615,3600 3734,3600 3853,3600 3972,3602 4091,3602 4210,3602 4329,3602 4448,3602 4567,3604 4686,3604 4805,3604 4924,3604 5043,3604 5162,3606 5281,3606 5400,3606 5519,3606 5638,3606 5757,3608 5876,3608"
                         HEIGHT="182"
                         WIDTH="2412"
                         VPOS="3500"
                         HPOS="3480">
                  <String ID="string_region_1644587011007_2820l35"
                          HEIGHT="182"
                          WIDTH="2412"
                          VPOS="3500"
                          HPOS="3480"
                          CONTENT="gedifacyert tot u toe van ul een tweede vermaninge te do"/>
               </TextLine>
               <TextLine ID="region_1644587011007_2820l36"
                         BASELINE="3474,3718 3595,3720 3716,3724 3837,3726 3958,3728 4079,3729 4200,3730 4321,3730 4442,3732 4563,3732 4684,3732 4805,3732 4926,3734 5047,3734 5168,3734 5289,3734 5410,3736 5531,3738 5652,3740 5773,3742 5894,3744"
                         HEIGHT="165"
                         WIDTH="2450"
                         VPOS="3627"
                         HPOS="3459">
                  <String ID="string_region_1644587011007_2820l36"
                          HEIGHT="165"
                          WIDTH="2450"
                          VPOS="3627"
                          HPOS="3459"
                          CONTENT="om reden, dat voor mijnen voors brief. de dato 17 april noch twee"/>
               </TextLine>
               <TextLine ID="region_1644587011007_2820l37"
                         BASELINE="3496,3828 3613,3837 3730,3845 3847,3851 3964,3855 4081,3858 4198,3860 4315,3862 4432,3862 4549,3862 4667,3862 4784,3862 4901,3861 5018,3860 5135,3860 5252,3860 5369,3862 5486,3862 5603,3866 5720,3870 5838,3874"
                         HEIGHT="172"
                         WIDTH="2372"
                         VPOS="3756"
                         HPOS="3480">
                  <String ID="string_region_1644587011007_2820l37"
                          HEIGHT="172"
                          WIDTH="2372"
                          VPOS="3756"
                          HPOS="3480"
                          CONTENT="andere persoonen vermaendt hadde hunnen 18 peaniick te"/>
               </TextLine>
               <TextLine ID="region_1644587011007_2820l38"
                         BASELINE="3502,3952 3622,3960 3743,3965 3863,3970 3984,3973 4104,3976 4225,3978 4345,3980 4466,3982 4586,3982 4707,3984 4827,3986 4948,3986 5068,3988 5189,3991 5309,3994 5430,3997 5550,4002 5671,4007 5791,4013 5912,4022"
                         HEIGHT="239"
                         WIDTH="2444"
                         VPOS="3849"
                         HPOS="3486">
                  <String ID="string_region_1644587011007_2820l38"
                          HEIGHT="239"
                          WIDTH="2444"
                          VPOS="3849"
                          HPOS="3486"
                          CONTENT="comen betaleng den eenen was s: Jan hendrickx die de voldoemen"/>
               </TextLine>
               <TextLine ID="region_1644587011007_2820l39"
                         BASELINE="3498,4096 3616,4096 3735,4096 3853,4096 3972,4096 4091,4098 4209,4098 4328,4100 4446,4100 4565,4102 4684,4104 4802,4105 4921,4106 5039,4108 5158,4110 5277,4110 5395,4112 5514,4114 5632,4114 5751,4116 5870,4118"
                         HEIGHT="202"
                         WIDTH="2403"
                         VPOS="3979"
                         HPOS="3482">
                  <String ID="string_region_1644587011007_2820l39"
                          HEIGHT="202"
                          WIDTH="2403"
                          VPOS="3979"
                          HPOS="3482"
                          CONTENT="gedaen heeft op 23 apil lest, &amp; de andere den hiure de seve"/>
               </TextLine>
               <TextLine ID="region_1644587011007_2820l40"
                         BASELINE="3502,4222 3612,4224 3722,4225 3832,4226 3942,4226 4053,4226 4163,4226 4273,4226 4383,4226 4493,4226 4604,4226 4714,4226 4824,4226 4934,4226 5044,4226 5155,4226 5265,4226 5375,4226 5485,4228 5595,4228 5706,4230"
                         HEIGHT="140"
                         WIDTH="2234"
                         VPOS="4112"
                         HPOS="3487">
                  <String ID="string_region_1644587011007_2820l40"
                          HEIGHT="140"
                          WIDTH="2234"
                          VPOS="4112"
                          HPOS="3487"
                          CONTENT="hiee van hode met den heere Berre raedtsheer in sijne "/>
               </TextLine>
               <TextLine ID="region_1644587011007_2820l41"
                         BASELINE="3486,4346 3608,4347 3730,4348 3852,4350 3974,4350 4096,4351 4218,4352 4340,4352 4462,4354 4584,4354 4706,4354 4828,4356 4950,4356 5072,4358 5194,4360 5316,4361 5438,4362 5560,4365 5682,4368 5804,4370 5926,4374"
                         HEIGHT="170"
                         WIDTH="2471"
                         VPOS="4218"
                         HPOS="3471">
                  <String ID="string_region_1644587011007_2820l41"
                          HEIGHT="170"
                          WIDTH="2471"
                          VPOS="4218"
                          HPOS="3471"
                          CONTENT="mais rade van laenderen tot gent beyde als erfgenamen"/>
               </TextLine>
            </TextBlock>
         </PrintSpace>
      </Page>
   </Layout>
</alto>
