7817 4685
2243 1450 1705 131 candeur te thoonen, soude gegeven boven die coopsom

2236 1555 1749 82 het emport vander interest van dese dry a des maenden

2236 1607 1736 126 die ick inde vente soude comen te trecken, waermede ul

2211 1683 1721 138 alsoo de ergelijcken aender heeve cassier bondt soude

2230 1773 1770 130 connen refunderen, ende alsoo voordier tijt in geene tvee

2226 1836 1755 124 intresten sult sitten, dan gelieft oock te pijsen, dat ick als

2213 1936 1763 141 dan sonder geniet van interest voordier tijt sal sijn

2222 2028 1721 148 daer  mijne penninger alsoo sullen ledigh liggen

2230 2139 1755 120 ende ick mij vande selve niet en sal connen bldienen

2237 2217 1690 120 verniets die in rechel sijn geobsigneert ende in eenen

2249 2286 1736 169 sock gecachetteert ende alsoo erger van conditie tusschen

2243 2379 1693 115 den voorseyden tijt nopende den interest sal wesen

2243 2470 1621 110 als ck eedelheyt die vertrouwe selfs te moeten

2247 2527 1694 181 ingeven dat ick ben agevende als ue bedelheyts

3178 2661 543 163 edienaer
