8008 4699
3810 1650 1303 178 temoire pour Madame Van Zeller

5000 1773 144 107 me

3454 1776 1923 185 Abadame Van Zeller est pries de la part de mons. & mad. Melijn, de

3437 1925 1748 88 & une comie escrit du ne ronne escriture & bien sisable & couce juste

3457 1934 1933 172 leurs envoyer au plustost possible qu contract de marnage de fen

3456 2010 1938 221 mons. Robert de Lannoy & danoisselle cllarie van den datnme leurs

3968 2163 133 71 vre

3472 2148 2022 182 grand pere & mere, & pere & mere de la preditte dame Van Zeller fait y

3465 2263 2022 166 passé a  lille le 2 xbre 1636, pardevant trans de saint,

3494 2375 524 79 notaire 4ublil

3466 2375 1384 175 Copie autentqu leserit d'une bonne e

3473 2491 2029 184 aussij de nous informer ce que signifie le close y inserre scavoir

3688 2580 1798 183 memement au rabestesement de sang, qui pourroit

3480 2664 1902 204 entrevenir entre les dist futurs marians et pur lettres sauff

3467 2775 1874 218 que celuy par les pourat avoir lieu, que pour la iouissance

3469 2952 996 149 viagere die survivant seulement

3489 2997 1950 215 de mesime si p vertue du dit contract vre grande mere marie van

3478 3119 1929 164 den damme at en droit de posseder en souissance la vie durante

3472 3229 1241 187 les biens de son mary robeitt de lannoy

3481 3296 1972 218 aussij p quel droit elle at eu la iouissance des biens de laissez p nre

3478 3431 1878 225 grand pere grand jacques de lannoy vre grand pere qui moont

3481 3551 1342 193 aprez la mort de son mary sobert de Lannoy

3471 3654 2017 203 sil soit p testament contract de mariage, ou coustume ou autrement

3472 3726 1935 190 vous priant de me respondre sur chacque aiticle, & m'en donner

3476 3851 2005 203 un veritable instruction, & de m'envoyer la predite copie au plusto

3476 4009 280 147 sible
