8084 4658
1051 202 2184 110 sier nu dat sij met die doose gedaen hebben gelijck met mijne

1016 284 2135 190 boecken tte sijn desen morgent met de ordineire chicle

1028 393 2232 201 vertroeken, hebbe daer vooren betaelt ƒ 5:14 waer vooren

1020 518 801 149 ue: gedebiteert hebbe

1017 588 2233 195 tot mi toe hebbe dhs pract noch niet jesien, comt niet eens ter

1029 715 2139 193 borse nochte sondaght op de meer, is soo men seght altijdt

1007 809 2130 204 buyten t hebbe sedert dh van can noch gesprosien die ons

1034 939 2154 212 iet proces gedient heeft die mij seyde, dat ue contract van

1020 1059 2114 188 nouwelijck in onse ingesiende stucken niet en is geweest

1027 1128 2087 209 soo datter geenen middel is om het selve te besomen, als

1025 1284 2240 126 Cangs den cant van praet selver ick hebbe devoirea genoech

1020 1392 2118 196 gedaen & hadde wel gewenst ue daer ontrent te connen

997 1513 2256 189 voldoen, wil hopen, dat ue langhs den sant van sijn broeder

1016 1630 1862 196 den canoninck tot iuk hoogh vit sult gerasien &

1018 1746 2078 189 ick hadde al in afwaghtinge geweest dat u mijne tweck

1017 1843 2178 208 acceptatien soude don ontfanghen hebben dogh tot nu toe

1008 1966 2238 213 sijn die noch niet voor den dagh gesonmen, ick wenschte woten

1016 2075 2045 174 dat u de betalinge geliefde ick te voorderen, sut mij

1013 2202 2051 209 plaiser doen waer mede naer presentatie van tient

1012 2310 1887 227 maer ouse gedane ordinairn complimenten blijve

2493 2420 708 194 Ady 22 sber 1739

882 2453 936 183 Gendt Francois Van tieghem

1025 2530 2260 175 ue aengename met den not arialen tit Jan verloopinge van de helve

1019 2657 2246 196 de Wolschaete door dher Coppens aen mij verscoght op syn tijdt wel

1036 2782 2236 190 ontfanghee hebbende de titels van ans comte met eenen voornemen

1026 2873 2218 203 notans gisteren maer eerst geexamineert tegens den voors aet waer

1027 2999 2251 201 inne sij eene notabele faute hebben bevonden principalijck ontrent

1017 3130 2272 147 de weder hebft van de hoeve met de landen door den notans van der

1019 3239 2236 157 doenck aen dh de lannoy overgelaten ofte verkoght ul sal sien

1014 3339 2157 179 uyt den selven aet hoe dat dh auquitije de lanmoij met den

1016 3435 2282 199 doorp van der doenck, die hoeve te samen hebben gekoght op 13 xbre

1035 3587 2153 168 167 & daer inne bij aete van cofenisse gegoeydt op 14 xbre 1675

1007 3668 2224 178 daeglis daer naer ue stelt in den voors. dat dh: de Lannoy de

1013 3832 2187 109 andere helft versoegen heeft bij coope van den notans Jan der

1001 3896 2288 216 donck & sijn huys trouwe volgens brief van lrfenisse gepasseert

1006 4015 2254 208 voor de wet van coautevoy morthe po den 1 July 1686 hier

1038 4142 2215 197 ist daer de quale lieght us: moet weeten, dat bij desen aet

1011 4294 2260 150 geen versoopiage geschiedt is, maer alleenelijck een separntie

3546 212 2419 138 van de selve landen, waer by aen dh lannoy is comende de helft in hoeve huysu

3511 275 2425 127 & stallinge met de wateringhe, ende daer bij in differente parcielen Jl

3539 391 2322 113 landen 16 bunderen 22 voeden 10 goeten, ende den notarns van der doenck

3534 466 2371 132 blijftt voor hem behouden bij den selven aet 5 banderen 344 roeden

3525 578 2273 173 het erreur in nven aet is echter clijn, & san seer licht geredresseert

3535 706 2266 120 worden al soo eenen aet op parquement geschreven bevonden hebbe

3529 743 2432 200 onder dandere documenten, waer bij den meer gemelden notans van der

3522 896 2404 153 doenck met jouff: fujanna Jacques comp arerende voor schepenen

3513 986 2426 148 sien cante voij mortsel, & degeen & luythagen besiennen dat sij omme

3517 1091 2208 183 eene somme geldes, wel ende wiettelijck verscoght hebben nen den

3530 1237 2352 103 voorgemelden hiere augustijn de Lannoy & jouff: barbura Ceerse de

3522 1296 2395 184 oorgemelde 5 bunderen 344 roeden, in dato 16 november 1626 sijnde

3523 1429 2410 167 voor de selve wet, & in het selve jaer als de separatie van den gelueken

3523 1547 2374 119 coop geschiedt is soo dat ue in uelaete niet meer en soude moeten

3516 1636 2383 160 in gevoight te boven op geschreven worden dese woorden ende serden

3519 1737 2376 107 novembris want sonder dat sorde maer aengewesen sijn 1o binderen

3506 1846 2410 145 42 voeden 10 voeren, soo an ue wel bevatten hoe noodtsasgelijck het is

3491 1918 2346 122 dat dien aet van 6 november 1676 daer inne gementioneerst wordt

3509 2056 2374 157 oversulck soo sende aen ue hier benevens den orginelen aet te bugge

3501 2132 2367 175 on in den selven als in ue prote colle bij te voeghen ende serden

3506 2242 2404 120 nodember hier ingesloten oock copye uyt uwenaet van versopinge

3486 2318 2211 157 & watter moedt bij gevoeght worden tot meerder clersissement

3496 2433 2367 139 twelck ul van confronteven. is het noodigh, dat a di coppons

3460 2531 2400 155 daer over kemisse geeff cont dat doen, ende de faute geredressert

3499 2649 2331 190 sijnde gelieve den selven aet mij cito mogelijck weder te senden

3471 2757 2447 203 sallet is soo precipitantelijck geschiedt int passeren & op stellen dan desen

3482 2884 2441 151 het dat ue de brieven niet door lesen heeft, & maer gelet op de datos voor

3507 3003 2365 203 wat wet, den aet dan geredresseert te rugge verwaghtende, blijve naer

3480 3111 387 158 groetenissse

3459 3179 1936 219 uf: devoiren & oncosten sal ue ten dancke doen betalen

5024 3303 810 201 Ady 30 xber 1739

3431 3346 998 181 sendt Francois Van ficg here

3467 3443 2426 205 twijfele niet oft ue sal op sijn tijdt ontfanghen hebben mijnen lorighen

3468 3585 2458 220 de dato 22 deser, waer bij aen ue te vugge gesonden hebbe den briginelen

3468 3710 2403 211 aet dan tercropinghe van de hoeve de wolschate door dh oppens

3464 3803 2372 201 aen oul verkoght op 15 sber pass om dar inne een, cijn redres

3454 3956 2344 163 te doen, sedert het geluct niet gehadt iers van ue te vernemen

3477 4090 2365 177 weete niet wat dencken over us stillwijgentheyst, waerom dese

3446 4167 2476 239 anderannes schrijve met versoeck van en stantelijck te laten weeten
