8036 4665
2313 210 877 120 Antwerpen dey Januarue

2862 282 183 100 1745

1018 253 1369 198 Melsele Monsiur Jan Balclist Moenooins

1024 405 350 134 Monsiaen

1033 456 2210 192 2 sedert mijnen leslen van 24 deser, waer aen my referere hebbe naer

1051 582 2121 129 mortsel geweest op mijne hoeve in packle bij adrieaen de niddere

1047 650 2182 134 alwaer hebbe doen gujl meten de brugge de welcke hebbe bevonden

1025 730 2262 120 te sjn waelf voelen breel soo dat versoecke aen uwen soone a qwillen

1018 811 2151 163 seggen van de plancken op die lengdele haelen gaegen van den

1017 900 2237 171 popelier geslaen aen t' landt van baerel de kop ende twee en

1035 1006 2169 186 half duym dich welcke lengde mijnen hovenien van berchen

1021 1105 2216 171 nicolaes dieuns mij gueyt heeft daer wel te connen uyt commen

1027 1195 2129 127 want borter seijnde als de eycke plancke, van onder ende daer

1029 1287 2243 175 wyl gleckende soude de ondersten allemael vollen en verhopende

1052 1393 2296 144 38 goede disposilie als die van ue familie blijve naer herlelijde

1031 1454 1483 155 he groetenisse aen ue beminde en soone

2913 1522 371 196 Tebr mary 7 gb

1036 1631 2145 169 Meleele Mondieur soo Moenssens Antwerpen 10 grmarj

2854 1731 242 108 1740

1065 1721 1520 144 een huyse van Monsieur Jean Baple Moenosens

1065 1813 942 149 grefffien van ewijndrecht

1076 1896 479 141 Monsieur

1042 2021 2126 185 Ick hebbe ue aengenaemen van 29 der voorleden maenlijn

1047 2126 2111 156 sijne lijde ontfangen waer door gesien hebbe dat de verkochte

1042 2193 2265 135 boomen, op t handt neesenborgh, onder beurcht, in packt aen

1041 2302 2194 68 aen peeter ateylaert gemonteer t hebben ter comme

1041 2332 2243 128 can eenenvijs tich ponden t welf eschellingen en thier

1017 2428 2243 99 grooten, groote blaems courant gelt allaer van ue

1036 2494 2219 136 ersoecke mij loopge van de conditien over te

1049 2568 2292 143 seynden, oft te brengen, daer bij soegende by bien

1043 2670 2296 117 deselve engescocht sijn, en hiunnen borge daer toe

1037 2725 2278 99 gevoeckt Joude ooce geerne illeten oft de veertich

1033 2824 2287 102 lboomen aengenomen  ofte gescocht door Martines

1032 2873 2324 141 boddingheentimmerman tot beurcht aachtenteyintiuh

1018 2965 2327 175 stuijers per stuck, contant te bestaelen jt gedaen

1029 3045 2310 169 sijn als wanneer hij de selve soude moeten vobdoen

1033 3124 2293 152 en den grandt lanckse door sceenen hier sloeten

1020 3247 2241 101 diep, en breedt, isaer toe ue bersoecke hem te

1013 3295 2270 132 vepmaenen en ben ue serplicht dat ue sange

1029 3327 2318 185 sal draegen, mogens den popelier haende op 4 gant

1031 3447 2269 176 Jan llaerel derop, ben serevondert geweest ue

1036 3541 2286 141 alhier niet gesien te hebben in veertheer daegen,

1035 3621 2256 157 buyten gesroonte & welck nochtans brijkach

1039 3703 2249 142 gecasseert terwacht hadde wissende verhopen

1036 3807 2292 104 tselve niet door onpasselijckheyt gebeurt te sijn

1018 3895 2296 125 dat met leet wesen soude vernemen doch in den

1050 3949 2327 134 gevalle van neen verhope ue rijd gch toecommende

1043 4043 2327 112 hier tes sien om ue over alles mondelinesere te spreecken

1040 4110 2292 103 in welcke sersachtinge blijve, naer mijne per telijckx

1026 4164 2355 150 groetenisse aen ud & laeder en loeker, en vergeet alsoan

1041 4236 2311 124 dock niet mede te brengen, een notitie van de vanten

2694 4305 677 111 et glsorden onderthj

1047 4315 1616 105 en aboieten, tant sant dat vecheven

2716 4362 96 50 ien

1037 4380 2215 93 ter langer hage om mijne denombrementen, over te geven

5905 213 104 115 o

3560 177 2339 203 Calloo Mons.Jacobus de Maeyen Antwerpen 12 jan 1735

3614 371 309 133 Mons

3532 346 2481 282 Ick ben ten mittersten verwondert van gheene betaelinghe te - a

3534 515 2485 171 becommen vande twee saeen intiest verschenen 20 gbee 1744

5949 600 71 59 e

5934 657 65 95 l

3540 604 2376 193 vande rente die ick ben hefsende luwen laste, en van B. raeder

3531 691 2390 184 s2 joos de maeyer, alsoo GB mij mondelinge belooft hadde van

3510 758 2454 210 daer aen ten eersten te volcomen soo haest B: vader tande

3527 907 2313 161 vestelt sijn van sjne oncasselyckheyt twelck wil verhopen

3560 957 2451 182 over lange te sijn alhoewel ick geen antwordt becommen

3545 1065 2344 159 hebbe op mijnen brief aen hem geschreven in dato 15 jan

3536 1167 2309 186 1745 dat insallen gevalle daer geen beleftel can aen geven

3556 1256 2285 175 want hij 't'selve maet door B: cost doen e&sectuezen

3562 1332 2355 154 en peisoenen van sulcken middelen gelijck b moeten est

3549 1448 2392 127 uin dar toe met laeten resmaenen maet het selve

3544 1501 2390 175 voot comen want men van sijn incommen sijnen staet

3526 1614 2494 162 moet manntinien en leveen en in desevewachlinge

3536 1702 1048 151 met den cersten blijve

3600 1863 2341 190 Calloo monsr. Jacobus de Mayer Antwerpy 26 aa 1715

3698 1983 285 144 mons

3561 2030 2265 184 Als00 ick uB: diffiente mael hebbe vemaent tot het

3588 2157 2395 157 betaelen d'inthesten die rente, die tot  van , ende

3609 2255 2268 143 ten laste laste van B: vader ben hebbende, dogh gheen

3608 2329 2355 169 antworde ofte betalinge becomend, bij dien dient desen

3601 2418 2211 143 ven uB. groot de leste resse te vennaenen ten

3610 2549 2098 127 eynde van mij vrijdaghtoecomende te comen

3618 2595 2324 155 voldoen lante dies sal genootsaeckt sijn, ul bij wege

3627 2694 2256 140 van lustitie daer toe te naemen waer naer

3608 2797 1661 164 ul: can reguleien, endee blijve

4964 2932 970 189 Antwerpen 3 meert 1745

3503 2947 1545 180 Londen Theeren John Eswards en soon

3557 3121 696 215 sijn heeren

3525 3225 2371 185 op 16 december laest hebbe deere. gehadt aen uld te

3536 3337 2488 149 senden, de Commissie alhier oor de 2lseth gepasseert t

3524 3466 2435 113 volgens de gitructie om de fondsen can mijnen

3516 3543 2507 121 taen taliger op mijnen naem te frans porteren 16

3535 3579 2443 157 en de wijl stot ne toe sonder ue antwoort continueren

3535 3678 2374 159 soo ben sin achter dencken oft mijne brief uld is ter

3537 3803 2464 123 handt gescommen waer can versoecke  my tinformeren

3524 3845 2287 126 en terpekert te tlesen dat met alle estime ben

4952 3934 867 124 IEd oB. W dinaresse
