8077 4644
2490 188 777 174 Ady 16 mey 17381

898 202 753 158 Calloo Jan Gertiel

1052 286 2200 210 hebbe al in afweeghtinge geweest, dat ue soude overgecomen

1037 412 2269 210 hebben om mij te betalen het gaer sant packt Jan de 5 genu 196:

1023 542 2199 182 lants, verschenen bamis 173 gepasseert, & alsoo van ue niet s

1027 677 2170 170 verneme, soo some bij desen ue versoecken van het selve

1031 761 2236 197 te somen voldoen boven dien verneme dat ick de dijckgeschoten

1023 873 2206 169 oock noch niet en heeft betaelt dant selve cant, waer door

1005 1026 2233 176 cl schede soude connen lijden terwijlen ice belast is met

1018 1114 2215 181 die selve djck geschoten de betalen, mits sortende die somme

1006 1228 2255 218 op de pacht daerom moet iue hier inne voorsien met de

988 1351 2230 193 dijck gescheten te betalen, aen den penninck imeelter & aen

1044 1473 2103 210 mij het voors jaer packt, twelck afwaghtende blijve

2503 1619 662 194 Ady 4 Juny 1733

841 1590 669 188 London John Edwards

1027 1732 2179 188 ue seer geestemeerde van 19 pass. P.S. wel ontfanghen, daer by advies

1017 1857 2254 154 dat ue voor mij geincasseert hadde  verrten vervallen 25 meert te wate

1005 1960 1385 176 2¾b van mijne sp £ 2000 banck Aetien

2613 1975 499 143 £55:0:0

1007 2076 2138 159 2 ul van mijne £931:13:4 en retterende oude R. mit: 18:12:8

1008 2216 2148 152 alles het welcke hebbe naergesien, & wel bevonden, & is ue rck

982 2314 2194 178 Conform daer vooren gedebiteert in te gendul bevinde ice remise

1005 2416 2088 196 van  £75:- a 2 usos tot 35:4 ƒ op John Van Cersel

992 2532 2081 150 te betalen aen mijn ordre waer vooren het noodigh sal

1010 2638 2136 203 besorgen, & ul rek. bj tijde voor de selve crediteren waer

1020 2769 1645 192 mede naer seer minsame groetmisse blijve

2597 2830 583 212 Ady 9 Juny 1738

835 2852 643 203 sendt dh: Coppens

1008 2956 1841 225 sedert ul. vertreck van hier van ul niets vernomen

1001 3124 2133 182 voorders hadde gemeyndt van eenige employen van penningen hier te

981 3210 2133 174 connen doen, dogh verneme, dat de leden alles in stilte doen, & hier

1012 3328 2236 187 is daer niet achter oft aen te geraken, soo wenste iue: soo goedt soude

1011 3454 2188 110 willen wesen, van in de sichtinge vien de vier millioien by dhar

1020 3527 2172 161 nceliiers voor mij sien te becomen aght dujsent guldens capitael

1008 3656 2148 170 wisseloft courant gelt men heeft mij gehijdt dat hij diffeverte

991 3741 2210 133 vinden van hier alsoo geacconmodent heeft excuseert dese mijne

1011 3853 2152 123 importune compissie, & waer in ue eendgen aengenamen dienst

980 3931 2252 224 sien doen, gelieve liberlijck te comanderen & blijve naer onse

1014 4089 869 170 ordinawel complimenten

5144 220 753 153 Adij 22 juny 17382

3378 217 1029 136 Turnhoudt wed: Guilliam Saven

3458 320 2364 124 sedert de laeste 200 stucken tijken, die bij ue man saliger, gehadt hebbe

3468 421 2245 171 hadde geen schrijven van mijn vriest geheeet eyndelinge become sijn

3474 504 2300 203 antwoordt op de selve, bestaende in menigh voldige lachten over de

3468 640 2391 177 sleghte qualitijdt seggende dat ick niet geevoon ben geweelt soo slechte

3468 740 2358 190 goederen te senden, principael de ¼ groot lort, waerom hij sijne ordres

3459 863 2358 179 gegeven heeft sedert die tijdt aen andere persoonen die hem veel

3467 1007 2416 156 biter goedt hebben toegesonden, nu sien ick wel dat gij lieden de schuidt

3453 1088 2335 173 tijt waerom dit jaer noch geen ordres becomen hadde, evenwel heeft

3469 1210 2404 171 op mijn versoeck de onder:100 ps. geordonneert de welcke gelieve

3444 1299 2454 199 te besorgen, dogh het alder bette goedt & bij faute dies moet ue weeten

3465 1416 2444 216 dat het de lette ordre sal sijn die ue van mij sult besomen daerom

3461 1540 2455 167 wel te letten, & alle de stucken naer te sien, & de alder beste te senden

3462 1629 2423 233 st geene twelck van ue verwaghtende blijve naer cordiale groetenisse

3546 1760 1403 184 40 ¼ groot. fort 30 malle: 10 breede

3612 1880 1353 191 30 ¾ groot lost. 20 sucalle 10 breede

3597 2000 1030 200 10 ¾ 3 segels 10 suall

3579 2087 1104 255 20 ¾ 3 segels . 20 snelle

3543 2293 292 184 100 ps

5291 2360 457 244 Adiy 28d

3385 2505 738 186 Jaulors Michicl Cools

3445 2628 2412 238 sedert 2 april laest, van ue niets vernomen, al hoe ue mij belooft

3456 2789 2410 216 dadde in de gepasseerde maendt meij van alles te comen voldoen,

3451 2916 2366 220 sien dat alles maer woorden en sijn daerom ingevalle ul de

3440 3036 2457 242 toecomende weeke niet en somt om mij satisfactie te geven

3464 3138 2444 243 soo sal den deurwarder Claussens ordonneren, van voorts te gaeen

3446 3266 1260 208 dit tot ul naeright blijve

5285 3327 443 218 ady 28 d

3390 3394 860 175 London Guilliam tatnall

3464 3489 2321 216 J'ay reccu celle, qu'il vous at plut m'escrive le 9 courant V:G. avec avis

3457 3690 2365 131 que vous aviez bien receu les deux ballots N.77:78 mais que vous n'aviez

3438 3743 2453 202 trouvez les cotils a vre satisfaction, ce qui me fait de la peune d'autant

3451 3868 2412 182 plus, qu'ils ont este tous, de mon melieur ouvrier ie n'ay pas manque

3447 3961 2441 199 de luy en faire mes plaintes, avec menasses, de le quitter, cependant

3451 4113 2337 198 il m'at dit quil ne puut comprendre, que vous vous en plainniez

3466 4243 2400 202 puis quils estiont tous de la premiere qualire, ie luy ay donne
