8056 4665
815 187 1070 187 London John Edwards & soon

2514 203 685 167 Ady 10 July 1743

1001 316 2254 186 beyde k. seer aengename Jan 14 februs & 24 pass op hun tijdt

1005 435 2274 165 wel ontfanghen tot antwoordt op den eersten, diens als dat

993 549 2299 164 jeene avantagie in de loterye hebbe connen bevindn, te meer

994 630 2152 185 om dat daer soo veel agio wirdt gegeven, om loten te

1008 746 2293 184 becomen derhalven hadde geresolveert aer uyt te blijven

993 845 2318 153 soorders ingevolge den selven is ue: gedebsteert voor venten

1003 961 2271 197 op mijne £1000: niuwe luytsee fmndities vers: 25 xber

2860 1065 437 141 £20:0:0

990 1066 673 144 laest a 2 br

1009 1142 2255 165 van mijne £00: suytg: actien a 1 ¾   25d. „ 8:15:-

1012 1280 2291 158 ende tot confornmi tijdt van den tweeden, hebbe ue rekkenigge

1006 1373 2193 174 oock gedebiteert voor  ienten vervallen 25 meert 743

987 1532 2315 172 Jan mijne £2000 banck actiew a 2 ¾b 8000 £55:0:0

985 1596 2300 223 dan mijne £1000 onde suytf. and: a 2 p vers. 25 d „ 20:0:0

999 1734 2204 155 soo dat in alles tot hier met ue d'accoort ben. alsoo

981 1863 2177 192 niet in sien, eenige employen te doen, soo versoecke

1006 2010 2256 162 mijne avance e willen remitteren in goede & suffisante

987 2090 2211 207 brieven & tot mijnde beste advantagie waer mede

974 2232 1688 177 d'eere hebbe van te sijn & te blijven

2534 2296 535 207 Adij 10 aug.

798 2346 1212 211 London John Edwards & soon

1003 2460 2199 183 us: seer aengenarme van 8 pass 8.5. is mij op sijnen tijdt

995 2576 2177 199 wel ter hant gecomen daet mede ontfangen ul. twee

996 2682 2190 194 venndes bedongende te smen  £110:5:8 a 2 usos

963 2815 1082 150 £ 35:4 - te weeten

960 2877 2310 203 £60:5:8 en op prisses pporter tot brugge in antworen

1473 2999 1801 199 te betalen ul £60:a 35:6 en geneep a 35:45

960 3126 2227 186 £50:-:0 op dh. henrij verschreylen in enteelr a 35:4

932 3238 2350 213 £110:5:8 te samen waer van d'acceptatien sijn gedaen

946 3388 2297 209 & sal op sijn stijdt de betalinge in voorderen, pul: rck

978 3487 2215 221 voor dis selfs weirde crediteren, dit sijnde het

965 3608 1922 222 noodige detes  hebbe deere Jan te syn

5984 245 50 131 g

5027 209 826 182 Adij 18 aug: 1743 c

3421 222 854 152 Mauloos Michiel Soots

3503 336 2428 135 sedert dat ue hier bij mij is gewecst dan ue niets meer vernomen

3514 444 2510 166 ick sien wel dat ul mijn goedtheydt welt mis bruysen, ue heeft

3495 546 2412 160 de oncosten tot hier toe geresen noch niet betaelt, nochre

5972 548 81 175 6

3507 664 2246 167 de verschene croisen, desen andermael om ue noch

3499 752 2438 193 brindelijck te vermanen, van in dese wesse gen te brengen,

3507 883 2214 159 oft ue heeft in d'andere weeke den deurwarder te

3515 999 1958 194 terwaghten waer naer cont reguleren & blijven

5107 1117 498 180 Adij 18d

3418 1149 840 201 Daeyloos Michiel Cools

3504 1218 2525 263 ue heeft eenigh gelt gebroght in mijn absentie aen mevrouw

3493 1381 2456 221 getelt, sij was niet onderight over de gedane costen tot hier

3494 1507 2396 213 toe geresen, die bedragen ƒ 8:6 welcke gelieve te comen

3485 1655 2324 183 betalen oft den deurwerder sal die selfs in persoon

3467 1765 1819 203 comen vraghtn tot ul naeright & blijve

5111 1863 709 216 Ady 17 gbe 1743

3402 1924 943 194 Gendt advocaet En silins

3500 2037 2447 195 ue seer geestimeerde van 3 april laest op sijn tijdt wil ontfangen

3491 2160 2541 160 daer benevens de versoghte rek. bedragende £3:3:8en ics vraghde

3507 2272 2357 204 duijsende excausien, sdort soo lange getardeert hebbe om de

3501 2428 2357 115 selve te voldoen, tis niet uyt ingsgentie sulx geschiedt is

3501 2517 2441 177 maer by faute 8un occassie mevrouw coppens, die ons heeft

3488 2604 2442 152 comen besoecken heeft mij de gelegentheydt gegeven, tervolgens

3493 2764 2466 156 hebbe aen haeren kneght de Boorp drij pouden doy schellingen

3505 2830 2201 202 aght grooten mede gegeven, om aen ue te behandigen

3491 2945 2378 209 versoeckende op de ingesloten rekeninge de quitantie te

3466 3055 2431 214 stellen & de selve p couvert met den post vver te sende

3483 3210 2434 175 om dat niet gaerne soude hebben dat mijn swage oppens

3487 3310 2535 195 daer Jan inspectie hadde, twelck vertrouwende blijve met

3487 3414 636 200 vece achtinge
