7734 4644
713 207 2372 152 coop, soo dat lieven de soorte van 30p donce soude hebben, als die gemeijne

716 266 2438 162 ven 24 dogh alsoo gaerne de satisfactie eent soude hebben, van een modille

744 360 2452 164 te sien, wenste wel uet oft den werck van mij een wilde toesenden, niet wefelente

719 456 2444 199 oft hij patroonen daer van heeft, tgene op het spoedightte versoecke, om dat

734 548 2454 162 de gelonnen die het eerste moeten verwerckt worden, van het selfde couleur

748 639 2490 197 moeten sijn, & ul can wel consideren, dat het werck niet avaneeren can voor dit

728 761 2502 196 de resolutie huir ontrent genomen is, derhalven hier ontrent seer gepresseet van

730 832 2486 260 hebbe het cassien met het copere werck wel ontfangen, & het inhouden appaert

737 971 2492 213 gedaen, terwijlen sien, daer noch veel manqueert vant gene s leveren met

694 1054 2467 192 & gelieve daer noch bij te doen een goiede buys & 4 croisade gespen als

730 1167 2488 168 mede twee hant haven die int vien vergult moeten wesen, om den riem

740 1264 2500 180 van achter voor de sneghs aen te hangen, daer by 2 gespen dobbel vergult

738 1400 2514 183 voor den riem de hant haven hebbe oock het erste noodigh, voor dat de

737 1465 2487 207 galere van binnen devult wort, tot ue naeright, ten wan ue voordeelde

726 1579 2459 191 die naer der hant londen aengedan worden, sal dan het resterende coper

735 1674 2470 181 werce met gene hier vooren gespecificeert p erten verwaghten, als

748 1768 2429 202 wanneer eene notitie gelieve toe te senden van alle die stucken

730 1853 2510 245 die ue mij gesonden heeft, & sal aldan aen ue het impot prompt betalen

741 1988 2404 199 oock voldoen de biefpoorten, waer mede ue: belaste eoecuseert de

735 2100 2459 186 lobert ijt die de bruyke van ue moeyelijck te vallen over saken, daer

740 2242 945 165 ie qan profijt by heeft

756 2280 2426 192 den coetsien van de diligentie heeft mij gisteren avont gebroght een

742 2399 2448 207 mandeken niet baekers bisquiet, die seght dat imant van ue kueghs

743 2518 2435 198 hem dat gebroght heeft om aen my te behandigen, & terwijlen ue in

728 2640 2512 163 sijn brief daer af geene mentie maeast wete niet wat dencken uemant

743 2795 2429 153 wilt daer van proeven, oock het can versieert gedragen sijn, dar om

743 2856 2416 169 sal dat laten liggen, tot dat van ue eenigh advies hoer van hebbe

2627 2975 615 208 Ady 3 febru 129

756 3009 1274 180 waer mede naer groetenisse blijve

587 3065 873 232 London Chauvel & Corquel

752 3194 2496 186 l'honneur de la vre du 5 sanu. de lan 172 m'at este rendu en son temps

757 3313 2425 209 depuis sans auqune de vos nouvelles entre temps, ie vous avois debite

761 3416 2383 213 pour  £151- pour un anne dint creste de mes  £500:- que vous

760 3532 2457 211 devez en mains a 3  pan, eschue le 18 may 1728. comme ie vois,

738 3682 2502 164 quil ny a rieu a faire au fonds de vos actions ie vous prie p cette

748 3762 2416 128 de me vouloir remettre ce que me riviend en bonnes lettres toutes

760 3853 2474 194 payeble dans la ville d'anvers, estant le suyet de cette & suis tres

761 4003 554 175 parfaittement

5317 171 666 173 Ady 4 fbru: 1729

3371 190 746 167 sendt raedt Coppens

5244 213 52 155 N

3511 286 2482 146 j'estois fort surpris de voir p l'honneur de la vre, du 2 court: que la repartion

3497 403 2386 181 du bail du passage de l'escau, n'ettoit pas avec les proiects de quitances

3494 483 2438 144 vous envoyez p ma derniere, dont me fomme en est la cause, j'avois

3499 614 2473 158 pliez moy mesme tous les papiers ensemble, & a ce qu'elle dit, qu'elle

3498 752 2427 117 estoit en peire, si ils ettiont tous, qu'elle at voulu satisfaire a sa

3485 820 2508 196 curiosite, & que p la grande hatte qu'elle at oubliez la joindre dont

3506 931 2466 159 elle n'en scavoit rien, qu'aprez la reception de l'agreable vre preditte

3508 1023 2472 183 ainsy, il faut pardonner la faute, & ie vous l'envoy cy joint. mossevelde

3498 1134 2492 128 m'at escrit une lettre le jour de las veille de la pirification, dont voicy

3470 1259 2470 128 la copie, & il mat adjoune aujourshuy pour le pistol y mentione, ie

3498 1355 2398 153 vous prie de me marquer si ie le payerois, ou non, ie crois que ie

3494 1436 2418 174 servez oblige de le faire p sentence, cependant ie demanderay & jours

3487 1548 2474 160 dilay a fin que ie puis avoir vre responce, vous ne me mande rien

3495 1658 2377 178 touschant laffaire eutre les mains de mons peterbroeck a brusxelles

3489 1761 2339 134 si nous ne voulons le poursuivre il voudra estre satisfait de les

3503 1857 2493 187 vacations  nous sommes tres mortifie d'apprendre vre incomodite

3505 1958 2437 171 au pied, de mesme celuy de ma dame nous vous souhaitons tous deux

3512 2047 2445 180 un retablissement entier, pour des longes anneir estant avec bien des

3494 2174 1247 198 compliments, & a mons. vre frere

5275 2167 693 218 Adij 5 febru: 1729

3314 2320 808 149 London Samuel Swinsen

3508 2364 2486 221 ie me referre a celle que ie nme suis donne l'honneur de vous escrire le

3600 2540 93 61 e

3514 2560 2479 123 15 may 1728 depuis sans auqune vre, ne doutant point, que vous auray reccu

3512 2654 2452 112 les interest & dividents de mes fours, dans la comp:. du sud & d'annuities de

3500 2754 2434 169 lanne passe 1728 eschues, dont il vous plaira m'envoyer notice pour

3490 2868 2512 119 hannoter de conformite outre ie vous prie de ne remettre mon avance

3495 2955 2414 176 en bonnes lestres, payables dans la ville danvers, & En lattendant

3502 3057 1568 159 J'ay l'honneur d'estre tres parfaittement

5283 3064 689 226 Ady 9 febru: 1729

3339 3141 939 202 Lille de wed: theodor Van Zeller

3489 3238 2537 165 J'ay receu en son tems l'honneur de la vre du 31 du passe y joint le model de laete

3509 3372 2462 144 du transport de la rente en quettion, le quel mons: Michel auvray at passe

3514 3499 2508 136 en vre faveur le 7m courant & vous le ttouveray cy joint avec d'autres douments

3508 3580 613 156 necessaires, scavoir

3511 3612 2428 225 prenderement l'acte du transport, qui est a peu prez suivie celon vre modil, avec

3497 3789 2411 105 la quitance in antele de ƒ7000:- argent courant pour le Capital & ƒ74:13

5328 3843 164 83 maef

3500 3878 2517 145 auss y courant pour l'interest du l'average depuis le p gbre jusquan sept

3510 3949 1446 163 jure du courant estant 3 mois & 6 jours

3430 4075 2619 107 encor une copie autentique de la creation de la rente de ƒ32000:- argerre

3486 4173 2527 142 courant a charge de mons. mathieu pinault chevalier serge desjaunaux &

3498 4317 2450 120 outre un extrait hors du partage des biens du feu mons. Clande
