8049 4658
1004 176 972 172 blijve met veel respect

980 241 2239 201 f wenste wel, dat ue soo goedt wilde wesen van de

1001 368 2258 163 schrifturen door een taliaensche hant te laeten schrijven

1022 474 1962 218 alsoo wij use loopende hant niet gewent syn,

1000 604 2311 154 waer door Tem wylen int uyt schrijven d'een woorde voor

982 696 2292 207 dander soude connen genomen worden etcuseert dele

997 818 1982 238 libertijt & hope dat ue sultt niet qualijck sult

2435 954 741 199 Ady 26 sber 1712

1017 983 423 144 afnemen

807 1077 1230 198 swijndrecht Procureur van berso

997 1158 2232 220 al hoewel het pretest van appel tegens de sententie van de

991 1285 2259 169 lake Jan Jan van bossche hebbe doen doen, soo bevinde dat

977 1403 2196 174 het demoeyte niet en is om dat te vervolgen, tis genoech

968 1503 2202 190 dat hij gecondemneert is den iedt te doen ingesloten het

1007 1617 2032 190 reqiest met de twee noodighe stucken, daer aen annex

997 1736 2262 138 twelck gelieve in te dienen dienende tot het doen van den

765 1844 2427 185 versohtmedt ende tot het resouvreren van den besten pant door syn

978 1942 2180 215 broeder achtergelaten, waer mede naer cordvale groet nisse

994 2071 282 144 Blijve

2513 2061 684 184 Ady 3 xber 1732

769 2160 2336 228 Brussel lauwers procureur in sijne May. rade Van Brabant

911 2306 2314 145 ende aen ick: hier benevins schere de i ten laste

993 2419 2235 183 michiel loots nden clore die ue voor mij verwooren heeft in

952 2529 2281 197 sijne maj. sou verijnen rade Van brabant in dito 6 imeet 173&

960 2641 2155 187 & alsoo den selven overjant is, versoecke daer van

967 2768 2219 144 e Berne nwinge te versoecken in den selven rade my

955 2888 1902 161 toe te senden, om daer mede te doen naer behooren

972 2985 2148 204 ick ben niet wel met dien lantsman synde de goederen

955 3111 2290 208 gecomen nyt den hoode van sijne overledene buys vrouwe

960 3233 2167 150 hy besit die in tochte & de proptiet ydt is aen de linderen,

945 3345 2179 176 trecht de revennien, ende en betaelt de schuldt niet ick

962 3443 2152 146 soecke op deen oft dander mandere daer af te wesen,

952 3562 2169 177 reese de uytwinninge sal moeten geseuren, dat mij

972 3681 2215 144 dat amdrasseert uyt redent dat den specialen paut maer

961 3783 2137 195 en bestaedt in een half binder bleck bosch, gelegen onder

953 3893 2274 213 heelijckheijdt van veedt sijnde daer bij gesoeght & bonderen

956 4049 2152 174 voor onderpant eenroetigh aen sijne massleen hove

939 4146 2336 204 glants dun mechelia, den speedulen pant l in verre nace

957 4258 2300 206 niet suffisant voor de capitate somme soo ist te ondersoeck en

3503 227 2446 155 btencn in den souverynen rade 8an brabant dese cem panden gestelt

3505 330 2311 163 als onderpant met het allodiael, tsamen alidelijck niet en

3503 412 2430 186 souden connen ofte mogen gede creteert worden, dan oft dat eenen

3521 523 2310 193 deurwarder van den voors rade, met permissie, die landen te

3510 662 2179 163 samen niet en soude mogen vercoopen, ue antwoordt

3494 740 1824 205 benevens de verniuwinge afwaghtende blijve

3472 854 2454 183 SC: us: can het import van Verschot, & devoiren door den bode

3509 1027 2323 135 ue: op quitant ie versoecken te betalen, salt selve al hier

3497 1121 1000 156 ten dancke restitueren

3497 1190 2391 185 men seght mij dat den herautt liser doodt ue  vervolgens

3511 1339 2410 146 leght mijn sake met hem in de lapmande tis te beslaglen

3486 1449 2477 198 dat door dusdanige velatien heerlijcke luyden gestoort woordien

3475 1583 1306 184 soo in de rieste als in den sacke

5051 1630 765 209 Ady 10 xber 1742

3408 1697 705 207 brussel Carel de Vos

3505 1813 2342 202 ick hebbe ontfanghen gehadt de vier tomen & an metode pour

3512 1925 2344 177 est udier chistoire die niet geexamineert gehadt hebbe door

3482 2071 2472 117 oorsake Jan de sieckte dan mijn goen chbte dochter, heden bevinde

3495 2184 2295 182 den tweeden tome volfauten, door den binder begaen, dien

3491 2301 2354 184 volgens sijn die voor mij niet aennemelijck, derhalven sal

3492 2418 2299 194 genoodtsaecht sijn de selve ue weder te senden ue hieft seer

3475 2523 2369 205 qualijck gedaen dan my die toe tesenden, als ue sulx geweten

3476 2670 2372 180 heeft: ic ben verwondert, dat ue mij niet en hebt gesonden

3487 2784 2329 192 den desden tome van tillemont histoire des empercurs in :

3488 2884 2400 198 nochte de elijne boeckies van rousset weeer van ue den tome

3477 3016 2341 191 M. van de mijne heeft mede genomen om naer te binden

3479 3133 2385 178 vessoecke van d'een en dander mij te laten toecomen, oft wel

3486 3254 2357 191 mijn soeck ie weder te senden, tis verdridigh met ick iets te

3468 3381 2351 194 doen ul geeft veel belosten, & noyt oft selden het effect ue

3486 3496 2262 177 heeft de andere geeren voldoeninge gegeven van de laette

3464 3596 2406 215 commissien, & an mij niets, iwaer en moete patientie hebben

3471 3734 2213 161 ue antwoordt hier ontrent afw aghtende blijve naer

3472 3852 489 191 groetenmisse
