8084 4630
1020 186 2244 110 alsoo die lotterje sal trecken op 21 meert toecomende, soo versoecke

1018 293 2224 120 haere resolutie te weeten, met seght hier dat de ƒ 30000:- in de

1012 405 2232 149 voorige lotterie tot gendt gevallen sijn, wenschende van ue de

1012 489 1025 161 waerheydt hit af te weeten.

1016 549 2117 207 daer sijn hier al veele niuwigheden, voor eerst dh dooner dat

1017 678 2211 170 engelinantie dat ick op wegh geren contreert heeft, trouwt morgen

998 779 2127 153 met jousf: hemt incsk daer geheel antwerpen, niet wijnigh over

1009 888 2147 173 verwondert is. den soone van dh: van delf. gaedt oock trouwen

1003 1007 778 166 met joass: de coninck

993 1056 2258 224 Ick weete niet oft dul van belle ue: geadviseert heeft de ersteltenisse

1006 1182 2235 208 van sijne sutter iracu leirselijck, wij sien & hooren hier dagelijckx biele

1017 1297 2173 205 imiraeulen geschieden bij de wel geleeff hebbende loeder Ania a p

1023 1418 2168 193 bactolomco int clooster van de spaensche tresen ue nichte heeft in

1014 1528 2228 200 haer uyterste voorgenomen, soo sij soude opcomen, dat sij een novene

990 1633 2215 198 soude houden & uaeren toevlught nemen tot de voors moeder anna

1013 1774 2195 176 soo voor haer, als voor haeren rancken & lan, tgene sij gedaen heeft

998 1884 2210 134 & naer die novene gehouden te hebben, is sij venevens naeren man

1016 2014 2156 162 soo danigh in gesontheydt erstelt dat sij haer huys houden regeert

983 2096 1517 183 & den man sijn negotie drijff als voor desen

1010 2179 2211 230 jouf. vinckenborgh een dochter in de 30 iaeren heeft in eenige jaeren

1017 2308 2152 210 niet connen gaen, & heeft oock haeren toe lught genomen tot de

994 2433 2206 198 selve moeder anna  is oock schielijck erstelt, dat sij gaet & staet

1033 2545 2127 207 als in haere voorige daeren alles wil soo danigh dat sij over

1016 2637 2114 205 daghen getrouwt is met son ostende, men seght dat haere

1010 2755 2239 229 serenissiene hoogheydt op 14 deser hier verwaght woort in coquito

1015 2861 2122 226 om haere devotie te plegen bj de selve moeder fananse

994 2992 2027 224 & blijve naer onse gedaene ordinade complinenten van ue

999 3100 2100 206 mevrouw ue: lieffte, mijnher ue broeder & fisken met

1011 3195 2168 232 versoeck van ue antoordt ten minste ontrent de lotterije

2556 3321 527 215 Adj 11 febru

859 3381 779 146 meltele moemssens

1027 3452 1126 239 ul. brief wel ontfanghen

1017 3602 2235 174 ben seer verwondert dat den voijbrief van verbraecken niet is

1020 3727 2167 196 overgegeven, ick wil my soo met vooren niet laeten leuven

1009 3854 2186 124 ale sal den besten pant gaen afhaelen, naer gewoonte & als

1021 3948 2177 195 sij daer naer met den vriy brief comen, den selven wedergeven

997 4114 2205 142 mits betalende de costen, tgene uls p desen ordonnere te

960 4205 1158 191 doen blijve met haeste

5075 185 768 148 Adij 18 febru. 1735

3393 207 568 135 Messele Mocussins

3464 315 2378 153 hebbe gisteren op swijndrecht geweest, qul: aldaer niet gevonden, soo hadde

3477 393 2256 144 ain schepenen bode belast aen ul te teggen dat de vrouls van

3467 496 2329 182 verninnen op het blaes hooft was overleden, & is gisteren aldaer

3479 589 2311 185 begraven hebbe ditto verminnen gesprosken over den besten pant

3473 680 2413 221 die mij seyde, dat seij den roben ick soude connen comen sien, seggende

3453 814 2302 167 datter niet veel was dat hij den vosen van sijn vrouw verset

3453 954 2338 147 hadde bij den adjudant van gelijcken den trouw rinck oft soo dat

3475 1027 2327 176 alles geschiedt is tot bedrogh vant besten hooft daerom sal ul

5205 1129 166 94 jue

3442 1154 2376 132 den heeve Balliue, met twee schepenen gaen ven nuyse & hem

3480 1245 2318 205 vragen, oft hij niets verstelken ofte wegh gedaen heeft tin tijde

3475 1329 2263 232 van den arebeijdt van sijne vrouwe ende van alles voordere

3472 1425 2361 200 intormatie nemen schiftelijck, & sijn velaes oft antwoordt daer

3468 1567 2340 160 op stellen, sonder eengen pant te hieren ten sij den roben oock

3476 1664 2298 195 & rinck weder gesomen was, & by faute dies, sal hem daer over

3477 1802 2379 164 betriefien, daerom dat de vrage, met sijn antwoorst wel opgestelt

3478 1913 2335 173 worde, ul can wel alles vragen onder ledt maer laet hem geeven

3465 2036 2405 195 hedt doen, in gevalle dat het voors goedt niet voor den dagh comt

3475 2081 2422 236 sal den ballie protesteren van refus,& alsoo gij lieden hier soo

3454 2221 2414 253 dight bij sult wesen gelieft mij mondeliux rappoort te comen

5541 2325 122 127 @

3487 2382 1298 188 doen, tgene af waghtende blijve

3470 2437 2330 238 mijn swagernnne versoeckt 6 a 8 stienen van het vlas daer

3462 2576 2359 237 sij eenen stem van gehadt heeft a 28 st: dogh in gevalle ul

3482 2733 2360 215 reter vlas & van hoogeren prijs weet van een steen voor eene

3472 2822 2368 225 pieuve te senden, n plaetse van de voors 6 a 8 stemen

5147 2950 571 195 Ady 23 febuu

3391 3017 1006 154 london John totnell& son

3454 3136 2382 174 J'ay receu l'honneur de vos legreables lettres du 6 xber de lanne

3449 3271 2394 155 passe & du 7 courant p la premiere la quittance de mons: saac

3477 3399 2407 156 despech, de 16 ƒ10 et que vous avez eu la bonte, de luy payer pour

3469 3525 2369 156 mon compte, dont ie vous suis infinement oblige & En suite vre

3475 3637 2335 173 uotice le change a 362 et ie vous en cay credite pour ƒ9:22

3456 3763 2476 215 arrent de change dicy, outre, j'ay este tres mostifie d'apprendre j 'n

3472 3905 2442 171 l ballot 66 at este endommage p le manvais voyage sur la

3463 4057 2445 171 lair a quoy on ne peut contre, estant toujours un bisque pour

3462 4149 2429 211 tout ce qui dort la passer j'espere mess. que la perte que vous y avez

3465 4275 2366 173 fait ne sera pas de consequence. & vre derniere ie velous vre ordre
