8029 4623
927 196 2259 145 daer noch iets voorders sal te becomen sijn, met den tweeden

973 304 2277 134 become advies dat ue ontfanghen hadde mijne twee procuratien

983 408 2258 153 om mijne renten op de tuy  comp. & annuities te in casseren

978 447 2266 180 bij ue laeste sien met groote verwonderinge dat uk seght op 28 meij

970 557 2268 195 I.B. sal in comen 2 E van mijne £937:10 suyskel anindities

978 712 2258 107 vervallen 25 maert laest terwijlen ue: moet ontfanghen den

992 795 2186 135 intrest van £1000:- capitael luyfzne auuitiels  voor de

983 868 2262 183 syn vervallen 25 maert 733 £ 20 im plaette dan £18:1513

958 999 2218 192 gelieft reflesxie te masken op mijn brief van 14 janu. pass

952 1101 2286 199 waer bij aen ue de voorgemelde procuratien toegesonden hebt

963 1204 2087 207 als mede de motitie wat ue moeste ontfanghen te weeten

976 1317 2255 204 voor mijne suytsee annuities in Capitael £7000:- waer van het

973 1432 2250 201 laeste betaelt was ver 29 sber 732. soo dat ue: moeste ontfangen

961 1529 2275 140 de m verschenen 25 maert 733.8.3 derhalven dont £20:- in

985 1663 844 165 plaetse dan £18:15 s

959 1736 2280 156 het is te noteren dat de directeurs van de suytzie anuities op hu

981 1811 2219 194 Cepitael gequeten hebben N. 1731: 65t, als wanneer aen dhs

969 1957 2249 157 sawel swinsen onder wie mijne intresta voorts desen waeren

975 2058 2272 184 op 28 gber 1731 tregesonden hebbe mijne quitantie tot het ontfange

961 2146 2254 159 van de 6 8 beloopen £60:- ende hebbe ter selver tijdt hem

982 2243 2236 239 geordonneert de £60:- wederom in te coopen, om de £1000:-

932 2390 2298 161 amisties ompleet te hebben, twelck hij geexecutert heeft gehae

966 2508 2254 152 in gevolge sijn brief van 17 xber 1731. ende sijne ter selver tijdt

964 2634 2279 175 gesondene rek courant derhalven twijfele niet oft ul sal mij

983 2698 2261 219 gecrediteert vinden op de boecken van ditto amuetdes voor £1000

946 2834 2260 204 Capitael ingevalle van contrarie, gelieft voors heere sanwel

968 2937 2272 179 swinten daer over te spreken & hem te seggen, dat hij gelieve de

983 3059 2251 172 in gekoghte £601 op mijn name te laeten stellen, & aen ue

968 3209 2275 160 den intrest van ditto £60 te betaelen sedert 29 sber 1732 tot

973 3293 2263 184 25 mars 1733 niet geloovende dat hij daer iets tegens can oft sa

979 3382 2107 204 seggen, want ben aen hem niets schuldigh sijnde sijne rek.

960 3509 2287 224 gesloten & gesaldeert in ser 1732 als wanner hij mij in de selve

925 3615 2249 233 noch heeft goedt gedaen november 29 de u luytse annuitier

965 3712 2278 209 ven 29 sber 1732 van £1000:-  £20: tt ue naeright

976 3839 2153 226 gelieft mij cito mogelijck te laeten weeten, hoe dese affaires

965 3969 2268 180 gelegen sijn, om in gevalle van eenigh onheyl, aen dhe janwel

968 4072 2160 162 swinsen voors daer over te schrijven, voorders soo hebbe ul

971 4196 2185 187 gedibiteert voor de 2b van mijne £937:10 ƒ suytk ie

3962 146 58 79 9

3475 202 2439 102 ffetien voor  vervallen 25 dbber 1732 voor £18:15 st als 3

3473 291 2378 113 mede voor £46:15 t voor m op mijne £12000 banck actien

3481 350 2261 130 a 2  vervallen 25 maert 1733 ende sal sorge dragen het

3464 444 2331 152 noodigh te besorgen voor ue remise van £82: op 2 usos

3470 533 2259 164 a 35:4 ten laste pretro prosy & op sijn tijdt ue rekk: daer

3474 622 2374 149 vooren crediteren ut antwoorst ontrent mijne suytzee annuities

3467 732 2076 151 atwaghtende blijve naer seer tminscme groetanste

3453 837 2174 180 P.l. men seght datter a costij eene lotterye sal opgerecht worden

3480 912 2332 207 a £3:- det tot, gelieft voor mijne rek. daer inne te leggen, vijf loten

5039 1048 760 177 Ady 30 mey 1732

3470 1065 612 182 tot us: gouverto

3373 1201 493 165 Gendt Coppens

3489 1290 2319 161 hebbe met veel genoegen verstaen, soo door het mondeling raport van dheer

3483 1365 2430 201 pruster Bant els p u mij altijdt seer aengename van 23 deser dat den

3457 1481 2461 212 permesaen, benevens de steurfrabben, ue wel gesonditionent hadde ontfangen

3465 1612 2456 141 p voerman ordinaire, savons op 28 deser & dat ue: daer over seer vergehoeght

3470 1692 2464 202 sijdt geweest tgene ons veal plaisir daert, in soodanige oft andere voorvallee

3471 1810 2417 176 oecasien, gelieft ons maer te comanderen doende het ons een groote

3463 1943 2390 173 satitfacie uk & mevrom ue sefste dienstigh te connen wesen

3471 2035 2412 195 wij sijn confus over alle us: belaflheden gover het gevoelen dat ul

3462 2155 2465 136 betoont det wij van us: fieste niet hebben connen profiteren versoeckende

3465 2301 2464 142 ons voor dese rijse te excuseren, alsoo het ons onmogelijck was van

3464 2338 2369 218 de selve fieste by te woonen, vermits ter selver tijdt verobligeert sijn

3472 2468 2450 177 geweelt oock een traetement te doen, waer van niet en hebben connen

3452 2558 2442 208 gedispenseert sijn, nochte tsele connen verschuyven, blijvende ue den

3441 2693 2481 195 mevroun ul liefste niet te mind daer vooren verobligeert al oft wij daer

3473 2782 2411 214 present hadden geweest wij hopen dat wij soo geluckigh sullen weten

3472 2898 2383 179 veen ul benevent mevrouw ul liefste, fisssen & andere persoonen die

3472 3005 2325 182 ue sal gelieven mede te brengen in de aenstaende groote ficantie

3461 3119 2471 190 allier te sien, ende tonsen huyse te ontfangen waer toe de appaeltment

3460 3227 2447 196 sullen gereedt malsen om ue alle met een tiere genegentheydt & affectie

3475 3351 2401 215 te reespieren & onse waere susterlijsee & broederlijcke liefde te connen

3481 3479 2333 205 betoonen ue alle andermael & voor altijdt ons huys tot logement

3478 3621 479 163 AAricerende

3468 3666 2444 231 wat aengaet de bewuste affairens, met den heere pensionuris hij heeft

3479 3781 2421 245 al differente reflerden overgegeven, & het is claer dat bij reseeninge

3455 3889 2240 194 reste, niet meer soude schuldigh sijn, als £152:14:5 e

3481 4015 2452 221 daer tegens soude noch moeten gedefalquent worden, ons dal verlies

3481 4110 2466 236 en de ƒ574:- Capitael verloren, thuys tot brussel, sijnde ƒ182:1
