7762 4678
864 203 2397 98 was, als wij deen hadden van ue: benevens mevrouw ue: liefste presentie

868 292 2382 156 lonsen huyse soo dat niet weete wat reden ue heeft te melden nopende

804 376 2406 172 de pachters van hildrecht & alverseel daer wijnigh op te connen seggen,

867 458 2360 138 is ue hier over niet voldaen, ue can mant hier benevens mij stenen

828 588 2409 106 die naer ue: sontentement beter soidde syn oft wel wij connen eenen

856 702 2323 148 persoon gesamentleyc stallen die alle de goederen & inne comen

853 808 2369 134 regeert, tot dat mij sullen geliquideert sijn, & ben bereijdt alle stonden

862 890 2288 141 aen ue: mijne rekeninge te don, dan mijnen ontfangh s uyt geef

828 984 2413 161 om aen ue te betalen tgme uy: soude comen dat nmeet ontfaulgen

838 1078 2222 146 hebbe, als ue tot noch toe van merckem & beste hoofden

840 1194 557 146 genoten heeft

819 1312 2360 110 Net belanght de papieren van het sterthuyst ick: heeft daer soo veelc

857 1377 2284 175 inssportie dan ghhadt alst ul gelieft heeft & sulte is ue nooys

842 1522 2369 134 geweijgert geweest maer wel van die laet gent te trans porteren

794 1621 2440 121 om dat de sostinnent mede brengen de selve int sterfhuys te moeten

859 1704 2326 149 blijven, tot dat de scheiydinge & deylinge gedaen is, om der de sijne

858 1815 2357 164 te geven, hebben ue noch gepresentent giladt van Copye autentique

847 1923 2305 163 te geven opt coste vant gemijn sterhuyt, van de gene ick: soude

832 2033 2354 144 gelieven, waer mede niet te vreden waerti& voor antwoordt gaeft

821 2107 2178 165 de papieren bon gre meel gre soude mede nemen, waerom

843 2228 2366 156 genoodtsaeckt fijn geweert verbot te doen, daer van te vooren

821 2311 2305 184 noyt gedachten hadden daet soe te moeten somen, dat echter ue

852 2413 2302 203 g een prejuditie gedaen heeft cochte inspectie belet & op ue laedte

830 2553 2375 127 over somste is ue: alles getoont  van alles kemisse & paert gegeven

822 2677 2356 101 dat den hantboeck, oft in oomboeck tonten huyse is geweest was

839 2730 2394 204 om de revenuen te ontfanghen & aen te reekenen volgens ue ordre

855 2886 2372 135 takende de asffaires van rijsel, supponen dat ue niet meerder gedient

849 2959 2396 136 is met costaeete lijden, als ick & dat de soedtheydt sult gehadt hebben

840 3065 2221 170 van haer te versoecken het een te verheften voor het genjn

827 3155 2406 162 sterfhuys sonder prejuditie van jder sijn gerechtigheijdt. ma taute

849 3271 2280 168 van Zeller heeft tot noch toe voor rek: van het sterfhuyt niets

819 3376 2345 175 geremitteert, maer wel voor kan rekeninge & van tijdt tot tijdt

834 3472 2430 195 geadviseert tgene sij voort te thuyt ontfanghen hadde om op den

791 3588 2403 180 insoom bousie an te teekenen, & op de groot boecken haer daer

840 3691 2407 127 vooren te debiteren. het is altijdt profijtelijcker remises te besomen

825 3783 2437 186 als te trecken sij is gewent geweest opt eynde vant jaer

837 3939 2431 150 courant te senden, & tgene p saldo quamp te remitteden, wille niet

828 4018 2424 179 twijfelen, oft salt dit jaer effectueren, het steufhuys is aen haer

844 4128 2354 170 bj have rekeninge particulier, noch iets schuligh, het waer niet

849 4257 2409 151 wel dat sij aen ue jder reijse soude adviseren den ontfangh in plaetse

3558 188 2446 142 van aen ons, or dat de packters op den in coomboeck daer vooren moeten

3559 278 2375 132 gecrediteert worden, gelieft ue de helft te ontfangen, tis haer maer

3539 365 2372 167 te versoecken, oft wel soo have remises besome, sal ue de helft

3554 459 2471 136 daer van remitteren, het waer goedt dat onse affaires van het sterfhuy

3562 560 2387 160 een eijnde conden hebben, & dat ider het sijne tegeerde waer toe ul

3561 658 2437 172 niet wijnigh can contribueren van mijnen cant hebbe genoechsaem

3554 757 2353 184 getoont mijne genegentheyet bij alle de favorable proposit ien

3563 854 2408 190 aen ue gedaen, doch sonder effeet vanlende de antwoordt op den

3552 997 2378 146 brief van dhe veuck an den procurear balingan geschreven vindt

3561 1097 2455 121 us hier int eerste eenighsents beantwoordt, & wat daer door geresultert

3551 1181 2388 181 is het beste waer dat wij malhanderen londen verstaen & geen

3551 1298 2437 115 debiters oft andere moeyelijck heden noodigh en hadden mijn liefste

3557 1413 2416 138 is besogh met shanen was soo dra den tijdt haer permetteert sal de

3575 1498 2415 162 rekeeninge van reyninge estamineren & de selve aen ul wederom

3465 1614 1355 159 gesenden worden met eene memoiie

3561 1745 2407 139 de mutskens van ack: fils sijn gecomen dogh 3 ven de selve waren te blijen soo

3568 1833 2433 119 dat genootsaeet sijn geweest het medel naer hollant noch eens te senden

3557 1942 2450 145 als die sullen ontfancken, werden ul: op het spoedighste te samn toegesonden

3567 2017 2422 173 ten ware het mevroum geliefde, dat het eene bij provisie over sondt waer

3578 2123 2019 156 mede naer presentatie van tienst eel respect blijve

3581 2232 1567 166 mijn liehste doet ue henevins merou

5279 2259 659 185 Adij 17 sber 1729

3608 2332 53 86 s

3449 2342 919 185 Lille wedue theodor Van Zeller

3564 2455 2464 149 pour responce a l'honneur de lagreable vre du 11 courant vous estant bien oblige

3544 2556 2492 190 de la peure, que vous avez bien voulu prendre d'escrire a mons: Coppens, j'espere

3572 2695 2446 160 quil vous aura donne les ordres, de payer le droit d'amoitissement de sen vre

3561 2783 2453 160 beau piere pour compte de la  cominante de la maison mortnaire

3567 2906 2447 158 quoy que nous avons fais un comprois mons: Coppens l'at entierement

3581 3004 2403 107 renverse ainsj ie n'attend que proces on est bien malheureux d'avoir

3586 3091 2350 147 a faire avec des gens, si mal intentione. pour satisfaire a vre demande

3594 3240 2436 83 pour ma dame Crombien, j'ay este dans tous les magasins de velour n'ayant

3578 3288 2403 148 peu trouver la couleur celon leschantillion, vous trouveraij cy joint trois

3563 3422 2403 136 eschantillions, les plus a prochantes, dont elle en peu choisir, & me donner

3571 3516 2400 153 les ordres ce que j'exccuteray avec bien du plaisir. vous avez la bonte de

3583 3611 2403 120 me marquer que vous avez paye pour le parfait payement de la cave

3549 3723 2342 158 188:10 ie ne scay, sil ne faut pas 288:10 puis que vous m'avez

3572 3790 2357 183 mand p vre precedente d'avoir paye a compte, dont il vous plaira

3575 3915 2432 148 me donner plus declairsissement, pour lannoter de conformite. si mons:

3571 4021 2404 168 Coppens vous venoit mander de largent, vous pouvez luy payer la

3558 4121 2459 132 inditie, de ce que vous pouriez avoir reccu pour compte de la

3563 4253 2409 150 netuir eu nre pere y rabattue les deboursements. il nous at fait
