8077 4630
2470 199 760 169 Ady 22 sber 1734

843 213 761 180 Aabroick wed: Cremers

973 300 2256 204 ul: brief van 28 julj laest hebbe op sijn tijdt ontfanghen, waer bij

989 418 2263 179 ul: versoght noch twee maenden tijdt om de verachterie croisen

977 525 2209 163 te betalen van de rente die ick tot uls lasste ben hebbende

983 627 2187 201 ten is ni geen 2 maer  maenden geleden even wel hebbe

996 765 2202 138 van uls niets vernomen, desen sal dienen voor de haeste

1011 877 2259 170 vermaninge & bu faute van geen gelt te brengen, moet niet

978 977 2212 211 qualijck nemen, dat ick mij anders addvessere waer mede

2606 1088 608 215 Adij 13 gber 1734

1010 1120 1063 190 naer groetenisse blijve

822 1217 1249 174 London Ihane delpech notaire a Londres

1003 1357 2216 164 le 5 mars de san 173& vous fut ma derniere p la quelle ie vous avois

1012 1453 2177 195 renvoyez vre certificat touchant les fonds de mons: Van lavre, ou vous

999 1543 2195 213 aviez oubliez de mettre les £1000:- quil avoit dant la comp. des

993 1686 2230 170 jndes, ce que vous aviez redresse, & l'ayant receu en ses formes de mesme

1010 1754 2221 200 vos trois quitances, que mons: John tatnall vous avoit payez pour les

994 1892 2317 177 trois certificats d'alors, & comme depuis il se sont survenne des changelments

998 1976 2251 211 taut par des remboursements, que par d'autres eschapts, que j'ay fait,

1010 2106 2212 168 be pour quoy ie vous prie de vous vendre au bureau de la bancque

1006 2204 2101 207 pour voir si sy suis credite, pour deux mille livres sterling, de

1012 2326 2124 190 mesme au bureau des annuities, ou ie dois estre credite, pour mille

1002 2441 2239 162 livres sterlinx vieux annedties, & pour pareille mre de mlll livres

1010 2593 2218 137 sterking nouvelles annnuities, & de m'en envoyer vre attestation comme

1000 2642 2213 227 vous l'auray trouve, & de faire la metme chose pour mons. P: van

994 2773 2254 191 diessel qui at signe l'incluse memoire, & d'en faire une attestation

1011 2925 2234 131 lespare, de la mienne, ie vous fairray payer les frais p nouls

983 3034 2162 160 fatill & en attendant vre responce avec les deux attestations

1006 3181 856 124 ie suis tres sincerement

1017 3172 2253 206 Monsieur dsacco delpech notaire, est priez de la part du soulique de

1005 3329 2191 174 rendre au bureau des annuitier & d'examiner les livres, pour voir

1008 3482 2263 161 si jy suis credite pour quatre cent soisante sudit livres deux escailins

1008 3541 2151 181 six deniers bieux aities, & pour incq cent brente & un livres

1012 3706 1642 154 dist sept escailins sisx deniers nouvelles annuities

2738 3695 547 232 Ady 16 gbre 174

839 3790 2003 236 3eenen Mons. poya dus agent au conseil supreme de flandre

1006 3932 2215 201 ayant este avec smpatience en attente de recevoir de vos nouvelles

1004 4078 2260 201 J'ay receu celle, quil vous ae plut de m'escrire le 3 du courant p la

1016 4190 2172 226 quelle, ie vois que ma requeste n'a point este encor presente,

5772 107 143 164 1

3494 243 2434 127 au conseil supreme a cause qu'il ny avoit point de seance da la semaine

3478 302 2362 171 si non le vendredy de la preditte date j'espere cependant mons. que vous

3462 382 2314 188 l'auray presente la semaine passe, & que nre demande vous serat

3471 498 2425 165 accorde tant a l'egard des armes avec la couvonne tenans & banderoles

3483 577 2383 203 que de la somme mentione p ma precedente, ie vois aussij que vous

3473 737 2404 160 avez fait quelque changement dans la requeste, ie l'aisse tout a vre

3469 831 2401 188 bonne direction, mais vous ne faite pas mention des tenans avec les

3462 948 2444 144 banderoles dans la copie de la requete m'envoye que ie crois pourtant

3471 1042 2408 209 que vous y auray specifie, comme il est marque dans mon proiect

3486 1202 2350 162 les mess. jalme out escrit a mon frere Jan michel, quils vous out

3480 1315 2250 170 offert l' argent que vous auray besoing Ainsy il ny la rien qui

3481 1461 2344 133 hanque que la diligence pour obtenr l'apostile & la depesche, que

3486 1510 2215 197 ie vous recomande vivemant car j'ay este adjourne p mons. le

3496 1655 2374 162 procureur qual: aprez luy encor avoir advertie, que ie suis en euvre

3495 1794 2344 157 pour obtenir une nouvelle patente sur quoy j'ay presente requete

3472 1889 2250 171 a son atterse sercmissime qui m'at accorde gratieussement la

3475 1981 2365 194 surceance, jusqua autre ordre de sorte que j'aspire pour recevoir

3481 2105 2377 180 la patente vous priant de ne point perdre du tems, & cito qu'elle

3481 2224 2354 172 serat depesche, & signe, ie vous prie de me l'envoyer p la poste

3474 2347 2317 166 ou de la mettre eutre les mains de mess. palme & cito que nous

3476 2467 2332 152 lauvous receu & trouve, celon la demande, nous ne man querons

3482 2591 2347 163 pas de vous en remercier avec un petit don de recogiloissance

3488 2669 2266 200 mons: Kuyff ma dit qu'il vous est devable de quelque chose

3475 2776 2383 177 dont il meesdonnera la notice il vous fait bien ses compliments

3474 2925 2407 140 & vous este intinement oblige de vre cher louveur de mesme fait

5332 3022 567 198 Ady 18 gber 1734

3483 3031 1138 210 aluy qui at l'honneur d'estre

3364 3167 1995 171 Wenen Mons. poya dies, agent au consel supreme de flandre

5729 3233 147 85 tme

3477 3242 2341 152 ie me referre a celle que ie me suis donne l'honneur de vous escrire le 16

3465 3359 2398 182 du courant, qui ser voit pour responce a vre agreable du 3 ditto a hier

3489 3482 2298 127 ie recois une seconde de vre chere personne avec avis que nre resquite

3467 3582 2407 176 a este apostille favorablement, conform a nre demande, tant pour mon frere

3465 3675 2408 149 Jean muhel, que pour moy & que la taxe pour les droits de la chancelerie

5451 3787 402 167 ƒ 892:45

3473 3811 645 165 importoit en tout

5485 3880 295 116 „8:-

3472 3878 1262 193 pour la poste d'affrenchir la patente

5464 3972 299 175 .1:

3487 3987 556 182 pour le portier ƒ

4214 4072 1668 202 Ensemble pour la chancelerie  ƒ901:45

3453 4192 2389 204 de scay bien, que la somme requise doit estre depose a la chancelere

3465 4356 2413 109 avant d'obtenir la patente, estant sort surpris de voir p vre sur ditte
