8091 4630
2568 196 639 166 Adj 13 aug: 1735

865 208 876 157 London Sohno Tatuall & son

1025 314 2216 129 J'ay reccu l'honneur de la vre du 25 du passe y ent une remises de

1013 406 2240 167 £100:- a 36:2 et a la charge de la veuvelde Gull: de flbure a gand

1012 532 2283 159 payable dans la ville d' anvers, la quelle j'ay envoyez pour acceptation

1020 638 2270 159 outre J'y trouve vre ordre pour 100ps: de cetils tous small scrips les

1013 708 2259 204 quelles j'ay desa ordonne a mon melieur ouvoier & cito quils seront prest

1020 820 2249 189 ie vous les envoyeray p la premiere occasion, dans un ballot N.69

1029 928 2262 177 ie vous suis infinement oblige de tous vos bons souhaites au juy cet

972 1048 2288 170 de ma maison & dardin de plaisance de mesme pour la peine, que

965 1132 2313 197 vous avez bien voulue prendre de m'achetter une once de sevence

964 1251 2286 174 des choux fleurs somme aussij du present de vos belles fleurs que

1004 1343 2268 203 vous avez la bonte de me vouloir faire, que j'accepte de bon cour

1014 1472 2261 193 & comme vous me marque que la semence a chette, est tres bonne, ie

1023 1572 2208 136 vous prie d'avoir la toute de m'achetter jusqua un de mie livre

991 1707 2135 161 car cette semence ne le fatte point & plus vielle qu'elle est

1015 1767 2192 175 melieure est elle, d'avois seulement demandez p ma precedente

1022 1940 2216 121 une once, pour eviter le port de la poste, j'espere que le batlelier

1013 2028 2156 145 moentuch, qui viend ordinaiuement avec son battean a droisure

1001 2125 2230 172 jusqu icy a anvers, ne sera pas encor partie, & que vous auray

963 2229 2162 193 le loisir pour l'envoyer tout en semble, vous priant de me

1920 2343 51 57 e

1001 2344 2238 193 marquer aussij, ce que vous auray de bourse, pour vous en crediter

1007 2421 2169 228 en comte avec melle remerciements. nous avons icy des belles

993 2560 2196 172 ffeurs de semences qui donnent une belle vue dans un grand

1006 2639 2207 172 ardin comme la semence des fleurs de parot la semence des

1025 2774 2223 217 fleurs de Coquelieoe & beaucoux d'autres, si vous n'en avez point

1024 2887 2280 171 ie pouurois vous en envoyer sur vre ordre j'en seray asse pourvue

1009 3020 2216 176 a vre service, j'ay une sorte des petittes quroflees doubles, qui

1019 3168 2159 140 est tres belles, & fort rare ie pourray vous en envoyer une

1026 3216 2174 180 plante p motack dont ie crois, que vous en aurez au

1018 3331 2164 206 plaise, & ou ie vous puis vendre service, ayez la bonte

1017 3448 2153 200 d me comander & le tacheray d'executer vos ordres en

1012 3573 547 201 qualité de

2492 3584 700 212 Adij 19 aug. 1735

846 3717 1492 166 Brugge wed: Laurence Van Rentergen

1020 3844 2210 132 k: aengename gune 14 josj laest op sijn tijdt wel ontfangen

1012 3944 2183 153 daer bij cognossement & oncost ick vop het pack & N.68

1029 4094 2186 135 monterende £3:10:8.7 waer vooren ue is gecrediteert

1015 4211 2223 205 desen tot advies, als dat aen ue op heden al noch toe gesonden

3503 217 2374 126 hebbe, een pack S N. 69 inhouden de hondert stecken tijsken, twelcke

3515 312 2409 164 op ontfangh vervolgens gelieve te verclaeren &  eerste vertreckend

3504 406 2441 151 schip, op london te versenden & t addresseren aen dheeren John tatuall

3499 559 2259 144 sson, als vooren, ende aen mij de oncost ree. i cognossement cito

3523 626 2425 155 mogelijck te laeten toecomen, naer onder gewoonte, ick verwaghte

3502 719 2434 163 eenige bagaatellen van laedt te schipper moentack oft hij adroiture

3512 883 2295 142 hier met sijn schip comen sal, weete niet ingevalle van niet

3498 952 2370 207 gelieft soo goedt te syn, vant selve p dobbelaere mij toe te laten

3471 1089 2371 199 comen, & te recomanderen, dat het niet geplettert comt tis

3509 1178 2398 224 een wijnigh blom cool laet met eenige blommen van geen weirde

3512 1298 1533 190 tot ul. naeright blijve naer groetenisse

5194 1374 652 206 Ady 31 aug: 1735

3393 1411 647 145 London John tatnall

3502 1459 2350 202 J'ay reccu vre agreable lettre du 13 jourd :V:5. avec avis, que moentacke

3486 1598 2430 163 ett partie de londres, & que vous avez eu la bonte de m'envoyer p luy quellqu

3495 1725 2384 143 plaites des talipes, soisis, jarcisses & une once de la semence de shoux fleurs

3496 1811 2423 188 dont ie vous suis infinement oblige de mesme que vous luy avez payez dux

3494 1907 2419 214 escailins six deniers, pour ses soing & peces dont ie vous en crediterray en

3502 2026 2382 191 compte, comme aussij pour la valeur, de l'once de semence, que ie vous

3493 2106 2395 171 prie de me marquer, & pour le present de vos fleurs, ie les accepte avec

3495 2239 2389 161 mille remerciements, & comme ie vois, que vous este fournie de toutes ces

3474 2376 2443 161 flers que ie vous ay marque p ma precedante il n'est pas dont necessaire

3501 2446 2416 203 que ie vous en envoye. vous avez la bonte de me noter, que la demie

3496 2565 2376 144 livres de semence de choux fleurs sondittes souteroit 10 escarlins &

3498 2666 2415 183 ce seroit une folie d'es l'ascheter ie re contanteray avec lonce

3505 2825 2303 144 m'envoye. clloentach est arrive ce ostende, & nous l'attendons icy p le

3499 2865 2424 232 premusr. celle principalement, pour vous envoyer l'incluse facture & cognoss

3484 3025 2274 175 d'un balot contenant ent ps. de cotils marque  N69 montannt

3476 3137 2403 184 ƒ1634:13½ argent de change, estant charge, dans le bateau de

3481 3256 2374 181 stephen saluere, qui parte ausourdhay ou demain pour ostende

3494 3353 2228 202 pour faire son voyage de londres p le premier vend favoralle

3489 3493 2433 176 essurant que vous le receveray bien conditione & les cotils a vre

3501 3583 2446 206 entiere satesfaction la piece de linge de le balot un contient

3480 3714 2387 147 qui 68 a & jen auray soin pour l'avenir de me prendve

3478 3823 2436 207 d'uttres, qui anesuront d'avant age, estant avec offres de mes

3494 3957 1133 184 services En tous occasions
