8029 4671
1014 222 2143 110 saede modillen an procuratien van oock te gemoet sien omde

975 289 2153 142 surte ½ vanieden sonds op haenennaem end ander ½ op die van

995 381 2183 127 dH. Caxosur fordenandes Josephies Coppens deeachapelle te stellen

987 455 1288 153 in deswaghting hes dene te wesen

2339 512 462 138 31 8ber 1749

764 547 884 181 Londen John Ed Wards

1072 635 2032 157 met ud aengenamen dan 6 deter bekomen n modillen van

995 757 1719 109 mocunatien die hier nevens gereeckent gaen l

978 771 2260 161 4 van toust annamania Jsabilla melnde swejndneght als laccectiie

1034 910 1442 106 en haereninden sonden te hamportenen

993 941 1934 176 4 vandeselve omde ½ vande fondden ophaere naemt ontfangen

993 1024 2169 150 4 van diteer baxcsfird o Coppens en sqisnouw ans melijn om

1049 1159 1198 109 vanden ½ op naere naem t ontfangen

986 1234 2313 118 ale de trampoetengenhier sjn vensoek aen douft: meljnde  wijn daegne

980 1282 2169 137 en aen dh coppens ieder een nottariaie catificaet uyt deregenc

994 1369 2162 151 te senden en mach coppan oren sijn aendeel te cornerpondan en

978 1464 2166 174 riuge ovventeu en vallen 29  benlaest nu oock sallen betaelt sjn

969 1549 2199 136 vensoecke oock de cken. coutant daen n ntelatende den gelden van

967 1664 2265 122 dadmmuntnaie ennnise vant nitto saldo in afwaghtinge heb dene

982 1776 321 98 te wesen

2308 1794 479 157 3 eber 1719

778 1804 726 183 Londen yr Edwand

1074 1880 2132 140 l 20 aengenamen van 3:10 a 13paisato ontfangen en gesiende

985 1993 2332 145 tramporten den fouosen van me. aunamaria de lannoy de swiendecg

979 2069 2343 127 Aen haere tweedoghters Jouff. manca anna sabella melijnde swijndiegn

980 2152 2300 127 enieurouw itlaxcatiesua bacoliua melijps vrouw vandh CF.S. Copperae

1001 2233 2255 135 de la chapiele ue envoordez in gevolge de noitareael les trachten uijt se

999 2295 2234 166 regeitens aen kan behandigue de rekeninge courantis wel bevonden

977 2425 2226 104 en wort con fom gesloten met wid iemere van ƒ611. a 367 n oplen

995 2483 2328 156 sos mertens: nais het vinsoeet over de forresewan goust van swijne regt

996 2569 2276 121 met haen ot met miy le coxcepondeen en oven die van metnous met

1003 2652 2064 126 haenen man ch Chanctferdmand tos Coppens delachapelle

988 2750 2307 126 gelpt joufs. van evijndneght met dannese breefen consameiende blijve

2357 2827 464 133 3 xber 1749

742 2860 813 151 Londen John Edwares

1101 2933 2081 120 mes te ie aengenamen van 13 pasato ue kome deken courant

1002 3020 2167 124 van mijn moeden sal gesaldert mee remise van £61.4. a 36. 2 1s

992 3114 2091 120 opin jor moetees aen mede confoim woit gesloten, nu

996 3220 2185 98 vensoecke oren de t7350. de ½ in 4 orstaen te sondsen voor mijn saeten

998 3262 2200 99 met haer man th H. seiddor Coppens & la chapelle a coxxerponder

993 3353 2203 94 enover dander zimee mij oft met eto sap mictnies melips mijne

988 3396 2370 147 neve die de goitheyt heeft mij teassisteren , bedancke voore inotandacl

989 3492 2017 106 aachten uyt de segerteres in heb deve met me t blyven

2127 3583 831 194 Ady 18 meert 1750

788 3595 972 192 Bouss petrus de sager

991 3731 2006 185 Engeslooten sal ul betinde A qentantien te weten

991 3850 2296 201 & quitantie van ƒ105et ten laste de eestaeter Jan brabant

1898 3959 1425 171 ten comptoire van dih Van de Velde tot

995 4055 2361 172 2 ditto van ƒ24:ƒ 24 ten laste de stadt Brussel welcke versoeck

1006 4216 850 129 pont fangen de Vryne

5891 184 112 105 209

5226 209 508 129 ue bivay 135

3476 197 776 147 London joure Edwards

3708 323 2204 118 met lldaengenamen van 12 passato dienderesoleatie vant baulement

3559 416 2283 108 op aeledenh ue anneuyten eed het koopende jaer nogh t ul2 volgende

3555 496 2301 96 daegen op s ese endaen naer op 3 u sjaens te wel omedelipk dat ments aven

3559 601 2371 138 teronen moet consentaen want onder tusschen een oorlogh op staende stelemen

3561 692 2336 97 sigh inde niisces van een haer capitael le connen veeieten de neke aennogh

3550 791 2379 99 viranderingen daecomen omdat den tyt naendirt dat men moet e

3559 840 1363 102 endehier nevens n consensementen van

3555 941 1186 109 £500: nieus teytzee annuetjten

3610 1026 1111 78 5oo oede uegt annaityten

3570 1093 2343 124 geteeckent opdenaem van Jonckno annamania melijn de swijndnegne

3562 1182 2384 109 op conditie ue det selve niet sal latenin schhepen aliop het cytrste point

3557 1263 2405 93 datmengenoot saecke sae sijn om tu capitael staende tehouden, geloove vele

3575 1336 2322 104 leden hen sullen indeniif cce stellen van geiems oviseen eod als soo

3566 1430 2268 108 een sihadelycke condetie de teeckenen betrouwendieus mijn sentement

3572 1493 1212 103 sal bescrveren soo blijvenes esteme
