7796 4685
4556 1220 1317 129 aascee 1703  en aaont fous de liee dor

3748 1319 966 170 de Lannoy du petit cambray

4904 1330 687 163 Ady 5 janu 1730

5799 1344 67 137 9

5808 1480 57 61 S

3815 1436 76 115 s

3858 1466 1915 188 inclination que nous avons a tous ouloir

3822 1570 2045 187 de bien joint a notre devoir m'engagent egalemen

3826 1678 1961 164 a ous en donner des marques al loesasion de

3814 1783 2047 113 ce renouvellement d'annie en cous souhaittant

3797 1844 2078 168 die meilleur lioeur die monde derant sone vours

3798 1960 2000 119 et grancs nombre de suivante toutes sortes

3843 1990 404 82 conkaers et

4676 2010 270 74 banbrager

3788 2012 1971 176 de prosperitiz et advantage que tous pouvez

3797 2103 2079 175 eayferert de ligneur accomp agnees d'iene par faite

3775 2181 2095 191 sante et permettes sil vous plaist que passiere

3790 2279 2000 179 Madame 'otre chere compagne des mes tres

3772 2361 1930 180 humbles respects et que je fais bien de

3803 2454 2032 182 complimens a toute & ofre chere famille en

5274 2591 299 63 areellement

3810 2599 2048 154 y soignant les mesmes souhaits  fait

3812 2688 2036 149 auosi mon lspouse ene   ous priant

3815 2736 1953 163 de les agreer elgalement de fa part et destre

3790 2862 1939 117 concrainceye quer nous tommes tous jours a vec

3808 2916 1510 169 un deritable estime et cectt yele
