7817 4685
2460 197 780 175 Ady 16 mej 1731

795 202 1369 186 brussel dhi peterbroeck solluiteur en cour

933 308 2293 168 J'ay differre de respondre a l'honneur de la vre du 4 courant p des

954 428 2326 194 empeschements mevitables, ayant l'honneur de vous dire, que ie suis

954 537 2272 197 prive de vre billiet des devoirs & debourses, que vous avez fait pour

936 642 2215 207 feu mons: de lannoy, a cause que mons: Coppens at fait faire

926 771 2233 184 consigner tous les papiers de la maison mortuaire, ce pour quoy

943 889 2290 189 ie vous prie de m'envoyer un autre billet, avec quitance, que vous

942 989 2262 176 pouvez faire p quelque amis, n'ayant pas l'occasion de vous le

934 1104 2263 187 faire payer a bruxelles, & de mettre d'avoir receu de moy danvel

945 1203 2015 222 gerardo melijn, & en cette attente J'ay l'honneur d'estre

2586 1330 506 191 Ady 25 mej

783 1341 875 221 furnhoudt wed: sanen

955 1495 2284 189 in lange geene occasie gehadt omons. te schrijven bj faute dan

927 1602 2253 199 comissinck hebbe van mijn vrindt ordre becomen voor 120 ps

942 1705 2271 220 maer wilt die beter coop hebben, als de voorige aen mij door

944 1828 2317 227 aen gelevert op 14 july 1730 als wanner daer 2 ps: ½ 3 segels

923 1935 2272 223 onder waren, waer van ƒ1:- wilt af trecken, die hij seght

936 2078 2262 220 te hoogh gestelt te siyel & noyt soo val daer vooren gegeven

952 2229 2228 206 heeft gelief gelieft mij de prijsen te notern, & w'annee

952 2367 2235 195 ul: de selve mij soude sonnel leveren, eijnde de soorten

955 2465 2254 225 ies aen den voedt dese, waer mede naer groetenisse blijve

1090 2611 753 161 40 ¾ grcot lost

1126 2727 672 205 10 ¾ groot Cost

1106 2825 1756 215 20 ¾ 3 segels  alle smalle strepen

1114 2970 630 202 50 4 3 segels

2635 2966 505 232 Ady 28 d

766 3079 1225 206 Turnhout Cuilliaem & med: Janen

973 3227 2296 188 de c. brief wel ontfanghen waer bij met verwonderinge sien, dat ul: sight

944 3321 2256 185 de prijsen van de lanst gesondene tijsen sonden geweelt sijn ƒ7:12

907 3462 2341 172 de f glort & dandere soorten naer advenant tgene seer abusief is

961 3556 2280 198 ue moet niet wel notitie gehouden hebben, synde die prijsen geweest

952 3679 2323 184 ƒ7:10 ¼ gcort, & de andere naer advenant met 2  rabat & els ul

925 3793 2342 201 die tot desen prijs, niet soude laeten soo tent geene, & bij aldien

959 3896 2300 203 ul tot die prys resolveert scont die toecomende donderdagt

955 4017 2223 206 mij toesenden alle smelle stropen van net ulder beste goedt

981 4158 1559 232 waer mede naer groetenisse bllijve

5396 201 581 171 ady p Jwny 1731

3376 204 1651 185 Turnhout Guillian Sanen & wed: C: ganen

3569 322 2347 177 us: brief van gisteren wel ontfangen benevent de 3 packen

3534 431 2298 180 tijsse die noch niet geopent hebbe nochte naer gesien wel

3531 537 2433 153 twijfelende oft sal de sele conform aen up notitie bevinden

3551 635 2400 208 & wat aengaet de rek. gelieve een ander te senden tegins

3568 786 2394 161 10st: met 2 pr rabat & uk can van het import desponn

3567 887 813 123 waer mede blijve

3534 951 2438 176 GeB. sal noch 50 a 60 ¾ 3 segets binnen een maent

3560 1080 1117 197 oft twee oeedigh hebben

5184 1087 767 189 Ady 2 Juin 1731

3358 1184 781 227 London Jon Canull

3546 1313 2437 212 J'ay reccu en son tems les deux cheres vres du 7 & 14 du passe V:S p la

3550 1459 2424 181 premiere une remise de  £100:- a 35:9 & ordre pour 220 ps tickes

3538 1580 2396 157 &  la derniere une seconde remise de £75:- a 35:9 avec un

3551 1673 2405 179 ordre pour 50 ou 60 ¼ 3 seales les 120 ps sont deja pacte en

3550 1787 2374 201 semble, & pour que vous ne deveroit point attendre j'usqua

3537 1898 2317 189 que vre remise seroit paye ie l'envoyeray aujourdhuy on

3531 2013 2348 194 Jundy prochain a bruges pour estre charge, dans le preive

3530 2118 2449 220 batean, qu partira pour londres, & l'attendray vo ordre pour

3536 2263 2434 180 les autres 50 ou 60 ps:  3 seales, j'ay eu une grande disfecuulte

3538 2396 2361 142 pour avoir les cotiques aus prix du. dernier balot N.58

3535 2489 2422 203 les files dont les tticis sont fait sont monte un sols p livre

3540 2598 2397 212 cependant ie suis accorde, pour les deux balots au prit de

3515 2756 2476 152 N.58 & ce qui regarde le 2ps ƒ 3 sealis ie ne peu avoir

3517 2845 2470 163 la refaction de mon ouvrier du ƒ1:- que vous me marque

3504 2987 2390 202 d'avoir trop paye il me dit que ie les ay eu 10 pattars

3541 3100 2409 206 moins, que bien un autre luy at payez & quil ne peu

3531 3235 2397 202 plus livrer au prix de ƒ19:10. ie vous envoyeray le

3505 3418 2385 110 facture & sognossement si toit que ie l'auray reccu

3502 3477 2409 134 de bruges de lel predits 120 ps. & en attendant vre

3526 3577 2213 227 ordre pour le restant J'ay l'honneur d'estre
