8036 4637
1610 515 1811 229 te supporen door de selve wedue verstesien is geweest

1617 670 1816 190 n welcke redene den heere van swijndrecht hem naer

1622 790 1790 217 swijndrecht voors hem getransporteert heeft op 11 jusij

1481 904 1952 242 1739 & aldaer de weth vergadert vindende aen bergene

1620 1029 1817 250 & schepene kennisse gegeven van de fraude de welcke

1633 1142 1803 234 hij presumeerde geschiedt te sijn ontrent den besten

1648 1310 831 190 pant hem competerende

1667 1428 1771 233 daer op hij heere bij schriftelijcken last den getworen

1655 1555 1717 193 officier in d'absentte van den Balline geordonneert

1672 1674 1755 193 heeft met schepenen hem te transporteren ten huyte

1666 1800 1737 160 van de voor wedue om haer andermack te vragen

1675 1908 1781 204 waer het pruijmen bedde is dat tharen huyte gewest

1690 2026 1614 157 is soo int leven, als naer de doodt van haeren

1673 2134 1788 214 overleden men daer op sij in presentie van den voors

1685 2213 1758 251 officier, greffier, & schepenen, geantwoordt heeft datt

1658 2322 1812 243 het selve bedde eenen dagh voor de doodt van haeren

1691 2482 1733 201 manne ofte eenen dagh daer naer door haet suster

1683 2571 1796 238 ofte sujagerinne weght gehaelt was seggende tselve bedde

1684 2757 1039 161 hae suster toebehoorende was

1710 2873 1690 200 daet op den officier met de schepenen t haer huys

1705 2983 1731 210 hebben gaen visiteren, ende op den older comende

1592 3081 1865 211 aldaer bevonden een pluymen bidde met pullem en

1709 3187 1746 176 hebben het selve in gevolge den schriftelijcken last

1725 3309 1731 194 van den heere gestransporteert ten huyse van den

1729 3420 1745 194 heere pattor dat selve prochie om aldaer telckse ne

1106 3455 107 162 -

1730 3572 663 173 te blijven berutten

1735 3640 1757 206 tis te noteren dat scheren d'acques de winter comie

1611 3751 1880 238 9 Jan de provintie van blaenderen tot beveren reaiderend

1712 3900 1746 209 comt te schrijven eenen brief aen deno heere pastor

1131 3895 82 191 ƒ

4014 497 1615 198 vant selve swijndrecht waer bij hij verclaest onder

4008 612 1774 191 presentatie Jan lolennelen hedt warachtigh te wesen

3991 717 1587 163 dat het selven bidde met den hoot prusines was

3981 830 1792 197 Competerende aen Clisabethe de bruyn sutter van den

3985 955 1687 153 overleden pieter de bruyn, die het selve bedde met

3981 1053 1789 192 hoeft penlinck aen haer broeder maer geleent en hadde

3970 1158 1726 192 tot alderstont ey in staelt soude wesen van een

3983 1277 822 188 badde te connen coopen

3989 1410 1784 145 tis te presumeren dat de selve Efisabith de bruyn oock

3813 1414 132 179 10

3981 1515 1781 164 sal presenteren den bedt te doen, dat het selven bidde

3994 1616 887 176 haet noch is compiterende

4422 1741 176 122 11

4441 1771 430 243 Aueriter

3985 1892 1790 157 op N.3 oft de wedue volgens de rechten aldaer niet gedaen

3988 2039 1692 143 eno heeft eenen valschen seot als hebbende te willen

3935 2134 1792 130 franderen het bedde dat voor den besten pant soude

3955 2248 1803 177 getrocken geweest hebben geconsidereent de voordere

3973 2357 1448 189 redenen, bij het facture breder gededuceert

3597 2490 2129 232 op N.4 op N.4. ofte den heere hem moet vergenoegen met

3805 2619 1924 186 dens pandt door den officier getrocken, in gevolge

3972 2719 990 194 den bedt bij de wed: sgedan

3955 2829 1832 173 & bij soo berre van neen ofte den heere niet en volstaet

4024 2951 153 90 met

3971 2947 1745 159 van de provenne van den verkoghten justacorp

3958 3057 1660 183 aen de wed:ter hant te stellen & het laeste

3965 3162 1821 197 afgepande bet & peul, voort beste catteyt te behouden

3971 3332 1752 181 ofte den keere niet en is gerecht geweest aengemerckt

3963 3434 1819 192 den gepresumeerdene dole & fraude sijnen offecier met

3948 3542 1841 209 schepenen te sinden naert sterfhuyse om de visitatie

3939 3665 1612 204 & de afpandinge int factuen gerberdt te doen

3958 3827 1802 210 oft den here van swijndrecht moet ofte gehanden is te

3953 3954 1761 195 accepteren den gepresenteerden iedt van S. Jacques
