8036 4644
963 238 2304 114 sal aen ue: voorders paert geven hoe het hier gestelt is &

964 295 2310 177 wat belanght de affaires met den heere pensionaris van hessel

963 433 2285 163 us can sien nyt de leste memoie, wan van de copye ck

959 552 2252 129 toegesonden hebbe, wat geschil datter resteert t' meeste is

976 643 2193 145 over de naelatentijote van de goederen door de moeder

966 747 2039 218 van dh: Lannoy saliger beseten, & geloove niet anders

950 840 2273 258 pretendert want de voorgaende ponten sijn geglistent

970 978 2274 174 alsoo mij aen hem de bescheydens daer van betoont hebbe

974 1112 2235 200 wij hebben hem sedert niet meer gesprofsen maer in de

958 1208 2242 214 leste bij een somtte hebben genoech gerematquert dat

964 1305 2256 234 hij niets schicht te geven, veel mun eenige presentatie te

964 1454 2315 174 doen, ingevalle de sasie in arbrters handen souden moetem

943 1590 2274 205 comen, soo gelieft soo goedt te sijn van mede te brengen

957 1718 2323 194 de partagie van de goederen, die dhe lanmoy saliger, gedaen

964 1843 2314 203 heeft gehadt met sijne mede erfgenamen, welcke partagie

969 1952 2264 215 mij aen ue ter hant gestelt gehadt hebben, vermits ue: de

970 2060 2190 211 by elsch goederen geslosen hadde, wij sullen de salle

961 2178 2156 233 laten berutten, tegens ue oversomste, & dan mondeliue

983 2320 2220 205 resolveren, om een eijnde te hebben want het waer noch

975 2472 2252 156 erger soo sulx niet geschiede in sijn leven. int schrijven

934 2567 2339 152 deres, comt men mij laten weten, dat dht londen is overleden

2591 2693 671 225 Joij quillet 1733

812 2808 1003 180 Lille monsr. vanderlaenen

966 2913 2206 172 J'ay receu celle qu'il vous at plut m'escrire le 7 courant p la

972 3022 2240 239 quelle vous me marque de m'avoir envoye p le messagier un

984 3143 2257 234 pacquce des papiers de famile pour metote en mains des juris

963 3311 2332 192 consultes dicy, ayant l'honneur de vous dire pour responce qui

987 3383 2220 215 ie n'aime pas me meler des affaires de famile d'autray,

981 3516 2296 227 ce pour qu'oy vous auray la bonte, de m'excuser de vre comission

958 3667 2264 221 j'espere mons: que vous ne trouveray pas mauvais que vre

970 3762 2255 265 placquee des papiers restera entre les mains du porteur a

973 3917 2052 215 qui vous pouvez vous advesser, & croire que ie suis tres

987 4051 637 219 parfaittement

5041 189 853 179 Adij 9 jullet 17338

3343 208 1288 180 Lille de lannoy du petit cambray

3454 290 2389 226 pour responce a l'honneur de la vre dhier, j'aij celle de vous dire

3453 430 2453 167 que j'ay este tres mertofie de recevoir p vre recomendation une

3456 534 2429 193 lettre dune personne que ie ne comlois pas avec une comissien

3455 629 2338 208 des pioces que ie n'ay gard, d'execiter, pour bien des raisen

3456 773 2377 173 & J'ay este fort surpres que vous venez me recomander telles

3472 855 2392 209 affaires a poursiuivre, ie veu bien vous dire, que ie suis dame

3449 965 2481 214 & de coeur, au service de mes parens, mais non pas des estranges

3459 1073 2357 223 sur tout en affaires des proced, puis que j'en ay eu assez

3405 1199 2488 212 du chagrin on mes propres lauses vous pouvez dire a mons:

3459 1309 2414 221 van der lanen vre amis quil ne s donne plus la peine

3393 1447 2463 217 de m'en importuner car samais, ie ne m'en meleray ie luy

3460 1556 2360 232 escrive aujourdhuy, que ie ne receveray pas les papiers

3458 1661 2461 191 quils retteront entre les mains du messagier le porteur diculy

3446 1821 2488 212 la qui il se peut adresser, pour en faire celon quil trouvera

3445 1926 2492 231 couvinable j'espere mon cher oucle que vous ne prendray pas

3448 2058 2470 221 de mauvais part le refus que il vous viend de faire soyez

3466 2221 2436 173 cependant persuade, que ie suis a vre service en ce quil

3464 2302 2248 207 vous peut toucher de mesme a toute la parente

3475 2423 2465 169 madame melijn, vous fait bien des compliments comme

3470 2537 2456 235 aussij a toute la famile permettez que i'y jpique aussij

3466 2669 1397 179 les miens estant tres sincerement

3463 2803 1268 244 les plus fameux advocats sont

3471 2892 2103 247 mons. Mertens, van can, vinckn pardenboregen

5215 3025 721 212 Adij 12 julj 1183

3347 3085 682 193 Doel wed: le page

3467 3172 2420 245 als ul op 12 tebrw. laest hier wat, heeft ue mij vesoght van

3455 3320 2369 208 niet te schrijven, & dat wel soude oppassen, &int cort gelt

3455 3416 2488 174 brengen voor de verschene packte tant jaer 173 hebbende

3468 3566 2469 208 wenwel, sedert van ue niest vernomen, veel min gelt becon

3460 3700 2236 215 tyene mij obligeert van desen ue te schrijven, & on

3427 3815 2528 231 indachtigh & maken van my te comen betalen, sijne ma

3446 3954 2451 221 als bedalijckk dat ue het voors jaer packte s omt voldoen

3467 4082 2401 208 l seyde dat den volt 1232 als dan noch in de schiuve

3458 4211 2342 223 lagh, die selvolijck nu al daer uyt is, & vercoght
