7919 4644
2423 198 701 201 Ady 12 gber 1731

716 238 1323 183 Brughe Laurence van rentergen

899 390 2316 187 beyde ue: aengename ven 24 past & 12 deser op uen tijdt ontfancken

912 463 2276 223 met den eersten mijne rek courant die vervolgens gesloten

923 576 2243 230 hebbe, & ul. op in ne rekk. gecrediteet in £19:15: &  wissel

909 709 2342 209 gelde hadde aen den voerman lieven dobbelaer die somme

890 802 2347 228 mede gegeven, om aen ul: te betalen gisteren is ul laeste

905 915 2286 224 brief door van wanghn aen mij behandight met advies

912 1022 2238 221 vanu1 traitte van £23:1:3 en courant gelt & alsoo

917 1135 2279 184 ditto dobbelaer noch noet vertrocken wat soo hebbe ue

928 1269 2284 188 voors traitte promt voldaen voordert versoecke int

922 1369 2216 240 toesomende het woordt coopman niet meer te stellen

934 1478 2332 244 op u p brieven waer mede naer pretentatie van dienst

904 1655 1544 197 I sier ordiale groetenisse blijve

2482 1647 737 264 Adij 23 gber 173

768 1797 793 228 melsele Moonssens

925 1907 2321 248 geschreven om te weeten den ris vande eerstert,  oft daer

917 2045 2270 218 mijn gerieft wagh uy shaelen, vant beta hoof van

930 2153 2058 224 den roffier & ilotitie gesonden van andere

948 2291 1457 190 on df den ombrenmenten p

2520 2272 690 233 Ady 22 gber 1731

897 2442 869 176 ijsel wed: theodor Van Zeller

923 2515 2284 236 J'ay receu en sontems la tres agreable vre du 4 courant y joint vre

934 2627 2259 231 traitte de £72:12:1 et de gros de change, a charqes des hentiers

928 2808 2291 171 de sui mons: de Lannoy payable a mon ordre dont vous en este

945 2870 2266 211 credite, vous priant de solder le compte de fen mons: de Lanney

939 3000 2297 228 que vous aver avec luy ie vous suis bien oblige de ce que vous

945 3121 2312 209 auray la bonte d'observer la menoire que ie vous ay envoye

955 3215 2232 239 & que vous payerez a l'un & a lautre comme il doit estre

961 3356 2307 218 of in que nous ay ous cheequu la motke de revenies de lilte

944 3455 2211 193 lay solde le compte courant des heritiers de feu mont. de

948 3587 2304 247 swijndrecht, & vous este debite, pour solde a compte nouveau

958 3702 2125 267 pour ƒ 2220:16 outre pour ƒ 73:6¼ que vous aviez

957 3843 2332 247 receu de phisippe de le piere, estant p reste & En satisfaition

950 3962 2300 222 de lanne escre a la  remy 1730 a lavenir il doit estre

964 4097 2209 226 pour compte de mons. Coppens, ne restant plus pour la

989 4254 2295 197 comumante, que les ƒ1400:- que boussemait doit pour

3436 173 2468 120 depouille 1730 tous les refections, qui le devront faire a l'avenir

3405 271 2420 166 son pour compte de mons: Coppens, j'avois sme, que vous m'auviez

3431 355 2365 194 renvoye le compte courant redresse, que vous avez eu la bonte

3416 471 2344 205 de m'envoyer p vre agreable lettre du 20 xbre passe, vous

3420 551 2138 235 priant, e ne lenvoyer redresse, & d'annoter ie tout

3423 684 2344 204 ionformement avec moy, & vous uu ferray plaisir, si vous

3440 769 2369 241 voudriez me crediter pour les ƒ1255:1: de lille, qui me

3437 875 2437 241 reviennent pour ma part celon la memoire voys envoye

3410 1030 2347 148 en compte que nons avons ensemble la change an cours

3403 1111 2443 209 dheujourdhuy sur anvers mons Copsiens at ette iay, passe

3428 1256 2356 248 quelque semaines, sans quil s'est donne la peine de

3438 1378 2284 200 venir chez nous, quoy qu'on luy fait tojours tous les

3427 1504 2405 179 honettotces possibles, & pour escontre, il ne fait que nous

3455 1630 2398 162 chagrine, & cela pour recompense des biens, & avantages, que nous luy

3438 1718 2411 207 avons donne nous ne pouvous pas considerer la raison, si non, quil

3421 1859 2398 163 tache, de loigner sa temme de la doeur madame melijn vous est

3444 1933 2339 218 bien oblige, de vre chere souvenir & elle at l'honneur de vous

3428 2074 2340 203 faie ses compliments, & a toute vre chere famile comme

3447 2187 1353 207 eluy qui est avec biet du respect

5145 2215 684 204 Ady 28 gber 1731

3332 2329 808 153 London Saiel Swinfen

3442 2406 2445 177 le 20 sbre de lannée passe 1730 fut a vre grace ma derniere, a la

3446 2572 2434 175 quelle ie me referre, depuis sans l'honnneur des vres, mon frere Jean

3441 2632 2303 193 michel melijn, n at cominique l lettre que vous luy avez

3469 2774 2389 140 escrit touchant le remboursement de six pour cent du capital

3440 2844 2364 223 des annuities, & En suite ie vous envoye cy jout la quitance

3465 3032 2346 185 celon vre formulaire, & ie vous en ccy debite, pour  £60:-

3464 3132 1601 207 vous priant de lanneter de conformite

3459 3202 2343 230 somme ie souhaite, que me mille livres sterliux d'andities

3477 3377 2306 187 seriont complete, ie vous prie d'achetter pour mon compte

3465 3514 2377 180 les soitante livres, qui me seront rembourse, & de les faire

3457 3617 2397 190 mettre sur mon nom, afin que ie resterois crediteur, pour

3468 3721 2374 226 les mille livres sterlins & ayant estecute cette ordre, ie vous

3483 3859 2355 213 prie de m'envoyer mon compte courant, & de me remettre ce

3448 3972 2337 243 qui me reviend pour solde en une bonne lettre estant

3857 4108 1073 208 Copiye Van dassignatie

3479 4176 162 117 sij

3476 4231 2404 204 pray day to mr. Samuel Swinsen six pounds &cent principal
