7823 4678
2536 202 573 180 Ady 3 junij

781 204 1308 158 Rijsel wed: theodor Van Zeller

951 314 2232 220 mons. Cgidius Van lay portour de cette c'est bien vorlue

944 428 2276 206 chargen d'un bonne, que mon espouze luy a donné pour

937 547 2284 187 vous le mettre en manrs dont ette le donnera l'honnneur

925 664 2318 210 de vous escrire p la poste, le predit s, qui est mon couden

928 779 2230 229 est avec les demoisselles les tilles dont la caditte wat

918 906 2349 226 demenver a marquette, & En cas quil pourroit avoir besoing

926 1040 2196 193 quelque argent ie vous prie de luy fournier autant

930 1136 2341 237 qu'il vous demandere sur la quittance & vous obligeray

937 1306 2304 247 celuy qui est avec bien du respect Ady 9 uuny 1721

751 1439 1116 177 Brugge lauvenie van rentergen

902 1556 2358 172 u6: mij seer gecestimeerde van 19aug: vant voorleden jaer 1730 is tot nu

956 1675 2318 185 toe onbeantwoordt gebleven bij faute van materie de comissien van tijk en

930 1781 2330 137 tallen soo dux gesaeyet, sijnde de moeyte niet weerdt dat men sich daer

937 1906 2296 143 mede bemoeydt, even wel men dient noch gaerne sijne oude vrinden

927 1980 2334 230 & orrespondenten, desen tot advies als dat op gisteren aen ue toegesons

923 2151 2336 146 hebbe een pack  N.59 inhoudende hondet & twintigh stwelk en tijtien

957 2244 2203 208 wegende  g00 het welck vervolgens gelieve te verclaeren, te

939 2353 2333 202 versenden, op london, & eerste vertreckende schop, &t selve te advessern

946 2484 2262 186 aen dh: John tatuall tot London, & soo haeft mogelijck aen mij de

928 2620 2342 188 resteninge van oncosten, genevens het cognossement, twelck afwaghtende

950 2716 1345 195 blijve naer seer minsame groetenisse

2583 2734 650 195 Ady 16 jun 173

780 2814 712 205 London John Jatuall

948 2875 2294 259 le 2 jesme du courant fut a vre grace ma derniere, a laquelle ie me rese

934 3029 2331 161 depuis sans lhonneur d'auqune vre, celle ne servira, que pour vous envoyer

943 3175 2327 164 cij joint a facture & sognossement d'un balot N.59, contenent cent & vingt

928 3235 2315 211 jes tices, montant en argent de change ƒ1235:16 ettant charge

956 3390 2299 144 dans le bateau de pieterheye, qui est partie de bruges, pour ostende

959 3483 2299 167 y attendant le premver vend favorable pour faire son voyage de londres

935 3621 2274 158 dieu le conduise, & vous laisse recevoir le ditt balot bien conditione

945 3719 2266 173 estant en attendant vre ordre postire a legard de 50  3 seales

933 3836 831 178 & suis des sincerement

5211 207 666 167 Ady 20 junj 1731

3386 222 917 166 Rijsel wed: theoder Van Zeller

3426 288 2513 145 vre agreable lettre du 12 courant nous at ette rendue p mon courin mons.

3524 413 2426 169 laidrus dan laer avec une lettre de change sur le S. van bessel payable a

3533 520 1774 152 u la quelle ie vous renvoije cy joint accepte

3549 611 2408 156 nous vous sommes infinement oblige pour tous les honestetees que vous

3555 704 2395 161 avez bien vouleu lay temoisner de mesme pour l'importune coission

3555 803 2389 139 dont mon espouze vous en at charge si librement le bonne que mons.

3546 889 2423 143 van laet at epporte, vat parfaitentent bien, ce n'est quil est tant sout

3555 1000 2417 198 peu plus grand, ce pour quoy elle vous prie de recomander a la faisseuse

3535 1107 2439 147 quelle ne les agrandy point d'avantage, mais le plus aprochante qu'elle

3549 1209 2414 193 peu a celle, qu'elle at pour modelle, & elle l'en passera avec une doutau

3541 1360 2419 148 si vous voulez bien avoir la bonte, de les faire faire, & excuse la liberte

3539 1440 2369 155 sil vous plait de vous avoir donne tant des peined, il nous seroit

3534 1544 2431 211 beaucoup du plaisir d'avoir les occasions de vous pouvoir estre

3533 1678 1091 153 en ders quartiers de mesme.

3525 1701 2423 245 s'avois priez mons: van Laer de vous dire de bouche comment les affairs

3535 1861 2307 179 des estats de brabant sont avance, a legard du lave de largent sil

3547 1976 2338 225 ny a point d'aypparence j'usqua pretent, cepend ant cela peu veur

3522 2128 2420 182 fout dun coup, dont ie vous donneray part en tems il est chagrinant

3546 2227 1643 173 qu'on doit tenir son argent prest a rien faire

3548 2256 2356 218 il est bien que vous avez unote le tout de senformite a ma lettre du

3528 2445 2337 188 j may qu passe, & nous avons fait de mesme celon la memoire

3538 2544 2359 193 que vous m'avez envoye, p vre lettre du 27 avoil de ce que vous

3525 2635 2330 196 aviez reccu de boussemant & du S. courat comme aussij ce que vous

3539 2749 1846 193 avez receu depuis du S. despaing & de francois B

3535 2822 2411 243 mons. van Laer nous cot connonque le mariage apparente de ne

3516 2976 2364 145 Cousume de lannoy avec un ingenveur du Roy, le ne doute point

3517 3104 2401 177 comme elle at asse d'esprit, & n'est point dans une grande jeunesse

3538 3243 2346 140 quelle ne l'entreprendra point sant vre consul, & au gree de

3526 3357 2296 160 toute la famile mon espouze vous assure de les respects

3537 3458 2370 176 en soignent icy comme moy bien des compliments a toute vre

3521 3545 2398 219 cllern famile gestant a vec un veritable estime & offres de my

3522 3701 341 148 services

5076 3721 805 189 Ady 22 Juny 173

3339 3791 834 196 tabroeck Joseph Cremers

3522 3871 2412 181 op 12 janu. lest was aen ue mijnen laetten, waer bj ul versoght hadde

3531 4022 2433 187 van de vervallene croisen te comen betalen gelijck noch van te voore

3520 4136 2427 178 p mijn nissere de dato 22 ber 30 gesaen hebbe sedert noch

3513 4284 2342 173 gelt noch antnvont becomen synde nu ontrent 2 suren & half
