8084 4671
2507 193 687 165 Ady 15 april 1739

865 190 717 172 London Josu Edwards

952 315 2290 171 d'eere van uf: seer aengename van 14 xber 1739.8:5. op sijn tijdt wel

986 405 2321 187 ontfanghen, ue gedane remise van £90:- a 36 ƒ is op sijn tijdt a 1½ uso

992 521 2327 196 betaelt, in plaette van 2½ usos, & ue: is vervolgens daer vooren gecrediteert

969 638 2278 179 de versoghte brillen sijn my sver schipper pieter de vadder alhier ter

1011 742 2255 167 hant gestelt & hebbe de selve wel bevonden, bedanckende ue: voor

999 832 2202 211 de moeyte daer ontrent genomen. ul heeft vergeten de notitie

999 957 2121 213 wat de selve brillen gelioft hebben in te shuyten, twelck bj

1008 1066 2042 222 occasie gelieve te doen om ue weks daer vooren te crediteren

1002 1185 2267 187 men seght hier, dals dat het parlement a costj soude gebesoweert hebben

993 1289 2130 219 van eene lotterge op te rechten, tot tijff ponden sterlinde der lot

982 1399 2248 188 dit soo sijnde, versoecke van voor mij doij loten in te schrijven,

994 1548 2209 177 de numeros daer van, aen mij bij tijde toe te senden, dit sijnde

995 1637 2224 203 het noodige desel, & blijve met presentatie van dienst & naer seer

1018 1800 863 158 minsame groeteniste

2461 1794 671 219 Ady 17 april 1739

852 1905 888 176 Melsale Jan B. Mocusseus

1020 1958 2207 245 ick: aengename van heden is mij door schepen haet selfs ter hant gestelt

986 2118 2238 188 daer in bevonden het extraet uyt de rekeninge waer bij blijckt dat de

1006 2224 2214 211 ƒ9000:- Capitael wissel gelde gelicht sijn van son. Melchior dellea

1000 2349 1040 194 flille in dato 25 Jang:. 1694

1013 2412 2274 210 e de laette overgeleverde rekeninge, bevinde, dat de croisen betaelt worden

1002 2564 2242 177 aen melchier dille faille heere van waerloos, soo dat supponere dat

989 2683 2264 202 die penningen van ditto waerloos, selfs gelicht sijn, ue soude alle de

1010 2803 2221 159 volgende rekeningen vervolgens eens moeten naer sien, oft ontrent de

1022 2924 2211 171 betalinge van toisen, geen veranderinge is geschiedt want het onde

1002 3002 2240 256 gebeuven, dat sijn vader oock melckier genomt is geweest. voorders

992 3157 1970 142 ue: maet sorgen, dat den ontfanget betaelt het saer crois

1000 3275 1206 154 vertallen 25 aug: 1738 lest leden

1005 3337 2249 213 om alles noh beter te weten, ue can informeren, oft dien ontfanger

1005 3466 2228 185 die die capitale somme ontfangen & geneten heeft noch uet leven is,

1022 3578 2179 205 tgene soude sonnen gebeuren, sijnde maer t5 jueven geleden, oock

1019 3717 2184 145 soude de sonde schepenen van dien tijde tselve connen weeten,

996 3834 2304 181 men moet niet te haestigh sijn, & daer crois moet eerst betaelt sijn

979 3919 2155 175 & dan de voordere informatie nemen dat ue de quitantie vant

1011 4053 2154 191 daer 1695 a 6 a 97 sonde confronteren tegent die van als ue,

1021 4149 2177 221 dan soude men connen sien, st het de selve sugnatdre il. tot

3510 213 2415 151 ftuk: goiverno. tis wel dat ue de procuratie, benevens het goudt & silver

3501 321 2424 122 van den ballics gelight hebt, ondersoeckt noch als voorseydt de rekeniege

3482 395 2385 169 & laet mij weeten, wat ul hier ontrent sult connen ontdecken, can ue

3515 490 2366 181 niet weten, tot wat eijnde die penningen gelicft sijn: die rekeninge

3509 597 2305 193 tant jaer 1694 sn daer van al iets melden, oock ofter oetroij y

3495 709 2366 185 geweest tot die lichtinge, laet mij oock eens weeten, ene comistant

3515 821 2300 187 tot aenhooren Jan onse rekeninge gevallen is, ue van heben

3497 954 592 160 groetende blijven

5053 933 725 211 Ady 13 Juny 1739

3411 1056 630 172 Londen John Edwardd

3504 1118 2383 189 ue mij seco aengenoeme Jan 18 pass d.s. wol ontfanghen daer bij not tie

3507 1287 2416 148 jant gene us: voor mij geincasseert hadde, van mijne brandtsen sijnde als volght

3491 1395 2400 168 S rentun Jan  £1000: niuwe  anu. vers 25 xber 1738. £ 20:0:0

3479 1494 2408 146 divident ..„. 234:7:6 huys: fetren .25d ... „ 3:10:3

3500 1621 2259 139 divident „ 2000:- banckk aetven ver 25 meert 1739 „ 55:-

5445 1700 458 121 „ 18:12:8

3492 1685 1762 198 nenten .„ 932:13:4 oude huys alndth 25d

5074 1793 851 179 samen £92:2:11

3494 1901 2397 163 waer vooren ue: conform hebbe gedebiteert, & in tegendeel hebbe mede

3488 2052 2418 117 ontfanghen us remise Jan £600:- ten laste serant van Wanghen

3463 2155 2442 134 de date 7 pass a 2 usos, a 36:3 et welcke is geacceptaert & worrt lek bj

3486 2248 1357 166 tijde voor dis selfs weirde gecrediteert.

3483 2358 2440 150 voorders sien, dat de aenstaende lotterie volgens vapert vaedt vol

3475 2464 2448 145 schreven soude sijn, & dat ue sal trachten voor mij daer inne 3 loten

3478 2579 2392 186 te besorgen dat wel is doch vinde niet geraden daer aen zanigh

3462 2672 2373 227 avende te besteden. hebbe ue wek: ten dancke gecrediteert voor

3479 2814 2428 197 12 p voor soo veel ul betaelt heeft voor de gesonde brillen

3474 2965 2320 115 met het lujtee dit sijnde het noodige deses, & dat naer sir

3476 3066 1157 165 minsame groetenisse blijve

5103 3108 730 195 Ady 26 joly 1739

3410 3172 1059 197 wijndrecht mijn heeft ballua

3474 3300 2394 199 alsoo niet het overleyden van senno verbraken, mij nrouwe  an B

3422 3422 2471 204 de longe, begraven op 14 juicij laest mij soude competeren den betten paut

3474 3529 2435 199 off in gevalle de selve vrij soude sijn, der sertirdeatie van vrijdon aen mij

3471 3678 2364 161 soude moeten over gelevert worden, & terwijlen ditto de longe in more

3470 3752 2462 212 blijt van aen d'een oft dander te voldven, soo sal ul benevens boog. & schepen

3450 3874 2451 190 ashaelge den selven den betten paut bien sijne overledene huysvrouwe, &by

3440 3986 2446 189 ffaute dies, ofte refus, sal in mij overleveven schriftelijck velaes in forma

3428 4112 2471 139 desen dienende tot schriftelijcken last sonder van voordere te moeten

3436 4206 2450 193 doeeren, & in cas van noode, hier aen de annetteren den segel competent

3458 4270 1318 199 wan op mij vertrouwende blijve
