7817 4692
2445 194 752 181 Ady 5 gbre 173

750 189 1379 209 Brussel J:B: difkraula president

929 297 2217 187 vrs agreable lettre du 30 du passe, m'at este rendue ble s: bourgeus

917 449 2286 110 en respence de la quelle j'ay l'honneur de vous dire, que vous devez

904 535 2320 189 confesser vous mesme, que ie n'ay pretende du premier instant, que

927 621 2334 170 ce qui consistoit en droit & raison, & si on avoit commence alors la

934 750 2259 220 purge, il seroit desa fime, vre seia. auroit pu je servir de

906 869 2323 196 l argent de l'achapt de la rente, car personne ne le deffaira

886 1009 2402 143 de ses deniers ce n'est quil est bien & convenablement herite, en

918 1077 2378 217 ayant un bien francqs & allodial, pour libre argent & plustost que

924 1184 2384 227 cette pooge s'un aecomplie, & que ie serai herite convenablement

910 1315 2209 213 avec unslibre titre, plustoitt que les denvers de la vente

927 1443 2259 158 suivrons les quelles ne peurent estre touche au paravant

918 1566 2196 188 puis quils sont presente en iustice, & reposent teclement

906 1702 2232 180 obsigne & sachette tout ce que ie peu faire de mon cotte

897 1763 2326 194 c'est que si vous faite a vos frais & depens la purge sur

916 1920 2217 159 mor mone comme achetteur, & que vous le poursiuivie

903 2054 2211 170 jusqua l'edecution, au plustoit possible, & que vous me

910 2166 2187 209 herite avec un bon forme & libre titre, & que sil ne

895 2318 2354 179 dureroit, que trois ou liz mois tout au plus lix mois

893 2424 2130 192 pour vous semoigner me candeur, c'est que ie vous

873 2536 2419 232 donneray, au dessus de la somme d l'achapt lunport

897 2639 2413 196 de l'interest des dits trous ou six mois que ie tireray de la

905 2777 2288 244 ditte vent, avcc quay vous pouvez refondre, ce que vous

875 2935 2400 231 devez payer a mons: le cossier Baut & alors vous ne

889 3044 2369 219 seray pour ce tems la en deux interest, cependant

927 3188 2324 224 il vous plaira penser aussij que ie sera, alors pour

915 3374 2204 124 ie tems la sau recevoir au q'un intwest ou ues

896 3447 2300 191 deniers seront aussij oisif, ne pouvant lu en servir,

917 3583 2345 218 puis quils sont obsigne en droit & eachette dans un

909 3722 2088 218 sacq jainsy que ie seray pier de condition & plus

910 3889 2359 188 prejuditie touchant linterest pour ce tems la, que vre

902 4002 2381 194 g ce qui peut vous convainere avec combien de

908 4132 2333 172 soncerite j'en agisse a vre 8gard ayant l'honneur

889 4295 943 158 d'estre avec respeste

3478 191 2445 189 si vous faites la ditte purge sus ma non, ie vous

3492 325 2294 161 prie de mettre simplement man noim, sans y joindre

3497 439 660 130 augune titre

5098 439 698 230 Ady 11 sbre 1730

3341 539 828 190 Brussel J.B: S. Franla

3520 648 2402 218 J'ay receu l'honneur de la vre du 7 courant y joint un proieet de la proceue

3504 773 2418 209 que vous souhaiteriez que ie donnerois a vre procureur le S. Jean Bap

3501 904 2434 188 de soeck procureur au souveranmd consiil de brabant que j'ay l'honneur

3520 997 2237 168 de vous renvoijer signe, pour que la purge de la rente que j'ay

3510 1137 2459 182 achete de vre 19 le fasse au pluttosé sur mon nom, mais cependant

3509 1247 2447 198 a vos frais & cepends, comme vous me le marque tant de la ditte

3542 1365 2407 193 purge, que des proces, qui pourroient resulier de la ditte cause,

5466 1442 503 165 n la main

5833 1561 134 136 Ce

5820 1712 76 128 s

5809 1811 143 130 bej

3510 1850 83 189 t

3513 2019 73 73 e

5792 2170 116 170 de

5802 2514 149 146 ente

5800 2631 141 153 ous

3485 3309 324 142 &le

3516 3402 167 160 1p
