8097 4651
1032 194 2161 140 dat melsele bock belast is met £3600:- & verneme, dat

968 283 2301 131 den stadt honder aen dhe schilder geschreven. heeft om die somme

1039 399 2228 111 gaen hem te lichten, ick soude geirne in die lichtinge paert

1031 491 2283 125 hebben, voor £1000:- daerom vigileert & gelieft sorge te dragen

1009 585 2311 181 dat die somme voor mij open blijft ick sack borgn. Ischepenan

1015 687 2185 128 gden stadt houde in cas van noode, daer voor eent spressen,

1021 792 2110 166 tis mij leedt dat ue fleuresijn soo langh duert trant

1037 902 2015 202 moete ue noortsaeckelijck spreken waer yede blijve

1033 1018 1651 199 weet mij oock eens te seggen niet hoe vel

1001 1127 1917 199 capituel de prochie van melsele anterieurelijck

1038 1249 1463 215 belast is, & hoe groodt de prochie is

2232 1357 836 217 Ady 19 febru:. 1738

929 1417 484 214 Gent Coppens

1036 1486 2043 241 ueions seer aengename 16 deses wel ontfanghen

1048 1691 2232 173 wat nu belanght om penningle aen te leggen op de leden van

1032 1820 2058 174 vlaenderen, soen uyt ak. glearde de moeyste die ue: daer

1027 1914 2165 219 ontrent genomen heeft waer over uk hertelijck bedancke

1006 2039 2266 217 de antwoordt is ser onseier evenwel soude mjn peninge

1022 2141 2157 233 ter somme dan thier a twaelt duysent cudent daer toe

1023 2273 2211 231 moeten laeten leggen, ingevalle ue: oordeelt die versoghte

1038 2383 2197 253 somme soude connen geimployeert worden het welck echter

1037 2530 2208 212 wil doen soude meeer als ul ont hue & een maent ofte

1032 2670 2179 177 ses wessen niet soude connen ten rechten comen sonde als

987 2786 1985 163 dan occasie hebben, van anders daer of te sonmen

2094 2905 151 109 ot die

1027 2873 2241 253 disponerens versoeckende van tijdt aen te houde, & oft het

1020 3034 2229 223 gebeurde, dat het versoeck sijn effeet soude hebbe van bij

973 3197 2284 148 tijde mij te laten weeten om de penningen te connen

1027 3294 2247 197 remitteren, oft wil die somme hier te moeten betalen gelijck

1017 3435 1484 207 het lichtelijck soude sonnen gebeuren

1027 3546 2173 206 marie boon heeft voor desen ul doen vragen, ofte haest

1021 3682 2161 206 wat come soude dat sj in den vasta wel wat noodigh

1023 3796 2220 156 soude hebben, soo die thier ponden courant geltt d ie ul gelieft

1038 3925 2205 163 te ordonnncoeur aen haer te betalen sullen naer wel comen

1042 4047 1131 208 godt salt ue loonen

5152 200 711 154 Ady pm mart 1738

3405 210 1007 190 Lille de Cannoy de la vaiere

3488 322 2387 204 eusuite a l'honneur de la vre ou 24 pesse, J'my l'honeur de vous

3491 443 2296 203 marquer au pied de cette le change sur paris londres & la

3479 553 2418 176 hollande, comme ont at negotie avanthier icy sur la tourse maiy

3498 700 2286 189 dicy sur lelle il ny en a pas un cours fize pour le pouvoir

3482 818 1623 184 moder estaust le suject de cette & suis &

3495 919 387 165 Pars 56½

3487 1024 1831 215 Amstm Praye a ¼  avance pour les lettres

3475 1164 593 170 London 34:10 en

3491 1288 235 138 Lille

5098 1367 756 252 Ady 4 meet 1738

3387 1495 1580 184 brussel mons. Lauwarts Procureus tot brussel

3445 1655 2445 138 twijfele niet ofte den heere advocaet iittertens heeft ue: toegesonden sijne

3492 1734 2320 144 opule tot het beantwoorden van de nuwe resciptie door den hetmilt

3473 1859 2406 203 liser ingedient dit is wederom een tentatief om te sien, oft hij iets sonde

3491 1958 2445 175 becomen bij accoorde. twelck nooiyt sal geschieden evenwel wille geene

3505 2126 2371 134 presseringe, niet anders als refensive te ageren, om dat maer tegens

3500 2203 1214 191 mijn einge borse sonde procederen

3474 2299 2455 204 ick hadde al aen den boie van bracht ordre gegeven, om ue ic beneve

3461 2420 2475 188 die van den heere advocaet gustel te betalen, nint te min, gelieft ue die

3482 2533 2445 203 ick betaelt bij provisie sa lur gelt ul toesenden, & cont daer bij stellen

3446 2637 1232 202 =gene ues tot hier toe, is comende

3458 2771 2464 216 voorders sende an ue hier benevens eenen ienten brief gestipuleert

3471 2895 2273 216 met condemnatie vosont aire, welcke versoecke in sijne ma

3462 3038 2424 209 souverijnen rade van brabant gelieve te laten verniuwen, & de notitie

3488 3175 2379 180 van oncosten benevens de verniuwinge mij toe te senden, soo haest

3488 3267 2342 206 mogelijck om mij daer van te bedienen tis emen quaedla betaelder

3480 3398 2409 180 hebbe die rente opgeseydt in dato 24 Jand. 1735 leqins den penninck

3485 3515 2440 194 16 ingevolge de stipulatie evenwel is bij de 3gueren ten aelteren

3465 3632 2445 237 usantuordt benevens de verniuwinge afwaghtende blijve naer

3458 3767 715 193 Adialle groet aisse
