8077 4644
2554 209 645 137 Ady 6 xber 1734

862 220 1057 164 Lille de Lannoy de la raiere

2352 312 142 60 me

1018 309 2165 151 J'ay receu en son tems les cheres vres, du 30 aoust, & du 8 gbre passe

1016 408 2240 182 p la premiere avis de vre traitte de mil quatre vingt douze florins

1014 510 2266 141 dixhuit sols de change payable a l'ordre de mons: van heck, p la

2323 632 54 60 1

1020 624 2231 164 seconde de mesme de vre traitte du 4. passe de trois mil florins

1017 731 2238 183 argent courant, faissant en argent de change, deux mil cincq cent

1007 810 2276 185 septante & un florins, huit sols & demie, ie dis ƒ2571:8½ payable

1010 943 2276 170 a l'ordre a veu de mons: le marquis de deynse les quelles traittes

1010 1069 2221 172 J'ay payez a la presentation, & vous en este debite com

1011 1136 2234 230 Icy dessus, vous priant de lannoter de conformite, & me croire que

1007 1252 2210 192 ie suis aprez bien des compliments a toute la famile, de mesme

2733 1363 482 192 Adij 16 xbre

1003 1418 1153 157 de la part de madame melijn

870 1474 1901 217 Weenen dh: Poisa dies agent au Conseil supreme de flandre

972 1626 2278 126 depuis ma derniere du 26 du passe, j'ay receu l'honneur de la vre du

1022 1720 2087 204 27 ditto, p la quelle vous me marque, que le conseil supreme (

1008 1854 2272 172 non obstant les memoires, que vous aviez presente) a prit la resolution

1011 1927 2245 213 generale, de n'accorder jamais plus, ni tenant ne banderoles, dans les

977 2051 2298 179 patentes de simple annoblissement & que pour cette raison, vous avez

1034 2177 2183 174 este oblige, de suspendre nre affaire, ie suis tres mortifie, que nous

1026 2306 2233 161 vous donnons tant de peine, alla fin, ayant considere toute chose,

1026 2374 2177 230 nour avons resolue, de presenter requete a la Maj pour obtenir

1008 2491 2189 195 ses graces, pour confirmation de noblesse annoblissement en tems

1004 2607 2171 180 que de besoing, & chevalerie avec temans & banderoles celon les

1017 2729 2253 192 armes peintes deja Envoye, pour & au noms de Jean michel melijn

997 2874 2252 182 de daniel gerard melijn freres, dont les droits monteroient celon

1034 2963 2223 191 mon calcul & vre lettre du 6 gbre passe, preverement celon la

1012 3080 2284 194 taxe, que vous aviez fait avec mons: le secretaire pour annoblis

1022 3162 2176 224 annoblissement en tems que de besoing avec tenaus & banderoles

1023 3295 2238 165 & la couronne dor, pour Jean michel melijn & daniel gerard melijn

1008 3394 2181 221 avec tous leurs descendants tant males que femelles ne & a

2699 3516 481 155 ƒ 892:25

1042 3558 448 140 n'aitre &

2664 3620 491 122 8:-

1038 3641 1112 170 au quil on ajoute pour la poste

2743 3705 333 134 .1:-

1044 3752 480 143 pour le portier

1027 3734 2148 233 pour la moitie du droit de la chevalerie de D:G: melijn ƒ901:45

2742 3880 440 163 . 409:30

1014 3922 1014 167 suis quil en estoit pourvue

1016 4008 1757 180 pour mon frere Jean michel melijn, aussij la motie puis

1019 4077 1722 174 quil n'a point este compris dans la chevalerie & que

1018 4187 1786 194 deux freres, ne payent qun taxe & demie c'est dont

2788 4257 434 154 .409:30

1045 4302 909 166 pour luy aussy la moitie

1892 4341 1354 127 en tout pour la patente ƒ1720:43

3527 207 2372 161 peu des florins, plus ou moins, ne ferra pas l'affaire, vous priant de

3520 309 2291 150 presenter de nouveau une requeste, comme il a este represente, en y

3491 382 2218 174 adjoutant la chevalerie pour les deux freres, & En cas qu'on le

3504 494 2292 147 refuseroit, que ie ne crois pas, puis que tout est mise, celon le taxe

3510 577 2438 172 ie vous prie, de presenter un autre requeste, pour un simple annoblissement

3490 724 2281 105 annoblissement En tems que de besoing avec les armes celon nre

3521 811 2206 153 premiere patente, avec la couronne dor, comme cy joint depeintes

3513 903 2416 126 ce qui monteroit pour l'annoblissement, annoblissement en tems que de

5413 1010 425 151 ƒ 394:30

3504 1008 1119 171 besoing, pour la moitie du taxe

5427 1131 336 85 „50:

3523 1109 746 179 peur la couronne des

3504 1184 2016 213 pour mon frere, puis que deux freres ne payent q'un taxe

3502 1320 808 178 & demie ainsi ¼ fait

5424 1332 403 164 „ 197:15

5415 1436 361 107 „50:

3522 1427 576 160 pour la couronne

5417 1524 297 150 „8:-

3506 1540 515 144 pour la poste

5403 1621 372 112 „ 1:

3514 1626 554 168 pour le portier

4273 1744 1557 144 En semble pour les deux freres ƒ700:45

3492 1862 2353 108 tout ce cy est sans compter vre honoraire, soit pour lun ou de l'autre

3510 1972 2362 154 que nous vous ferront payer particulierement de mesme ƒ24:- que

3490 2072 2260 172 mons: Kuyff ma priez de vous faire payer, pour son compte

3501 2163 2402 199 d'abord que vous auray obtenue l'apostille au conseil supreme & quil

3511 2326 2347 138 est agrie a la chancelerie sur lun ou de lautre pied, ayez la

3495 2411 2426 160 bonte de vous adresser a mess. palm, pour avoir la somme requise

3482 2511 2362 137 soit de lun, ou de lautre, pour la mettre en depot, mon frere leurs

3488 2636 2386 122 escrit auiourdhuy a ce suject, ne doutant point, qu'il vous payeront

3494 2698 2383 200 a la demande. vous priant p vre premiere de me marquer le succe

3491 2822 2387 139 & la somme que vous auriez leve pour les droits & taxe, de mesme

3500 2948 2338 157 de vos deboursement fait, a fin que nous pouvons vous satisfaire

3501 3016 2270 161 le tout au jutte & remercier vre chere personne, de tous vos bons

3498 3137 2363 204 soing & promptitude & en attendant l'honneur de vre responce avec

3489 3258 1347 171 le succe, ie suis avec bien de l'estime

3511 3365 2355 198 ie vous prie davoir soing, que la patente soit date du premier displome

3480 3497 2368 178 & que toutes clauses necessaires y soient interre, celon mes precedents

3508 3593 428 146 instructions

3496 3733 2254 154 Mons: S: vous est bien oblige de vre souvenir, & il vous fait ses

3488 3809 840 167 compliments reciproques

3493 3905 51 106 6

4309 3853 407 168 Catfken

3500 3953 2378 168 monsieur comme j'ay un petit scrupule de ma precedente lettre du 26 gbre

3481 4102 2402 147 passe, & que ie n'aimerois point, qu'elle viendroit en d'autres mains, ie vous

3494 4162 2409 213 prie, de me d'avoir la bonte, de me la renvoyer, esperant cette grace

3481 4314 627 149 p vre premiere
