8097 4637
1045 239 2137 99 versoecke van te laten weeten, hope op 22 deser snorgent

1043 295 2158 193 vroegh tot suydrecht te wesen, tot het ontfanghen van de

993 399 2268 196 heijnsen, als wanneer ul voorders mondetinx sal spreken

1042 525 987 186 blijve naer groetenisse

2457 530 711 190 Ady 23 xber 1735

880 639 1393 195 kingene Balls borgemeester & schepenen

1037 715 2218 203 ul: brief vane 12 julij laest leden, is op sijn tijdt mij wel geworden

1022 865 2238 190 waer bij uls mij adviseert, dat uls twee ordonnantien habde gegeven

1014 979 2242 164 aen ul ontfangern ider van een geheel jaer intreste, & daer bij lest de

1033 1079 2132 178 eene prompitelijck te voldoen de eerste uyterlijck naer twee

1029 1236 2176 173 maenden verloop s & dandere een maenst daer naer waer op wij

1030 1299 2211 207 ons vertrovst hebben, & niet eens gedaght dat sulst sijn effeet niet

1034 1422 2226 213 en soude gehadt hebben, tis ni over de viff maenden in plaetse

1028 1533 2167 212 van twee & grij, dat noch niet een huyes ontfanghen hebben

1042 1647 2185 217 over de vervallem croisen, die gij lieden ons ten lachteren sijdt

1010 1793 2164 209 sedert 21 gber 1700 twee & dertigh, sijnde nu drij volle jaerens

1023 1914 2249 203 verscheven, & wille wel gelooven, dat gijlieden in mijninge tyt

1014 2031 2253 167 dat ul ontfangers ul ordres souden souden geobserveert hebben

1017 2144 2235 191 om als te informeren dat sult niet geschiedt is soo some p

1020 2251 2171 210 desen aen ul hier van kennisse geven, om vervolgens te

1046 2376 2209 202 reguseeren, & met advertentie dato in gevallen, de betalinge niet

1049 2492 2220 192 en geschiedt onthier ie vienthier daghen als dat gijlieden

1044 2616 2227 198 te verwaghten hebt dat wij de midtelen sullen gebrujcken

1035 2730 1346 201 als naer raede, mideelertijt blijve

1520 2867 1227 242 Ad Maiorem Der Gloriam

1635 3049 641 194 t Domiu

1434 3217 987 250 1736:-

2470 3308 708 241 Adj 18 pl 1716

838 3417 755 160 tabroeck Wed: Cremers

1004 3513 2283 160 sedert dat ul dochter voorleden daere in jannarij, mij eenigh gelt gebroght

1029 3662 2198 170 heeft, met belosten, dan in korten tijdt daer naer, noch ecne somme te

1040 3770 2179 132 brengen, van ul: tot nu toe, niets vernomen, de tot hier toe vervallene

1052 3892 2256 166 intresten, van de rente, die tot ul salte ben hebbende, coopen nu vrij nt

1028 3998 2282 151 horgh, & ben niet gesint langer te waghten om voldoeninge te erlangen

1032 4087 2262 179 daerom come bij desen ul. noch eens vermaenen, & ul gevalle ul my

1051 4204 2210 208 int cort, niet comt vosdoen, synt versehent, dat mij bediinen sal met de

3521 245 2382 105 middelen on tot voldoeninge te gerassen, & ul moet niet verwondert wesen,

3474 333 2353 135 dat mij int sicrt daer van bedienen sal tt uls naeright,  blijve met

3513 408 1630 168 wenschinge van een geluck & saligh itue jaen

3380 476 2570 189 suvelle Mons: Nicolas Marcq marchand de piere a feluy Ady 15 janu: 1736

3509 637 1224 178 au petit cheval blang a Nwelle

3501 702 2409 231 coulne vous m'aviez dit le 21 de decembre passe que vous auriez venue

3503 847 2424 192 en peu de tenis aprez icy en anvers j'ay este. en attente, de vous y vos

3510 959 2424 157 cependant ie n'ay receu aucune de vos nouvelles mons: Bauwerschet

3503 1067 2388 184 m'a fait le dessin pour le fond de mon dardie derviere contre la

3525 1191 2382 187 muvalle qui consiste en une visse, qui doit estre de piere tleude

3499 1341 2432 196 comme aussij la plinte, cy joint a peu prez le dessin a fin, que vous

3512 1448 2265 219 pourriez voir en quoy quil contitte, pour vre lavrage, ie le

3496 1573 2258 210 devoois avoir icy, pour la fin du mois prochain pour pouvoir

3489 1689 2394 190 commencer a le mettre, le premier mars a venir outre il y a encor

3499 1808 2341 180 en dessin pour le piedestal, de la fontaine de la hauteur de

3489 1962 2318 139 deuxpied estant la pliute de 2 pieds 6 pousses cavree ie vous

3506 2082 2430 180 prie mons. de presser vre voyage pour faire l'accord & pour prendre

3499 2172 2329 172 la mesure & dessin vous mesme, ie suis seulement presse pour

3492 2332 2416 165 la piere de la tempane a vre gouverne, & En attendant un petit

3496 2417 2419 210 mot de responce, ou de vous voire icy sie suis tres parerement

5158 2538 698 194 Ady 27 Janu 1736

3397 2544 801 163 Messele Jan B. Moenssens

3494 2677 2356 129 als brief van 25 deser wel ontfanghen dar benevens den vrij brief &an pieter

3499 2778 2335 148 verbouken, voorders twijfele niet oft ul sal vernomen hebben, hoe dat den

3493 2902 2408 133 gouverneur opt vlaems horst de barde schot sels van de horekens van buytaest

3463 2994 2459 154 sen de vrede heeft afgeslagen, & den gront beplant waer tegens in behooelycken

3471 3075 2331 160 forme is geprotesteert ick ben geresolveert om den selven daer over te

3495 3177 2354 149 betrecken, & om voordere rampen te besetten mijnen vaedt gedraeght dat

3497 3267 2393 198 van de inwoonders vant vlaems herst, van de oadtste attestatie moeten

3492 3387 2371 201 hebben, dat die horekens van alle tijden daer geweest sijn & het welck sij

3492 3535 2336 167 met ter minnen niet en willen doculeareren, soo sal die doen dagen om

3483 3594 2338 203 te compareren voor ballius borgemeester & schepenen & te doen deponeren

3473 3732 2397 195 sonder esxpurgatie van lede, tgene sij ontrent die horekens sijn wetende

3489 3831 2396 159 ick sal morgen, oft overmorgen, ofte wel op maendagh op swijndrecht comen

3492 3930 2438 217 soo het eenighsuits weder is om alles daer toe gereedt te maken, & de principalsie

3484 4035 2385 190 budiste te doen dagen, om te compareren in gebanne vierschare seght aen

3491 4154 2439 165 den ballin, dat hij niet van huysen gaet nochte sijn broedet den procureur

3474 4279 2355 180 an alles in sijn behoorelijcke foarme op te stollen & te doen gelijck
