<?xml version="1.0" encoding="UTF-8"?>
<alto xmlns:xsi="http://www.w3.org/2001/XMLSchema-instance"
      xmlns="http://www.loc.gov/standards/alto/ns-v4#"
      xmlns:page="http://schema.primaresearch.org/PAGE/gts/pagecontent/2013-07-15"
      xsi:schemaLocation="http://www.loc.gov/standards/alto/ns-v4# https://www.loc.gov/standards/alto/v4/alto.xsd">
   <Description>
      <MeasurementUnit>pixel</MeasurementUnit>
      <OCRProcessing ID="IdOcr">
         <ocrProcessingStep>
            <processingDateTime>2022-02-11T21:46:23.442+01:00</processingDateTime>
            <processingSoftware>
               <softwareCreator>READ COOP</softwareCreator>
               <softwareName>Transkribus</softwareName>
            </processingSoftware>
         </ocrProcessingStep>
      </OCRProcessing>
   </Description>
   <Layout>
      <Page ID="Page1" PHYSICAL_IMG_NR="1" HEIGHT="4651" WIDTH="8077">
         <TopMargin HEIGHT="0" WIDTH="8077" VPOS="0" HPOS="0"/>
         <LeftMargin HEIGHT="4651" WIDTH="0" VPOS="0" HPOS="0"/>
         <RightMargin HEIGHT="4651" WIDTH="0" VPOS="0" HPOS="8077"/>
         <BottomMargin HEIGHT="0" WIDTH="8077" VPOS="4651" HPOS="0"/>
         <PrintSpace HEIGHT="4651" WIDTH="8077" VPOS="0" HPOS="0">
            <TextBlock ID="region_1644587170016_2862"
                       HEIGHT="4267"
                       WIDTH="2545"
                       VPOS="193"
                       HPOS="764">
               <Shape>
                  <Polygon POINTS="764,193 3309,193 3309,4460 764,4460"/>
               </Shape>
               <TextLine ID="region_1644587170016_2862l1"
                         BASELINE="1026,304 1137,308 1249,312 1360,312 1472,314 1584,314 1695,314 1807,314 1918,312 2030,310 2142,310 2253,308 2365,306 2476,306 2588,304 2700,304 2811,304 2923,304 3034,304 3146,306 3258,310"
                         HEIGHT="121"
                         WIDTH="2261"
                         VPOS="231"
                         HPOS="1012">
                  <String ID="string_region_1644587170016_2862l1"
                          HEIGHT="121"
                          WIDTH="2261"
                          VPOS="231"
                          HPOS="1012"
                          CONTENT="niet te misn blijve ue ten hooghtten verplicht over ul: goede informatie"/>
               </TextLine>
               <TextLine ID="region_1644587170016_2862l2"
                         BASELINE="1010,398 1122,400 1234,402 1347,404 1459,404 1572,406 1684,406 1796,407 1909,408 2021,408 2134,408 2246,406 2358,406 2471,404 2583,404 2696,402 2808,400 2920,398 3033,394 3145,392 3258,388"
                         HEIGHT="137"
                         WIDTH="2280"
                         VPOS="295"
                         HPOS="994">
                  <String ID="string_region_1644587170016_2862l2"
                          HEIGHT="137"
                          WIDTH="2280"
                          VPOS="295"
                          HPOS="994"
                          CONTENT="&amp; de genomene moeyte, wij sullen soo verhope, malck andesen ue de "/>
               </TextLine>
               <TextLine ID="region_1644587170016_2862l3"
                         BASELINE="1018,506 1115,506 1213,504 1311,504 1409,504 1507,504 1604,504 1702,504 1800,504 1898,504 1996,504 2093,504 2191,504 2289,502 2387,502 2485,500 2582,498 2680,496 2778,494 2876,490 2974,486"
                         HEIGHT="133"
                         WIDTH="1988"
                         VPOS="409"
                         HPOS="1001">
                  <String ID="string_region_1644587170016_2862l3"
                          HEIGHT="133"
                          WIDTH="1988"
                          VPOS="409"
                          HPOS="1001"
                          CONTENT="vacantie van cerremisse daer over noch voorder spreken"/>
               </TextLine>
               <TextLine ID="region_1644587170016_2862l4"
                         BASELINE="1026,606 1137,607 1249,608 1361,608 1473,608 1585,610 1696,608 1808,608 1920,608 2032,608 2144,606 2255,606 2367,604 2479,604 2591,602 2703,602 2814,600 2926,600 3038,598 3150,598 3262,598"
                         HEIGHT="148"
                         WIDTH="2268"
                         VPOS="498"
                         HPOS="1010">
                  <String ID="string_region_1644587170016_2862l4"
                          HEIGHT="148"
                          WIDTH="2268"
                          VPOS="498"
                          HPOS="1010"
                          CONTENT="Ick twijfele niet oft uk is geinformeert dat sijne Map. alle onse pasenten"/>
               </TextLine>
               <TextLine ID="region_1644587170016_2862l5"
                         BASELINE="1018,704 1130,706 1242,708 1354,710 1466,710 1578,712 1690,712 1802,712 1914,712 2026,710 2138,710 2250,708 2362,708 2474,706 2586,704 2698,702 2810,700 2922,697 3034,694 3146,692 3258,688"
                         HEIGHT="151"
                         WIDTH="2271"
                         VPOS="629"
                         HPOS="1003">
                  <String ID="string_region_1644587170016_2862l5"
                          HEIGHT="151"
                          WIDTH="2271"
                          VPOS="629"
                          HPOS="1003"
                          CONTENT="van nmobilitatien, &amp; chevalerie ut heeft ingetrooken qu il verclaert"/>
               </TextLine>
               <TextLine ID="region_1644587170016_2862l6"
                         BASELINE="1006,806 1119,810 1232,812 1345,814 1458,816 1571,818 1684,820 1797,820 1910,820 2023,820 2136,820 2249,818 2362,817 2475,816 2588,814 2701,812 2814,810 2927,806 3040,804 3153,800 3266,798"
                         HEIGHT="103"
                         WIDTH="2292"
                         VPOS="745"
                         HPOS="990">
                  <String ID="string_region_1644587170016_2862l6"
                          HEIGHT="103"
                          WIDTH="2292"
                          VPOS="745"
                          HPOS="990"
                          CONTENT="tgene veele gesurprenneert heeft sick pretendere eenen goeden onder daen"/>
               </TextLine>
               <TextLine ID="region_1644587170016_2862l7"
                         BASELINE="1008,910 1119,914 1231,916 1342,918 1454,921 1566,924 1677,925 1789,926 1900,928 2012,928 2124,928 2235,928 2347,928 2458,926 2570,924 2682,922 2793,920 2905,916 3016,912 3128,907 3240,902"
                         HEIGHT="192"
                         WIDTH="2265"
                         VPOS="809"
                         HPOS="991">
                  <String ID="string_region_1644587170016_2862l7"
                          HEIGHT="192"
                          WIDTH="2265"
                          VPOS="809"
                          HPOS="991"
                          CONTENT="te sijn van sijne Mas: &amp; wille geirne alles ieder leggen, hij heeft het "/>
               </TextLine>
               <TextLine ID="region_1644587170016_2862l8"
                         BASELINE="1036,1022 1148,1024 1260,1027 1373,1028 1485,1030 1598,1032 1710,1032 1822,1032 1935,1032 2047,1032 2160,1032 2272,1032 2384,1032 2497,1030 2609,1028 2722,1027 2834,1026 2946,1024 3059,1021 3171,1018 3284,1016"
                         HEIGHT="122"
                         WIDTH="2280"
                         VPOS="931"
                         HPOS="1020">
                  <String ID="string_region_1644587170016_2862l8"
                          HEIGHT="122"
                          WIDTH="2280"
                          VPOS="931"
                          HPOS="1020"
                          CONTENT="mij gegeven hij heeft het weder genomen soo dat buyten alle dignitijten "/>
               </TextLine>
               <TextLine ID="region_1644587170016_2862l9"
                         BASELINE="1030,1140 1136,1142 1242,1144 1349,1146 1455,1146 1562,1147 1668,1148 1774,1147 1881,1146 1987,1146 2094,1144 2200,1142 2306,1141 2413,1139 2519,1136 2626,1134 2732,1130 2838,1128 2945,1124 3051,1120 3158,1116"
                         HEIGHT="191"
                         WIDTH="2159"
                         VPOS="1015"
                         HPOS="1014">
                  <String ID="string_region_1644587170016_2862l9"
                          HEIGHT="191"
                          WIDTH="2159"
                          VPOS="1015"
                          HPOS="1014"
                          CONTENT="ben gestelt daerom versoecke, als ue mij d'eere aendoedt van te"/>
               </TextLine>
               <TextLine ID="region_1644587170016_2862l10"
                         BASELINE="1034,1246 1146,1250 1259,1254 1372,1257 1485,1260 1598,1260 1710,1260 1823,1260 1936,1260 2049,1258 2162,1256 2274,1254 2387,1251 2500,1249 2613,1246 2726,1244 2838,1242 2951,1240 3064,1240 3177,1238 3290,1238"
                         HEIGHT="200"
                         WIDTH="2287"
                         VPOS="1135"
                         HPOS="1018">
                  <String ID="string_region_1644587170016_2862l10"
                          HEIGHT="200"
                          WIDTH="2287"
                          VPOS="1135"
                          HPOS="1018"
                          CONTENT="schrijven van op ue: brief simpelijck te stellen daniel georde molijn"/>
               </TextLine>
               <TextLine ID="region_1644587170016_2862l11"
                         BASELINE="1038,1366 1128,1368 1219,1370 1310,1372 1400,1372 1491,1374 1582,1374 1672,1376 1763,1376 1854,1376 1945,1376 2035,1374 2126,1373 2217,1370 2307,1368 2398,1363 2489,1359 2579,1353 2670,1346 2761,1339 2852,1330"
                         HEIGHT="172"
                         WIDTH="1846"
                         VPOS="1249"
                         HPOS="1022">
                  <String ID="string_region_1644587170016_2862l11"
                          HEIGHT="172"
                          WIDTH="1846"
                          VPOS="1249"
                          HPOS="1022"
                          CONTENT="mijn liefste versoecket hier haeve complimenten "/>
               </TextLine>
               <TextLine ID="region_1644587170016_2862l12"
                         BASELINE="842,1472 960,1480 1079,1486 1197,1490 1316,1493 1435,1494 1553,1496 1672,1494 1790,1492 1909,1490 2028,1485 2146,1481 2265,1476 2383,1468 2502,1462 2621,1454 2739,1448 2858,1440 2976,1431 3095,1423 3214,1414"
                         HEIGHT="234"
                         WIDTH="2407"
                         VPOS="1298"
                         HPOS="823">
                  <String ID="string_region_1644587170016_2862l12"
                          HEIGHT="234"
                          WIDTH="2407"
                          VPOS="1298"
                          HPOS="823"
                          CONTENT="Pienen Mons. Toya agent au Lonseil supreme de flandre Ady 18 xbre 1724"/>
               </TextLine>
               <TextLine ID="region_1644587170016_2862l13"
                         BASELINE="1028,1582 1139,1584 1250,1586 1361,1588 1473,1588 1584,1588 1695,1586 1807,1586 1918,1584 2029,1581 2141,1578 2252,1574 2363,1570 2474,1566 2586,1563 2697,1558 2808,1554 2920,1550 3031,1544 3142,1540 3254,1536"
                         HEIGHT="212"
                         WIDTH="2260"
                         VPOS="1432"
                         HPOS="1010">
                  <String ID="string_region_1644587170016_2862l13"
                          HEIGHT="212"
                          WIDTH="2260"
                          VPOS="1432"
                          HPOS="1010"
                          CONTENT="comme il at pleu a la May nre famile honorer de Roblesse comme le sue de quatre"/>
               </TextLine>
               <TextLine ID="region_1644587170016_2862l14"
                         BASELINE="1020,1674 1128,1674 1237,1676 1346,1676 1455,1676 1564,1676 1673,1675 1782,1674 1891,1672 2000,1670 2109,1668 2217,1666 2326,1664 2435,1662 2544,1660 2653,1656 2762,1654 2871,1651 2980,1648 3089,1644 3198,1642"
                         HEIGHT="152"
                         WIDTH="2211"
                         VPOS="1555"
                         HPOS="1003">
                  <String ID="string_region_1644587170016_2862l14"
                          HEIGHT="152"
                          WIDTH="2211"
                          VPOS="1555"
                          HPOS="1003"
                          CONTENT="generations Noble, &amp; a moy de chevalerie, p displome du 19 gber 1721, passe p la "/>
               </TextLine>
               <TextLine ID="region_1644587170016_2862l15"
                         BASELINE="996,1764 1107,1766 1219,1768 1330,1770 1442,1770 1554,1770 1665,1770 1777,1769 1888,1768 2000,1766 2112,1764 2223,1762 2335,1760 2446,1758 2558,1756 2670,1754 2781,1751 2893,1748 3004,1746 3116,1744 3228,1742"
                         HEIGHT="158"
                         WIDTH="2263"
                         VPOS="1671"
                         HPOS="980">
                  <String ID="string_region_1644587170016_2862l15"
                          HEIGHT="158"
                          WIDTH="2263"
                          VPOS="1671"
                          HPOS="980"
                          CONTENT="chancelerie de l'eipire, ayant la ditte patente este interine, &amp; Enregettre p la "/>
               </TextLine>
               <TextLine ID="region_1644587170016_2862l16"
                         BASELINE="1010,1856 1119,1856 1228,1858 1337,1858 1446,1858 1555,1860 1664,1860 1773,1860 1882,1860 1991,1860 2101,1860 2210,1858 2319,1858 2428,1856 2537,1856 2646,1854 2755,1852 2864,1850 2973,1846 3082,1844 3192,1840"
                         HEIGHT="122"
                         WIDTH="2213"
                         VPOS="1784"
                         HPOS="994">
                  <String ID="string_region_1644587170016_2862l16"
                          HEIGHT="122"
                          WIDTH="2213"
                          VPOS="1784"
                          HPOS="994"
                          CONTENT="fhambre des finances, la chambre de comte, &amp; ples heros d'atries a la chambre"/>
               </TextLine>
               <TextLine ID="region_1644587170016_2862l17"
                         BASELINE="1028,1952 1136,1952 1245,1954 1354,1954 1463,1954 1572,1954 1681,1956 1790,1956 1899,1954 2008,1954 2117,1954 2225,1952 2334,1950 2443,1948 2552,1946 2661,1944 2770,1940 2879,1936 2988,1930 3097,1925 3206,1918"
                         HEIGHT="169"
                         WIDTH="2210"
                         VPOS="1870"
                         HPOS="1011">
                  <String ID="string_region_1644587170016_2862l17"
                          HEIGHT="169"
                          WIDTH="2210"
                          VPOS="1870"
                          HPOS="1011"
                          CONTENT="keraldique e bruxelles ce qui m'at coutte biern de largent ayant jouie depuis"/>
               </TextLine>
               <TextLine ID="region_1644587170016_2862l18"
                         BASELINE="1028,2052 1136,2052 1244,2054 1353,2054 1461,2054 1570,2054 1678,2054 1786,2054 1895,2054 2003,2052 2112,2052 2220,2052 2328,2050 2437,2048 2545,2046 2654,2044 2762,2040 2870,2036 2979,2032 3087,2026 3196,2020"
                         HEIGHT="187"
                         WIDTH="2202"
                         VPOS="1937"
                         HPOS="1010">
                  <String ID="string_region_1644587170016_2862l18"
                          HEIGHT="187"
                          WIDTH="2202"
                          VPOS="1937"
                          HPOS="1010"
                          CONTENT="jusqua present de toutes ces graces sans aucune contradiction, on viend de "/>
               </TextLine>
               <TextLine ID="region_1644587170016_2862l19"
                         BASELINE="1022,2150 1132,2150 1242,2152 1353,2152 1463,2152 1574,2152 1684,2152 1794,2152 1905,2150 2015,2150 2126,2148 2236,2148 2346,2146 2457,2144 2567,2142 2678,2138 2788,2136 2898,2132 3009,2128 3119,2124 3230,2118"
                         HEIGHT="205"
                         WIDTH="2238"
                         VPOS="2019"
                         HPOS="1008">
                  <String ID="string_region_1644587170016_2862l19"
                          HEIGHT="205"
                          WIDTH="2238"
                          VPOS="2019"
                          HPOS="1008"
                          CONTENT="publier, que sa stay. declare les displomes qui n'ont pas este depeschees p le "/>
               </TextLine>
               <TextLine ID="region_1644587170016_2862l20"
                         BASELINE="1020,2240 1129,2244 1239,2246 1349,2248 1458,2250 1568,2252 1678,2252 1787,2252 1897,2250 2007,2250 2117,2248 2226,2246 2336,2244 2446,2242 2555,2238 2665,2236 2775,2232 2884,2230 2994,2226 3104,2224 3214,2220"
                         HEIGHT="148"
                         WIDTH="2222"
                         VPOS="2151"
                         HPOS="1006">
                  <String ID="string_region_1644587170016_2862l20"
                          HEIGHT="148"
                          WIDTH="2222"
                          VPOS="2151"
                          HPOS="1006"
                          CONTENT="senal regulier, aux sujects &amp; juhabitans des pays. bas austrichiennes, nil et"/>
               </TextLine>
               <TextLine ID="region_1644587170016_2862l21"
                         BASELINE="1042,2338 1151,2342 1260,2345 1369,2348 1478,2348 1587,2348 1696,2348 1805,2348 1914,2347 2023,2346 2133,2344 2242,2342 2351,2340 2460,2337 2569,2334 2678,2332 2787,2330 2896,2326 3005,2324 3114,2322 3224,2322"
                         HEIGHT="179"
                         WIDTH="2213"
                         VPOS="2244"
                         HPOS="1026">
                  <String ID="string_region_1644587170016_2862l21"
                          HEIGHT="179"
                          WIDTH="2213"
                          VPOS="2244"
                          HPOS="1026"
                          CONTENT="te, &amp; on m'informe, qu'il falloit avoir demande les graces p le consiil"/>
               </TextLine>
               <TextLine ID="region_1644587170016_2862l22"
                         BASELINE="1030,2438 1138,2441 1247,2443 1356,2446 1465,2446 1574,2446 1683,2446 1792,2446 1901,2444 2010,2442 2119,2440 2227,2438 2336,2436 2445,2434 2554,2432 2663,2430 2772,2428 2881,2428 2990,2426 3099,2426 3208,2426"
                         HEIGHT="163"
                         WIDTH="2211"
                         VPOS="2356"
                         HPOS="1014">
                  <String ID="string_region_1644587170016_2862l22"
                          HEIGHT="163"
                          WIDTH="2211"
                          VPOS="2356"
                          HPOS="1014"
                          CONTENT="supieme, pour lles affaires des pays:bas, dont j'ay este ignorant en faisant"/>
               </TextLine>
               <TextLine ID="region_1644587170016_2862l23"
                         BASELINE="1026,2534 1127,2539 1228,2544 1329,2546 1431,2548 1532,2550 1633,2550 1735,2549 1836,2548 1937,2546 2039,2544 2140,2542 2241,2538 2342,2536 2444,2534 2545,2531 2646,2529 2748,2526 2849,2524 2950,2524 3052,2524"
                         HEIGHT="168"
                         WIDTH="2059"
                         VPOS="2422"
                         HPOS="1010">
                  <String ID="string_region_1644587170016_2862l23"
                          HEIGHT="168"
                          WIDTH="2059"
                          VPOS="2422"
                          HPOS="1010"
                          CONTENT="presenter ma requette ceux de bruxelles ont tres mal fait de faire"/>
               </TextLine>
               <TextLine ID="region_1644587170016_2862l24"
                         BASELINE="1002,2634 1113,2638 1224,2642 1335,2644 1446,2646 1557,2646 1668,2646 1779,2646 1890,2645 2001,2644 2112,2642 2223,2638 2334,2636 2445,2634 2556,2630 2667,2628 2778,2624 2889,2622 3000,2618 3111,2616 3222,2614"
                         HEIGHT="144"
                         WIDTH="2251"
                         VPOS="2525"
                         HPOS="987">
                  <String ID="string_region_1644587170016_2862l24"
                          HEIGHT="144"
                          WIDTH="2251"
                          VPOS="2525"
                          HPOS="987"
                          CONTENT="l'enregistratare, &amp; nous reconnoitre pour tels que la Ma.  le veut &amp; de faire"/>
               </TextLine>
               <TextLine ID="region_1644587170016_2862l25"
                         BASELINE="1042,2736 1149,2738 1256,2740 1363,2742 1470,2742 1577,2744 1684,2744 1791,2742 1898,2742 2005,2741 2112,2740 2219,2738 2326,2736 2433,2734 2540,2732 2647,2730 2754,2728 2861,2726 2968,2724 3075,2722 3182,2720"
                         HEIGHT="198"
                         WIDTH="2174"
                         VPOS="2613"
                         HPOS="1025">
                  <String ID="string_region_1644587170016_2862l25"
                          HEIGHT="198"
                          WIDTH="2174"
                          VPOS="2613"
                          HPOS="1025"
                          CONTENT="payer la taxe, enfin, il faut avoir patience, puis que la clay le veut"/>
               </TextLine>
               <TextLine ID="region_1644587170016_2862l26"
                         BASELINE="1032,2836 1144,2840 1257,2843 1370,2846 1483,2846 1596,2846 1708,2846 1821,2846 1934,2844 2047,2842 2160,2840 2272,2838 2385,2835 2498,2832 2611,2830 2724,2828 2836,2826 2949,2824 3062,2822 3175,2822 3288,2820"
                         HEIGHT="183"
                         WIDTH="2286"
                         VPOS="2734"
                         HPOS="1017">
                  <String ID="string_region_1644587170016_2862l26"
                          HEIGHT="183"
                          WIDTH="2286"
                          VPOS="2734"
                          HPOS="1017"
                          CONTENT="ainsy, &amp; ie me soumet entierement a sa vosonte esperant que nous obtiendrons"/>
               </TextLine>
               <TextLine ID="region_1644587170016_2862l27"
                         BASELINE="1036,2938 1146,2940 1256,2940 1366,2942 1476,2942 1587,2942 1697,2942 1807,2942 1917,2942 2027,2940 2138,2940 2248,2938 2358,2938 2468,2936 2578,2934 2689,2930 2799,2928 2909,2925 3019,2922 3129,2918 3240,2914"
                         HEIGHT="130"
                         WIDTH="2235"
                         VPOS="2848"
                         HPOS="1020">
                  <String ID="string_region_1644587170016_2862l27"
                          HEIGHT="130"
                          WIDTH="2235"
                          VPOS="2848"
                          HPOS="1020"
                          CONTENT="quelques grace de nouveau, p le canal du conseil supreme, pour les affaires"/>
               </TextLine>
               <TextLine ID="region_1644587170016_2862l28"
                         BASELINE="1026,3034 1138,3036 1250,3036 1362,3038 1475,3038 1587,3040 1699,3040 1812,3040 1924,3040 2036,3040 2149,3040 2261,3040 2373,3040 2485,3038 2598,3036 2710,3034 2822,3032 2935,3030 3047,3026 3159,3022 3272,3018"
                         HEIGHT="175"
                         WIDTH="2278"
                         VPOS="2931"
                         HPOS="1009">
                  <String ID="string_region_1644587170016_2862l28"
                          HEIGHT="175"
                          WIDTH="2278"
                          VPOS="2931"
                          HPOS="1009"
                          CONTENT="des paysebas, &amp; comme le dit conseil ne veut accorder la chevalerie hcreditaire"/>
               </TextLine>
               <TextLine ID="region_1644587170016_2862l29"
                         BASELINE="1034,3128 1144,3129 1254,3131 1364,3132 1474,3134 1585,3134 1695,3136 1805,3136 1915,3136 2025,3136 2136,3136 2246,3136 2356,3134 2466,3134 2576,3132 2687,3130 2797,3128 2907,3126 3017,3123 3127,3120 3238,3116"
                         HEIGHT="173"
                         WIDTH="2234"
                         VPOS="3035"
                         HPOS="1018">
                  <String ID="string_region_1644587170016_2862l29"
                          HEIGHT="173"
                          WIDTH="2234"
                          VPOS="3035"
                          HPOS="1018"
                          CONTENT="nous nous en passerons d'autant plus, que nos plus beaux jours sont passe"/>
               </TextLine>
               <TextLine ID="region_1644587170016_2862l30"
                         BASELINE="1018,3228 1130,3228 1243,3228 1355,3230 1468,3230 1580,3232 1693,3232 1805,3232 1918,3234 2030,3234 2143,3234 2255,3234 2368,3232 2480,3232 2593,3230 2705,3228 2818,3226 2930,3223 3043,3220 3155,3216 3268,3212"
                         HEIGHT="167"
                         WIDTH="2284"
                         VPOS="3129"
                         HPOS="1001">
                  <String ID="string_region_1644587170016_2862l30"
                          HEIGHT="167"
                          WIDTH="2284"
                          VPOS="3129"
                          HPOS="1001"
                          CONTENT="&amp; qu'il ny at q'un granson, dans toute la famile, qui porte le nom de melijn,"/>
               </TextLine>
               <TextLine ID="region_1644587170016_2862l31"
                         BASELINE="1002,3330 1112,3330 1222,3330 1332,3332 1442,3332 1553,3332 1663,3334 1773,3334 1883,3336 1993,3336 2104,3336 2214,3336 2324,3336 2434,3336 2544,3334 2655,3334 2765,3332 2875,3330 2985,3326 3095,3323 3206,3320"
                         HEIGHT="181"
                         WIDTH="2235"
                         VPOS="3223"
                         HPOS="986">
                  <String ID="string_region_1644587170016_2862l31"
                          HEIGHT="181"
                          WIDTH="2235"
                          VPOS="3223"
                          HPOS="986"
                          CONTENT="&amp; puis que nous sommes reputces pour nobles, &amp; que nous souhaitrions la "/>
               </TextLine>
               <TextLine ID="region_1644587170016_2862l32"
                         BASELINE="1024,3428 1136,3432 1248,3434 1360,3436 1473,3438 1585,3438 1697,3438 1810,3438 1922,3438 2034,3438 2147,3436 2259,3434 2371,3434 2483,3432 2596,3430 2708,3428 2820,3426 2933,3426 3045,3424 3157,3422 3270,3422"
                         HEIGHT="149"
                         WIDTH="2277"
                         VPOS="3351"
                         HPOS="1010">
                  <String ID="string_region_1644587170016_2862l32"
                          HEIGHT="149"
                          WIDTH="2277"
                          VPOS="3351"
                          HPOS="1010"
                          CONTENT="continuation, de prend la liberte de vous envoyet cy joint une copie acutentique"/>
               </TextLine>
               <TextLine ID="region_1644587170016_2862l33"
                         BASELINE="1042,3536 1150,3536 1258,3538 1366,3538 1474,3538 1582,3538 1690,3536 1798,3536 1906,3536 2014,3534 2123,3534 2231,3532 2339,3532 2447,3530 2555,3528 2663,3526 2771,3525 2879,3522 2987,3520 3095,3518 3204,3516"
                         HEIGHT="181"
                         WIDTH="2192"
                         VPOS="3427"
                         HPOS="1027">
                  <String ID="string_region_1644587170016_2862l33"
                          HEIGHT="181"
                          WIDTH="2192"
                          VPOS="3427"
                          HPOS="1027"
                          CONTENT="de la patente, qui est tres ample je m'advesse a vre chere personne  la "/>
               </TextLine>
               <TextLine ID="region_1644587170016_2862l34"
                         BASELINE="1048,3634 1158,3636 1269,3636 1379,3636 1490,3636 1601,3636 1711,3634 1822,3634 1932,3632 2043,3632 2154,3630 2264,3628 2375,3626 2485,3626 2596,3624 2707,3622 2817,3622 2928,3620 3038,3620 3149,3620 3260,3620"
                         HEIGHT="149"
                         WIDTH="2244"
                         VPOS="3525"
                         HPOS="1032">
                  <String ID="string_region_1644587170016_2862l34"
                          HEIGHT="149"
                          WIDTH="2244"
                          VPOS="3525"
                          HPOS="1032"
                          CONTENT="recomandation de mons Knyff, qui est mor cousin, espetant que vous voudriez"/>
               </TextLine>
               <TextLine ID="region_1644587170016_2862l35"
                         BASELINE="1042,3718 1149,3722 1257,3726 1365,3728 1472,3730 1580,3730 1688,3730 1795,3730 1903,3728 2011,3728 2119,3726 2226,3724 2334,3722 2442,3720 2549,3718 2657,3716 2765,3715 2872,3714 2980,3714 3088,3714 3196,3716"
                         HEIGHT="117"
                         WIDTH="2186"
                         VPOS="3665"
                         HPOS="1025">
                  <String ID="string_region_1644587170016_2862l35"
                          HEIGHT="117"
                          WIDTH="2186"
                          VPOS="3665"
                          HPOS="1025"
                          CONTENT="bien servir somme vous avez eu la bonte, de faire pour luy, &amp; nous faissons"/>
               </TextLine>
               <TextLine ID="region_1644587170016_2862l36"
                         BASELINE="1026,3834 1136,3836 1246,3836 1356,3836 1466,3838 1577,3838 1687,3836 1797,3836 1907,3836 2017,3835 2128,3834 2238,3832 2348,3830 2458,3828 2568,3826 2679,3824 2789,3822 2899,3819 3009,3816 3119,3812 3230,3808"
                         HEIGHT="164"
                         WIDTH="2235"
                         VPOS="3720"
                         HPOS="1010">
                  <String ID="string_region_1644587170016_2862l36"
                          HEIGHT="164"
                          WIDTH="2235"
                          VPOS="3720"
                          HPOS="1010"
                          CONTENT="la Mesme demande scavoir la noblesse avec annoblissement de nouve au"/>
               </TextLine>
               <TextLine ID="region_1644587170016_2862l37"
                         BASELINE="1018,3930 1124,3933 1230,3936 1336,3937 1443,3938 1549,3940 1655,3940 1762,3940 1868,3940 1974,3938 2081,3938 2187,3936 2293,3936 2399,3934 2506,3932 2612,3930 2718,3928 2825,3926 2931,3924 3037,3922 3144,3920"
                         HEIGHT="124"
                         WIDTH="2156"
                         VPOS="3838"
                         HPOS="1004">
                  <String ID="string_region_1644587170016_2862l37"
                          HEIGHT="124"
                          WIDTH="2156"
                          VPOS="3838"
                          HPOS="1004"
                          CONTENT="En toms que de besoing aux arnes &amp; blason de pa preditte patente,"/>
               </TextLine>
               <TextLine ID="region_1644587170016_2862l38"
                         BASELINE="1028,4036 1141,4038 1254,4038 1367,4038 1480,4040 1593,4040 1706,4040 1819,4040 1932,4040 2045,4038 2159,4038 2272,4037 2385,4036 2498,4034 2611,4032 2724,4030 2837,4026 2950,4023 3063,4020 3176,4014 3290,4010"
                         HEIGHT="160"
                         WIDTH="2292"
                         VPOS="3941"
                         HPOS="1013">
                  <String ID="string_region_1644587170016_2862l38"
                          HEIGHT="160"
                          WIDTH="2292"
                          VPOS="3941"
                          HPOS="1013"
                          CONTENT="qui est tres comple pour nous, nos enfans males &amp; femelles nee et a naitre"/>
               </TextLine>
               <TextLine ID="region_1644587170016_2862l39"
                         BASELINE="1006,4130 1116,4132 1226,4134 1336,4136 1446,4138 1556,4138 1666,4138 1776,4140 1886,4138 1996,4138 2106,4138 2216,4136 2326,4136 2436,4134 2546,4132 2656,4131 2766,4129 2876,4127 2986,4125 3096,4122 3206,4120"
                         HEIGHT="130"
                         WIDTH="2231"
                         VPOS="4058"
                         HPOS="991">
                  <String ID="string_region_1644587170016_2862l39"
                          HEIGHT="130"
                          WIDTH="2231"
                          VPOS="4058"
                          HPOS="991"
                          CONTENT="de seal mariage, pour pouvoir contienver a porter la couronne dor"/>
               </TextLine>
               <TextLine ID="region_1644587170016_2862l40"
                         BASELINE="992,4238 1106,4240 1221,4242 1336,4242 1451,4244 1566,4244 1680,4244 1795,4244 1910,4244 2025,4242 2140,4242 2254,4240 2369,4238 2484,4236 2599,4234 2714,4232 2828,4230 2943,4228 3058,4226 3173,4224 3288,4222"
                         HEIGHT="183"
                         WIDTH="2326"
                         VPOS="4137"
                         HPOS="977">
                  <String ID="string_region_1644587170016_2862l40"
                          HEIGHT="183"
                          WIDTH="2326"
                          VPOS="4137"
                          HPOS="977"
                          CONTENT="&amp; deux tenans avec banderolles, &amp; comme le limier estoit une deste &amp; col"/>
               </TextLine>
               <TextLine ID="region_1644587170016_2862l41"
                         BASELINE="1042,4344 1151,4348 1261,4348 1371,4350 1481,4350 1591,4350 1701,4350 1811,4350 1921,4348 2031,4348 2141,4346 2250,4344 2360,4342 2470,4340 2580,4338 2690,4336 2800,4334 2910,4332 3020,4330 3130,4330 3240,4328"
                         HEIGHT="192"
                         WIDTH="2229"
                         VPOS="4231"
                         HPOS="1025">
                  <String ID="string_region_1644587170016_2862l41"
                          HEIGHT="192"
                          WIDTH="2229"
                          VPOS="4231"
                          HPOS="1025"
                          CONTENT="dusne, nous souhaitrions a la prace deux vols, tout en la forme quils"/>
               </TextLine>
            </TextBlock>
            <TextBlock ID="region_1644587173000_2865"
                       HEIGHT="4251"
                       WIDTH="2597"
                       VPOS="164"
                       HPOS="3353">
               <Shape>
                  <Polygon POINTS="3353,164 5950,164 5950,4415 3353,4415"/>
               </Shape>
               <TextLine ID="region_1644587173000_2865l1"
                         BASELINE="3514,292 3632,290 3751,288 3869,286 3988,286 4106,284 4225,284 4343,284 4462,284 4580,284 4699,284 4817,284 4936,282 5054,282 5173,282 5291,282 5410,280 5528,280 5647,278 5765,276 5884,274"
                         HEIGHT="121"
                         WIDTH="2401"
                         VPOS="214"
                         HPOS="3499">
                  <String ID="string_region_1644587173000_2865l1"
                          HEIGHT="121"
                          WIDTH="2401"
                          VPOS="214"
                          HPOS="3499"
                          CONTENT="vont icy depentes, &amp; comme la patente serve pour attertation, de nos armes "/>
               </TextLine>
               <TextLine ID="region_1644587173000_2865l2"
                         BASELINE="3510,378 3628,376 3747,374 3866,374 3984,374 4103,374 4222,374 4340,374 4459,374 4578,374 4697,374 4815,374 4934,374 5053,372 5171,372 5290,370 5409,369 5527,368 5646,364 5765,362 5884,358"
                         HEIGHT="109"
                         WIDTH="2405"
                         VPOS="290"
                         HPOS="3496">
                  <String ID="string_region_1644587173000_2865l2"
                          HEIGHT="109"
                          WIDTH="2405"
                          VPOS="290"
                          HPOS="3496"
                          CONTENT="vous trouveray cependant une attestation p l. heros d'arnes pour le blason"/>
               </TextLine>
               <TextLine ID="region_1644587173000_2865l3"
                         BASELINE="3478,476 3592,472 3706,470 3821,468 3935,466 4050,464 4164,464 4278,464 4393,464 4507,464 4622,464 4736,464 4850,464 4965,464 5079,464 5194,464 5308,462 5422,462 5537,460 5651,458 5766,456"
                         HEIGHT="124"
                         WIDTH="2319"
                         VPOS="380"
                         HPOS="3463">
                  <String ID="string_region_1644587173000_2865l3"
                          HEIGHT="124"
                          WIDTH="2319"
                          VPOS="380"
                          HPOS="3463"
                          CONTENT="du bandorelle sinistre, qui sont nos armes maternelles de bouwens ne"/>
               </TextLine>
               <TextLine ID="region_1644587173000_2865l4"
                         BASELINE="3510,568 3628,566 3746,566 3864,564 3983,562 4101,560 4219,560 4338,558 4456,558 4574,557 4693,556 4811,556 4929,554 5047,554 5166,554 5284,552 5402,552 5521,552 5639,550 5757,550 5876,548"
                         HEIGHT="128"
                         WIDTH="2396"
                         VPOS="497"
                         HPOS="3495">
                  <String ID="string_region_1644587173000_2865l4"
                          HEIGHT="128"
                          WIDTH="2396"
                          VPOS="497"
                          HPOS="3495"
                          CONTENT="doutant point, que cela suffira car nous ne scaurons produiere d'autres"/>
               </TextLine>
               <TextLine ID="region_1644587173000_2865l5"
                         BASELINE="3524,664 3639,662 3755,662 3871,662 3987,662 4103,660 4219,660 4335,660 4451,658 4567,658 4683,656 4798,656 4914,654 5030,654 5146,652 5262,652 5378,650 5494,648 5610,648 5726,646 5842,644"
                         HEIGHT="164"
                         WIDTH="2351"
                         VPOS="550"
                         HPOS="3508">
                  <String ID="string_region_1644587173000_2865l5"
                          HEIGHT="164"
                          WIDTH="2351"
                          VPOS="550"
                          HPOS="3508"
                          CONTENT="puis que la famile eslasculine est etainte, &amp; que personne ne sen at"/>
               </TextLine>
               <TextLine ID="region_1644587173000_2865l6"
                         BASELINE="3498,764 3617,762 3737,760 3857,760 3976,758 4096,758 4216,758 4335,758 4455,756 4575,756 4695,756 4814,756 4934,756 5054,754 5173,753 5293,751 5413,748 5532,746 5652,741 5772,737 5892,732"
                         HEIGHT="156"
                         WIDTH="2423"
                         VPOS="657"
                         HPOS="3483">
                  <String ID="string_region_1644587173000_2865l6"
                          HEIGHT="156"
                          WIDTH="2423"
                          VPOS="657"
                          HPOS="3483"
                          CONTENT="servie vous trouveraij aussij icy le project de notre requeste, que ie vous"/>
               </TextLine>
               <TextLine ID="region_1644587173000_2865l7"
                         BASELINE="3518,866 3629,866 3741,864 3853,864 3965,864 4077,864 4188,864 4300,864 4412,864 4524,864 4636,864 4747,864 4859,862 4971,862 5083,860 5195,860 5306,858 5418,855 5530,852 5642,849 5754,844"
                         HEIGHT="179"
                         WIDTH="2268"
                         VPOS="751"
                         HPOS="3503">
                  <String ID="string_region_1644587173000_2865l7"
                          HEIGHT="179"
                          WIDTH="2268"
                          VPOS="751"
                          HPOS="3503"
                          CONTENT="prie de presenter comme il y est ou de le changer, cellon bon vous"/>
               </TextLine>
               <TextLine ID="region_1644587173000_2865l8"
                         BASELINE="3514,966 3633,966 3753,966 3873,966 3993,968 4113,968 4232,968 4352,968 4472,970 4592,970 4712,970 4831,970 4951,968 5071,968 5191,966 5311,964 5430,961 5550,958 5670,952 5790,948 5910,942"
                         HEIGHT="159"
                         WIDTH="2429"
                         VPOS="868"
                         HPOS="3497">
                  <String ID="string_region_1644587173000_2865l8"
                          HEIGHT="159"
                          WIDTH="2429"
                          VPOS="868"
                          HPOS="3497"
                          CONTENT="semblera, cependant il vous plaira demander les armes, comme elles sont"/>
               </TextLine>
               <TextLine ID="region_1644587173000_2865l9"
                         BASELINE="3506,1076 3533,1074 3561,1071 3588,1069 3616,1067 3643,1066 3671,1064 3698,1064 3726,1063 3754,1062"
                         HEIGHT="143"
                         WIDTH="285"
                         VPOS="989"
                         HPOS="3485">
                  <String ID="string_region_1644587173000_2865l9"
                          HEIGHT="143"
                          WIDTH="285"
                          VPOS="989"
                          HPOS="3485"
                          CONTENT="depeutes"/>
               </TextLine>
               <TextLine ID="region_1644587173000_2865l10"
                         BASELINE="3506,1166 3626,1164 3746,1162 3866,1162 3986,1162 4106,1160 4226,1160 4346,1160 4466,1162 4586,1162 4706,1162 4826,1162 4946,1160 5066,1160 5186,1160 5306,1158 5426,1156 5546,1152 5666,1150 5786,1146 5906,1140"
                         HEIGHT="186"
                         WIDTH="2433"
                         VPOS="1028"
                         HPOS="3489">
                  <String ID="string_region_1644587173000_2865l10"
                          HEIGHT="186"
                          WIDTH="2433"
                          VPOS="1028"
                          HPOS="3489"
                          CONTENT="la resolution du conseil supreme de nander la moitie eu taxe des mercedes"/>
               </TextLine>
               <TextLine ID="region_1644587173000_2865l11"
                         BASELINE="3496,1272 3613,1270 3731,1268 3849,1268 3966,1266 4084,1266 4202,1268 4319,1268 4437,1268 4555,1268 4673,1268 4790,1270 4908,1268 5026,1268 5143,1267 5261,1266 5379,1262 5496,1259 5614,1254 5732,1249 5850,1242"
                         HEIGHT="189"
                         WIDTH="2384"
                         VPOS="1152"
                         HPOS="3481">
                  <String ID="string_region_1644587173000_2865l11"
                          HEIGHT="189"
                          WIDTH="2384"
                          VPOS="1152"
                          HPOS="3481"
                          CONTENT="obtenue p autre chanceerie ferra revenir presque tous ceux qui en"/>
               </TextLine>
               <TextLine ID="region_1644587173000_2865l12"
                         BASELINE="3506,1372 3623,1370 3741,1368 3859,1368 3977,1368 4095,1368 4212,1370 4330,1370 4448,1372 4566,1373 4684,1374 4801,1374 4919,1374 5037,1374 5155,1374 5273,1372 5390,1370 5508,1366 5626,1360 5744,1354 5862,1346"
                         HEIGHT="122"
                         WIDTH="2386"
                         VPOS="1281"
                         HPOS="3490">
                  <String ID="string_region_1644587173000_2865l12"
                          HEIGHT="122"
                          WIDTH="2386"
                          VPOS="1281"
                          HPOS="3490"
                          CONTENT="sont pourvue ceux de traxelles ont fait la mesme chose, pour aunner"/>
               </TextLine>
               <TextLine ID="region_1644587173000_2865l13"
                         BASELINE="3522,1468 3639,1469 3756,1470 3873,1470 3991,1472 4108,1474 4225,1476 4343,1478 4460,1480 4577,1482 4695,1482 4812,1484 4929,1484 5046,1484 5164,1484 5281,1484 5398,1482 5516,1478 5633,1475 5750,1470 5868,1464"
                         HEIGHT="189"
                         WIDTH="2374"
                         VPOS="1373"
                         HPOS="3508">
                  <String ID="string_region_1644587173000_2865l13"
                          HEIGHT="189"
                          WIDTH="2374"
                          VPOS="1373"
                          HPOS="3508"
                          CONTENT="un chacequn, cependant il ne laisse pas d'estre sensible d'avoir perdue "/>
               </TextLine>
               <TextLine ID="region_1644587173000_2865l14"
                         BASELINE="3504,1572 3529,1571 3554,1570 3579,1569 3605,1568 3630,1568 3655,1568 3681,1568 3706,1568 3731,1567 3756,1566 3782,1565 3807,1564 3832,1562 3858,1558"
                         HEIGHT="160"
                         WIDTH="385"
                         VPOS="1468"
                         HPOS="3488">
                  <String ID="string_region_1644587173000_2865l14"
                          HEIGHT="160"
                          WIDTH="385"
                          VPOS="1468"
                          HPOS="3488"
                          CONTENT="son argent"/>
               </TextLine>
               <TextLine ID="region_1644587173000_2865l15"
                         BASELINE="3514,1664 3627,1664 3740,1662 3854,1662 3967,1660 4081,1660 4194,1660 4307,1658 4421,1658 4534,1658 4648,1658 4761,1656 4874,1656 4988,1654 5101,1654 5215,1652 5328,1650 5441,1648 5555,1644 5668,1642 5782,1638"
                         HEIGHT="165"
                         WIDTH="2302"
                         VPOS="1554"
                         HPOS="3497">
                  <String ID="string_region_1644587173000_2865l15"
                          HEIGHT="165"
                          WIDTH="2302"
                          VPOS="1554"
                          HPOS="3497"
                          CONTENT="Mons: Knijff ma fait voire ce quil en faudra payer &amp; comme deux"/>
               </TextLine>
               <TextLine ID="region_1644587173000_2865l16"
                         BASELINE="3496,1762 3613,1762 3730,1764 3848,1764 3965,1766 4083,1766 4200,1766 4317,1766 4435,1764 4552,1764 4670,1762 4787,1762 4904,1761 5022,1760 5139,1758 5257,1756 5374,1756 5491,1754 5609,1752 5726,1750 5844,1750"
                         HEIGHT="171"
                         WIDTH="2377"
                         VPOS="1676"
                         HPOS="3481">
                  <String ID="string_region_1644587173000_2865l16"
                          HEIGHT="171"
                          WIDTH="2377"
                          VPOS="1676"
                          HPOS="3481"
                          CONTENT="freres ne pagent fun taxe &amp; demie, il montera pour nous deux freres"/>
               </TextLine>
               <TextLine ID="region_1644587173000_2865l17"
                         BASELINE="3498,1864 3612,1864 3726,1866 3840,1867 3954,1868 4069,1868 4183,1868 4297,1868 4411,1868 4525,1866 4640,1866 4754,1866 4868,1864 4982,1863 5096,1862 5211,1860 5325,1860 5439,1858 5553,1856 5667,1856 5782,1854"
                         HEIGHT="126"
                         WIDTH="2313"
                         VPOS="1758"
                         HPOS="3483">
                  <String ID="string_region_1644587173000_2865l17"
                          HEIGHT="126"
                          WIDTH="2313"
                          VPOS="1758"
                          HPOS="3483"
                          CONTENT="celon mon caleule comme en suite, il ne faut quue patente, les deux"/>
               </TextLine>
               <TextLine ID="region_1644587173000_2865l18"
                         BASELINE="3482,1964 3550,1966 3619,1966 3687,1966 3756,1966 3824,1966 3893,1968 3961,1968 4030,1968 4098,1969 4167,1970 4235,1970 4304,1970 4372,1970 4441,1972 4509,1972 4578,1972 4646,1972 4715,1972 4783,1971 4852,1970"
                         HEIGHT="175"
                         WIDTH="1401"
                         VPOS="1863"
                         HPOS="3468">
                  <String ID="string_region_1644587173000_2865l18"
                          HEIGHT="175"
                          WIDTH="1401"
                          VPOS="1863"
                          HPOS="3468"
                          CONTENT="freres egaux en mercedes par xemple "/>
               </TextLine>
               <TextLine ID="region_1644587173000_2865l19"
                         BASELINE="3514,2064 3629,2066 3744,2066 3859,2068 3974,2069 4089,2070 4204,2072 4319,2072 4434,2074 4549,2075 4665,2076 4780,2076 4895,2076 5010,2076 5125,2076 5240,2076 5355,2074 5470,2072 5585,2070 5700,2067 5816,2064"
                         HEIGHT="110"
                         WIDTH="2332"
                         VPOS="2019"
                         HPOS="3499">
                  <String ID="string_region_1644587173000_2865l19"
                          HEIGHT="110"
                          WIDTH="2332"
                          VPOS="2019"
                          HPOS="3499"
                          CONTENT="pour la taxe de noblesse, avec annoblissement de nouveau en temt que "/>
               </TextLine>
               <TextLine ID="region_1644587173000_2865l20"
                         BASELINE="3498,2164 3614,2166 3730,2166 3847,2166 3963,2166 4080,2168 4196,2168 4312,2170 4429,2170 4545,2170 4662,2172 4778,2172 4894,2172 5011,2172 5127,2172 5244,2172 5360,2170 5476,2170 5593,2168 5709,2164 5826,2162"
                         HEIGHT="139"
                         WIDTH="2359"
                         VPOS="2104"
                         HPOS="3483">
                  <String ID="string_region_1644587173000_2865l20"
                          HEIGHT="139"
                          WIDTH="2359"
                          VPOS="2104"
                          HPOS="3483"
                          CONTENT="de besoing la taxe entiere 789:- peur la moitie porte 394:30"/>
               </TextLine>
               <TextLine ID="region_1644587173000_2865l21"
                         BASELINE="3514,2266 3611,2265 3709,2264 3807,2264 3904,2264 4002,2266 4100,2266 4197,2268 4295,2268 4393,2270 4491,2272 4588,2272 4686,2274 4784,2274 4881,2276 4979,2276 5077,2274 5174,2274 5272,2272 5370,2270 5468,2266"
                         HEIGHT="172"
                         WIDTH="1985"
                         VPOS="2164"
                         HPOS="3500">
                  <String ID="string_region_1644587173000_2865l21"
                          HEIGHT="172"
                          WIDTH="1985"
                          VPOS="2164"
                          HPOS="3500"
                          CONTENT="pour la couronne sur l'heanne au lieu du bourlet la taxes"/>
               </TextLine>
               <TextLine ID="region_1644587173000_2865l22"
                         BASELINE="3510,2360 3621,2360 3733,2362 3844,2364 3956,2366 4067,2367 4179,2368 4290,2370 4402,2372 4513,2374 4625,2376 4736,2378 4848,2378 4959,2380 5071,2380 5182,2380 5294,2380 5405,2379 5517,2378 5628,2376 5740,2374"
                         HEIGHT="177"
                         WIDTH="2263"
                         VPOS="2266"
                         HPOS="3493">
                  <String ID="string_region_1644587173000_2865l22"
                          HEIGHT="177"
                          WIDTH="2263"
                          VPOS="2266"
                          HPOS="3493"
                          CONTENT="ectiere 100:- la moitie sans patente particu liere ...  50:"/>
               </TextLine>
               <TextLine ID="region_1644587173000_2865l23"
                         BASELINE="3508,2462 3607,2464 3707,2466 3806,2468 3906,2470 4006,2472 4105,2474 4205,2476 4304,2478 4404,2480 4504,2482 4603,2484 4703,2484 4802,2486 4902,2486 5002,2486 5101,2486 5201,2484 5300,2482 5400,2482 5500,2478"
                         HEIGHT="182"
                         WIDTH="2024"
                         VPOS="2380"
                         HPOS="3491">
                  <String ID="string_region_1644587173000_2865l23"
                          HEIGHT="182"
                          WIDTH="2024"
                          VPOS="2380"
                          HPOS="3491"
                          CONTENT="pour tenans avec banderolles, sans patente parti: 150 ce qui"/>
               </TextLine>
               <TextLine ID="region_1644587173000_2865l24"
                         BASELINE="3474,2554 3558,2557 3643,2560 3728,2562 3813,2564 3898,2568 3983,2569 4068,2571 4153,2572 4238,2574 4323,2576 4407,2576 4492,2578 4577,2578 4662,2580 4747,2580 4832,2580 4917,2580 5002,2581 5087,2582 5172,2582"
                         HEIGHT="176"
                         WIDTH="1731"
                         VPOS="2468"
                         HPOS="3456">
                  <String ID="string_region_1644587173000_2865l24"
                          HEIGHT="176"
                          WIDTH="1731"
                          VPOS="2468"
                          HPOS="3456"
                          CONTENT="faudrre estre entiere, puis que c'est re grace nouvelle"/>
               </TextLine>
               <TextLine ID="region_1644587173000_2865l25"
                         BASELINE="5468,2586 5493,2582 5518,2579 5543,2578 5568,2577 5594,2576 5619,2576 5644,2576 5669,2576 5695,2576 5720,2575 5745,2572 5770,2569 5796,2566"
                         HEIGHT="137"
                         WIDTH="364"
                         VPOS="2476"
                         HPOS="5449">
                  <String ID="string_region_1644587173000_2865l25"
                          HEIGHT="137"
                          WIDTH="364"
                          VPOS="2476"
                          HPOS="5449"
                          CONTENT="150:-"/>
               </TextLine>
               <TextLine ID="region_1644587173000_2865l26"
                         BASELINE="5476,2664 5501,2662 5527,2661 5553,2660 5579,2660 5605,2660 5631,2660 5656,2660 5682,2660 5708,2660 5734,2658 5760,2656 5786,2653 5812,2648"
                         HEIGHT="107"
                         WIDTH="367"
                         VPOS="2582"
                         HPOS="5461">
                  <String ID="string_region_1644587173000_2865l26"
                          HEIGHT="107"
                          WIDTH="367"
                          VPOS="2582"
                          HPOS="5461"
                          CONTENT=" 24:-"/>
               </TextLine>
               <TextLine ID="region_1644587173000_2865l27"
                         BASELINE="3520,2660 3553,2660 3586,2660 3619,2660 3652,2660 3685,2660 3718,2660 3751,2660 3784,2660 3817,2660 3850,2662 3883,2662 3916,2662 3949,2663 3982,2664 4015,2664 4048,2664 4081,2664 4114,2664 4147,2664 4180,2664"
                         HEIGHT="150"
                         WIDTH="692"
                         VPOS="2575"
                         HPOS="3504">
                  <String ID="string_region_1644587173000_2865l27"
                          HEIGHT="150"
                          WIDTH="692"
                          VPOS="2575"
                          HPOS="3504"
                          CONTENT="pour les droits d'agent"/>
               </TextLine>
               <TextLine ID="region_1644587173000_2865l28"
                         BASELINE="4468,2792 4538,2794 4608,2796 4678,2796 4748,2796 4819,2796 4889,2796 4959,2796 5029,2794 5099,2793 5170,2792 5240,2790 5310,2788 5380,2787 5450,2786 5521,2784 5591,2783 5661,2782 5731,2781 5801,2780 5872,2780"
                         HEIGHT="181"
                         WIDTH="1434"
                         VPOS="2649"
                         HPOS="4453">
                  <String ID="string_region_1644587173000_2865l28"
                          HEIGHT="181"
                          WIDTH="1434"
                          VPOS="2649"
                          HPOS="4453"
                          CONTENT="en Seulle argaerd akmagnen 613:80"/>
               </TextLine>
               <TextLine ID="region_1644587173000_2865l29"
                         BASELINE="3498,2908 3596,2906 3694,2904 3792,2904 3890,2904 3988,2904 4086,2904 4184,2904 4282,2904 4380,2904 4478,2904 4576,2904 4674,2904 4772,2904 4870,2904 4968,2902 5066,2900 5164,2898 5262,2894 5360,2890 5458,2886"
                         HEIGHT="192"
                         WIDTH="1992"
                         VPOS="2766"
                         HPOS="3481">
                  <String ID="string_region_1644587173000_2865l29"
                          HEIGHT="192"
                          WIDTH="1992"
                          VPOS="2766"
                          HPOS="3481"
                          CONTENT="pour  pour l'autre frere de noblesse avec annoblissement de "/>
               </TextLine>
               <TextLine ID="region_1644587173000_2865l30"
                         BASELINE="5470,2984 5496,2984 5522,2986 5548,2986 5575,2986 5601,2986 5627,2986 5653,2986 5680,2986 5706,2986 5732,2986 5758,2985 5785,2984 5811,2984 5837,2983 5864,2982"
                         HEIGHT="172"
                         WIDTH="427"
                         VPOS="2880"
                         HPOS="5454">
                  <String ID="string_region_1644587173000_2865l30"
                          HEIGHT="172"
                          WIDTH="427"
                          VPOS="2880"
                          HPOS="5454"
                          CONTENT=" 192:15"/>
               </TextLine>
               <TextLine ID="region_1644587173000_2865l31"
                         BASELINE="3524,2998 3574,2998 3625,2998 3676,2998 3727,2998 3778,2998 3829,2998 3880,2998 3931,2998 3982,3000 4033,3000 4083,3000 4134,3000 4185,3000 4236,3002 4287,3002 4338,3002 4389,3003 4440,3004 4491,3004 4542,3006"
                         HEIGHT="155"
                         WIDTH="1048"
                         VPOS="2906"
                         HPOS="3509">
                  <String ID="string_region_1644587173000_2865l31"
                          HEIGHT="155"
                          WIDTH="1048"
                          VPOS="2906"
                          HPOS="3509"
                          CONTENT="nouveau en toms que de besoinh."/>
               </TextLine>
               <TextLine ID="region_1644587173000_2865l32"
                         BASELINE="3506,3096 3605,3098 3704,3098 3803,3098 3902,3100 4001,3100 4100,3102 4199,3102 4298,3104 4397,3104 4496,3104 4595,3104 4694,3104 4793,3104 4892,3103 4991,3102 5090,3100 5189,3096 5288,3092 5387,3088 5486,3082"
                         HEIGHT="139"
                         WIDTH="2009"
                         VPOS="3036"
                         HPOS="3491">
                  <String ID="string_region_1644587173000_2865l32"
                          HEIGHT="139"
                          WIDTH="2009"
                          VPOS="3036"
                          HPOS="3491"
                          CONTENT="pour la couronne dos au lieu du bouolet 100:- qui faudra "/>
               </TextLine>
               <TextLine ID="region_1644587173000_2865l33"
                         BASELINE="3500,3200 3599,3198 3698,3198 3797,3198 3896,3198 3995,3199 4094,3200 4193,3202 4292,3202 4391,3204 4491,3206 4590,3206 4689,3208 4788,3208 4887,3208 4986,3206 5085,3206 5184,3204 5283,3202 5382,3198 5482,3192"
                         HEIGHT="141"
                         WIDTH="2013"
                         VPOS="3109"
                         HPOS="3485">
                  <String ID="string_region_1644587173000_2865l33"
                          HEIGHT="141"
                          WIDTH="2013"
                          VPOS="3109"
                          HPOS="3485"
                          CONTENT="entiere, puis quil n'este point comprce dans la chevalerie la "/>
               </TextLine>
               <TextLine ID="region_1644587173000_2865l34"
                         BASELINE="5466,3280 5493,3282 5520,3284 5547,3284 5574,3284 5602,3282 5629,3281 5656,3279 5683,3278 5710,3276 5738,3276"
                         HEIGHT="189"
                         WIDTH="306"
                         VPOS="3170"
                         HPOS="5448">
                  <String ID="string_region_1644587173000_2865l34"
                          HEIGHT="189"
                          WIDTH="306"
                          VPOS="3170"
                          HPOS="5448"
                          CONTENT=" 30:"/>
               </TextLine>
               <TextLine ID="region_1644587173000_2865l35"
                         BASELINE="3506,3298 3532,3299 3558,3300 3584,3302 3610,3302 3636,3302 3662,3302 3688,3302 3715,3302 3741,3302 3767,3302 3793,3300 3819,3300 3845,3300 3871,3299 3898,3298"
                         HEIGHT="137"
                         WIDTH="424"
                         VPOS="3221"
                         HPOS="3489">
                  <String ID="string_region_1644587173000_2865l35"
                          HEIGHT="137"
                          WIDTH="424"
                          VPOS="3221"
                          HPOS="3489"
                          CONTENT="denie taxe"/>
               </TextLine>
               <TextLine ID="region_1644587173000_2865l36"
                         BASELINE="3514,3392 3624,3394 3735,3396 3845,3397 3956,3398 4067,3400 4177,3402 4288,3402 4398,3404 4509,3404 4620,3406 4730,3406 4841,3406 4951,3406 5062,3406 5173,3404 5283,3404 5394,3402 5504,3402 5615,3400 5726,3398"
                         HEIGHT="172"
                         WIDTH="2244"
                         VPOS="3300"
                         HPOS="3497">
                  <String ID="string_region_1644587173000_2865l36"
                          HEIGHT="172"
                          WIDTH="2244"
                          VPOS="3300"
                          HPOS="3497"
                          CONTENT="pour tenans avec bandorelles de la somme entiere, la moitie  25:"/>
               </TextLine>
               <TextLine ID="region_1644587173000_2865l37"
                         BASELINE="3508,3496 3540,3496 3573,3496 3606,3497 3639,3498 3672,3498 3705,3498 3738,3499 3771,3500 3804,3500 3837,3500 3869,3502 3902,3502 3935,3503 3968,3504 4001,3504 4034,3506 4067,3506 4100,3506 4133,3506 4166,3508"
                         HEIGHT="144"
                         WIDTH="689"
                         VPOS="3407"
                         HPOS="3493">
                  <String ID="string_region_1644587173000_2865l37"
                          HEIGHT="144"
                          WIDTH="689"
                          VPOS="3407"
                          HPOS="3493"
                          CONTENT="pour le droit d'agent "/>
               </TextLine>
               <TextLine ID="region_1644587173000_2865l38"
                         BASELINE="5464,3504 5489,3504 5515,3504 5541,3504 5566,3504 5592,3506 5618,3506 5643,3506 5669,3506 5695,3506 5720,3505 5746,3502 5772,3500"
                         HEIGHT="95"
                         WIDTH="338"
                         VPOS="3433"
                         HPOS="5450">
                  <String ID="string_region_1644587173000_2865l38"
                          HEIGHT="95"
                          WIDTH="338"
                          VPOS="3433"
                          HPOS="5450"
                          CONTENT="  12:"/>
               </TextLine>
               <TextLine ID="region_1644587173000_2865l39"
                         BASELINE="4370,3628 4445,3632 4521,3634 4596,3635 4672,3636 4748,3636 4823,3636 4899,3636 4974,3636 5050,3636 5126,3636 5201,3636 5277,3634 5352,3634 5428,3634 5504,3636 5579,3636 5655,3638 5730,3640 5806,3642 5882,3646"
                         HEIGHT="193"
                         WIDTH="1544"
                         VPOS="3512"
                         HPOS="4354">
                  <String ID="string_region_1644587173000_2865l39"
                          HEIGHT="193"
                          WIDTH="1544"
                          VPOS="3512"
                          HPOS="4354"
                          CONTENT="En semble pour les deux frores 952:45"/>
               </TextLine>
               <TextLine ID="region_1644587173000_2865l40"
                         BASELINE="3524,3724 3641,3726 3759,3728 3877,3730 3994,3734 4112,3734 4230,3737 4347,3738 4465,3740 4583,3742 4701,3744 4818,3746 4936,3750 5054,3752 5171,3756 5289,3760 5407,3764 5524,3767 5642,3772 5760,3778 5878,3786"
                         HEIGHT="232"
                         WIDTH="2389"
                         VPOS="3620"
                         HPOS="3508">
                  <String ID="string_region_1644587173000_2865l40"
                          HEIGHT="232"
                          WIDTH="2389"
                          VPOS="3620"
                          HPOS="3508"
                          CONTENT="ce cy ettent luttement calcule selon le tarit de droit pour les annoblissement &amp;e "/>
               </TextLine>
               <TextLine ID="region_1644587173000_2865l41"
                         BASELINE="3510,3838 3628,3838 3747,3840 3865,3842 3984,3843 4103,3844 4221,3848 4340,3850 4458,3852 4577,3856 4696,3858 4814,3862 4933,3865 5051,3868 5170,3872 5289,3876 5407,3880 5526,3882 5644,3886 5763,3890 5882,3894"
                         HEIGHT="210"
                         WIDTH="2403"
                         VPOS="3729"
                         HPOS="3495">
                  <String ID="string_region_1644587173000_2865l41"
                          HEIGHT="210"
                          WIDTH="2403"
                          VPOS="3729"
                          HPOS="3495"
                          CONTENT="envoyez de vienne ainsy ie ne doute pas mons: que vous obtiendray le tout pour"/>
               </TextLine>
               <TextLine ID="region_1644587173000_2865l42"
                         BASELINE="3482,3954 3602,3954 3723,3956 3844,3956 3965,3958 4086,3960 4207,3962 4328,3966 4449,3968 4570,3970 4691,3974 4811,3976 4932,3980 5053,3983 5174,3986 5295,3990 5416,3992 5537,3994 5658,3997 5779,4000 5900,4000"
                         HEIGHT="187"
                         WIDTH="2452"
                         VPOS="3875"
                         HPOS="3466">
                  <String ID="string_region_1644587173000_2865l42"
                          HEIGHT="187"
                          WIDTH="2452"
                          VPOS="3875"
                          HPOS="3466"
                          CONTENT="la somme cy dessus ne croiant quil faudra payer quelque hose pour le "/>
               </TextLine>
               <TextLine ID="region_1644587173000_2865l43"
                         BASELINE="3488,4066 3609,4068 3731,4070 3853,4072 3974,4074 4096,4076 4218,4078 4339,4080 4461,4082 4583,4083 4705,4084 4826,4086 4948,4090 5070,4092 5191,4094 5313,4096 5435,4099 5556,4102 5678,4106 5800,4109 5922,4112"
                         HEIGHT="176"
                         WIDTH="2465"
                         VPOS="3949"
                         HPOS="3473">
                  <String ID="string_region_1644587173000_2865l43"
                          HEIGHT="176"
                          WIDTH="2465"
                          VPOS="3949"
                          HPOS="3473"
                          CONTENT="changement du cernier ne touchant tien d'augmentations ou changement"/>
               </TextLine>
               <TextLine ID="region_1644587173000_2865l44"
                         BASELINE="3478,4186 3594,4186 3710,4186 3826,4186 3942,4186 4059,4188 4175,4190 4291,4191 4407,4193 4523,4195 4640,4198 4756,4200 4872,4202 4988,4205 5104,4208 5221,4210 5337,4211 5453,4212 5569,4214 5685,4216 5802,4216"
                         HEIGHT="172"
                         WIDTH="2357"
                         VPOS="4073"
                         HPOS="3462">
                  <String ID="string_region_1644587173000_2865l44"
                          HEIGHT="172"
                          WIDTH="2357"
                          VPOS="4073"
                          HPOS="3462"
                          CONTENT="d'armes. ie vous prie mons. d'examiner le tout &amp; de vous intornner "/>
               </TextLine>
               <TextLine ID="region_1644587173000_2865l45"
                         BASELINE="3500,4300 3616,4302 3733,4304 3850,4306 3967,4308 4084,4308 4200,4308 4317,4310 4434,4310 4551,4312 4668,4312 4784,4312 4901,4314 5018,4316 5135,4318 5252,4320 5368,4323 5485,4328 5602,4332 5719,4337 5836,4342"
                         HEIGHT="213"
                         WIDTH="2367"
                         VPOS="4199"
                         HPOS="3485">
                  <String ID="string_region_1644587173000_2865l45"
                          HEIGHT="213"
                          WIDTH="2367"
                          VPOS="4199"
                          HPOS="3485"
                          CONTENT="sion voudroit expedier la patente, sur le pied demande p la requeste,"/>
               </TextLine>
            </TextBlock>
         </PrintSpace>
      </Page>
   </Layout>
</alto>
