8077 4623
2521 190 599 143 Adij 7 meert 1735

923 202 464 135 Gendt Coppens

1068 301 2214 179 ue seer aengename dan 6 pass is ons op sijn tijdt wel geworden, & tot nu toe

1032 396 2208 183 door menighvusdige affaires onbeantoordt gebleven, de affairent tot weenen

1065 494 2068 163 sijn eijndelijck geeffent & de resieninge al hier ontfangel, waer bj meer

1068 593 2216 138 verliese, als ul soo verhope & door den soorm windt geleden heeft echtervis ons

1072 680 2232 193 leedt om ooren, dat ue al mede onder de ongeluckige sijdt geveelt wij willen

1058 815 2250 143 hopen dat de leteriye die op 21 deser staedt getrocken te worden, ons een volle

1060 899 2246 180 vergoedinge sal verlienen ten welcken effecte, & volgens de aprobatie van

1065 1025 2255 167 aa soeur ue. liefste drij loten hebbe ulgeleydt iser voor de helft, te weeten

1062 1105 2223 160 voor martouw ue. liefsie, d'een helft, & voor mij dande heelft op ons voorigh

1041 1206 2212 204 devies, stront oft coninck sjnde de Nunneros N. 12346 „ 47:48 goit wilons een

1058 1319 2219 212 goeden puys verleenen. bin nu genoechsaem geinformeert, dat de ƒ 30000:

1006 1402 2294 173 in de voorige loterye niet tot gent maer tot sions sijn gevallen. wat aengart

999 1564 2287 150 de miratlulen, die sijn soo groot niet als men wel heeft geseyet, mij dunoset

1011 1633 2268 217 dat den manivers gesequettrent is om dat de vro die droofheyt alle

1048 1762 2291 171 dagen niet voor hoogen soude hebben watter recht van is, ick sal tus: over son

1064 1881 2228 171 de beste informatie connen nemen het houwelijck van jouff: hemptinckx is

1062 2010 2246 147 voltrocken, soo als met mijnen voorigen geadviseet, & volgens ue gelieft te

1059 2137 2222 167 noteren geloove ue lisebeth oock in te grotte confrerie ingeschereven is

1062 2246 2278 156 het is goedt, dat fissien om het verlies van sjne manme niet becomment is

1028 2335 2279 203 & wille wel gelooven, als hij groet sal sijn, dat hij lieverde doecken, als

1047 2465 2135 168 te broecken sal sien, ons anne misse heeft veel verloren gaen ons

1052 2599 2179 185 lisebetle, sij is godt sanck aen de beter seyde, wordt levender van

1037 2688 2112 177 corleur & wat vetter, dogh het hoestie blijfft haer noch al wat bij,

1051 2791 2136 210 wij verhopen, dat het halt met den somer teenemael sal verlaeten

1066 2901 2230 193 mijn liefste blijft noch al even sterck geincomodeert, op haere borste

1031 2978 2291 248 Door het slyn, blijvende ue ten hooghtten verplicht over het pant dat

1044 3124 2263 201 ue, ontvent sconne gesontheydt is lemende, als mede vver ue s

1070 3264 2232 174 vandelijcke noodiage tot het half vasten merck somende daer van

1067 3383 2223 144 niet profiteren, om haere onpasselyckhejdt wij versoecken, dat ick

1067 3489 2261 134 mevrouw ue liefste & fissien, net het aenstaende paes falt ons d'eere

1064 3623 2139 156 gelieft aen te doen wae ons te comen besoecken, & ul logelement

1006 3692 2326 207 tonten huyse te nemen, die greffier moenssent die heden vertrcht

1050 3817 2208 211 naer costy, is gelast mondelint uyt onsee name ice hier toe te

1064 3977 2202 129 versoecken & willen hopen ue aen ons versoeck sult voldoen, & in

1069 4096 2190 157 afwaghtinge van een favoratel antwoordt blijve naer onse

1045 4187 1712 174 ordinaire complimenten & pesentatie van dienst

1056 4304 2009 148 mevrouw blound, sal van het hof vertrecken p 21 deser

1068 4390 918 71 met het beyin van den lente

3423 3204 144 190 uy

5110 195 818 190 Ady 16 meert 1735

3424 205 906 185 London John tatnale & son

3549 318 2357 139 le 23 du passe faut a vos graces ma derniere, a la quelle ie me refetre

3547 417 2375 191 celle ne servira que pour vous envoyer l'inchise facture & cognossement

3534 554 103 151 dutt

3541 689 103 146 loy

4660 1676 302 132 22 p9&

4653 1769 305 126 11414:4

4625 1824 359 186 ƒ16:9-

5054 4108 293 229 Jusper

5805 1346 111 129 or

5800 1458 81 107 le

5790 1552 162 144 heur

5822 2407 132 120 jve

5809 2548 115 131 ier

5816 2787 118 136 ge

5814 3009 124 136 Jay

5842 3166 50 114 6

5794 3639 126 124 th

5825 3761 108 140 6
