8056 4671
2442 197 783 177 Ady 27 julij 1742

882 214 953 139 waerloos michiel soots

1029 317 2247 176 alsoo nimant verneme die de verloope croisen man renten

1035 431 2195 165 die ick ben heffende tot ue & ue overledene huys vrouwe

1026 556 2194 149 laste gehupotiqueert op ue landen comt betaelen soo ik

1028 612 2283 200 als dat bij desen ue come vermanen, dan met den eersten

1010 765 2252 167 over te comen, & my te comen spreken sijnde niet gesint

1036 850 2251 177 die vente langer te laten verloopen, & in gevalle us niet

1021 917 2154 224 en comt sal genooitsaeckt wesen andere middelen

1011 1055 1918 213 te gebruycken waer naer cont reguleren & blijve

2429 1146 429 194 Ady d

1104 1226 859 169 Transus verhaegen

1011 1280 2091 234 come bij desen ue te laeten weeten, als dat mmant

1026 1412 2155 223 om en liet, om de croisen Jan rente te comen betalen

1021 1535 2083 169 die mij sijn competerende op de landen gehipotiqueert

1032 1614 2245 241 Jan michiel cools, & anne illaria dehagen ue overlede ie suster

1017 1751 2072 215 sijnde nu over de twee saeren ten achteren vermits

1037 1845 2189 207 niet gesint ben, langer te laeten verloopen soo versoecke

1013 1975 2165 196 de Brinden te adveiteren om y ta comm spreken met

1017 2082 2258 216 den eersten, oft sal genoodtsaeckt wesen andere middeln

1023 2195 2200 230 te moeten gebruijsken waer mede naer groetenisse blijve

2592 2319 706 180 Ady 24 aug. 1742

859 2377 873 154 Gandt advocart basilius

1019 2438 2310 205 beyde ue aengename van 26 & 28 pass op hun tijdt wel ontfangeen

1005 2573 2265 189 bij den eersten ue advies ontrent de verkoghte landen gelegen onder

1018 2689 2204 188 d heerlijckheijdt van borcht, in den lande van waes, soo ick uyt

1030 2801 2284 194 use brief vatten can, soo nemt ue al ofter twee boedels waerom

1011 2914 2284 137 si moet weten, dat den meen gestorven is 3 a 4jaeren door het

1002 3019 2332 191 fallissement van de vrouwe, soo dat het sterrhuys Jan den man

1018 3123 2214 178 niet voor banqueroet genomen en wordt al hoe wel van

1003 3228 2311 173 sijnen tijdt af tertresse is gemeest de vrinden van den man

1001 3346 2302 202 hebben reght tot het vlaems goedt voorde heeft dogh de gene

1002 3474 2357 192 die hier woonen, willen hen door befgenaeem niet declarerey

1002 3587 2223 143 nochte sullen men, sjn sterthuys niet aen trecken, wil

1015 3728 2235 169 wetende, datter sootresse is geweest, dogh andere die arm

985 3808 2214 200 sijn, & niet te verliesen hebben, souden de Coopers van de

1007 3932 2241 165 vlaemse goederen comen ontruste, binnen de 30 jucvan

1009 4048 2184 188 tnse advoiaten sijn van advies, dat mij soude laeten

1012 4188 2274 169 goeden in die partije van landen & dat de penningen onder

1020 4270 2243 181 mij souden blijven gesegelt door den cutateur waer over

5841 100 134 193 64

3524 240 2400 151 ik met den suratens eens ben, & dat den curateur alle de voinden

3533 343 2330 152 moet intineren bij purge oock vinden sij niet onsernden dat

3528 422 2387 181 ick een pudge over het lant alleen in vlaenderen soude laten

3520 522 2390 195 doen, daerom wenste wel van uls te weeten, hoe veel soo een

3543 618 2421 168 purge soude costen, & op wat maniere die sende moeten geschreden

3511 752 2424 198 tsij in den rate van vlaenderen, ofte voor schepene van gedeele

3518 860 2424 214 ick soude die porge wel laeten doen, om bevrijtt sijn Jan

3502 972 2431 195 binnen de 30 jaeren geene extorsien te lijden, mij dunckt dat

3506 1113 2448 133 den curateur in den rade Jan Brabant oock sal tenteren, over

3500 1216 2400 198 geheel het sterhuys van den overleden man. dese affairens

3499 1329 2450 158 hebben mij soo veee occupatien gegeven, dat niet veel op de

3503 1434 2443 181 twee derlorene processen gepeust hebbe, niet te men hebbe

3504 1564 2409 177 met groot gevoelen gasien het advies van ue benevens dhier

3501 1681 2477 159 adviant costier ontrent de sake tegens kersins ick refervore

3514 1770 2473 217 mij geheel aen ul oordeel en ben te vreeden, daer inne te doon

3499 1905 2470 128 gelijck geraden sult vinden evenwel dat versehert waere dat

3514 2002 2297 208 in ten raede gouderen soude, ick soude syn in solventie niet

3520 2128 2433 202 aen sien, want tis dan soo groote conscquentie, dat de insetene

3501 2235 2376 156 van nu as laeten luyden, al oft sij voij syn vant besten hoort

3488 2377 2458 144 & sal sekerlijck niet een hoey biest voor comen oft sal verstcken

3510 2444 2434 186 ot verkoght sijn oock sullen bij niet waghten tot den sterfdagh

3494 2563 2460 194 als wanheer minder recht soude hebben, als van dese &ies twijfele

3507 2675 2419 181 niet oft sal bij deerste occasie een niuw proces hebben, oft ick

3509 2812 2452 137 moet hun ontrent het besten hert abandonnere & maer aen nemay

3510 2907 2332 167 watte te crijgen is, het aspil moet seherlijck geintent eert

3508 3021 2428 203 worden en men ceen het onvervolght laeten op dat de sententie

3492 3109 2434 206 niet en soude gaen in craght ven geweijsde, gelijck ue gelieft

3480 3279 459 124 te noteren

3497 3281 2433 241 de talle tegens Jan van bossche is van soo groot gevolgh niet, de

3489 3425 2478 197 salie principael is geobtineert, terwijlen hij den iedt moet doen

3501 3537 2445 219 over sulx gelieve een niuwe requeste op te stellen ten eynde

3492 3679 2467 191 aen hem geordonneert wordt in gevolge de sententie de doen

3480 3780 2374 217 den hede bij fijne presentatie vermelt & aen mij te laten

3484 3900 2410 224 volgen den besten pant die gescosen sal worden. de twee

3477 4046 2297 199 protesten van appel, over dese twee saken sijn geschiedt

3489 4167 1315 181 p 14 july 1742 tot uen naeright

3485 4284 2385 148 ul antwoordt benevens het geregvireerde afwaghtenie
