7817 4692
4882 1450 822 172 srien vous prester la

3688 1560 2091 190 Den ouderges. veulaen te committeren ende te constitueien soo

3689 1722 2120 122 enode gelijck hij goet mits desen m Jan Bap de Boeck procureur

3693 1778 2157 125 vanden Souvereynen Tlaede van rabam om reg. le pretent ean jnden

3696 1878 2132 92 voors haede ten eijnde van te becomen brieven van pilige our de

3687 1968 2156 124 sente bij mij gecoet ter vrijlgmrckt tot Antworpen van

3681 2034 2051 85 2700 guldens avitael ton laste der selve stadt casse consunt pi

3639 2098 2207 150 staende te ssoeck No 800, vercocht van wegens den hee breoident

3665 2201 2177 166 Traula, met macn vande vooz. prege ten dilfiniteves leques

3675 2293 2106 152 alle de geve ie vervolgen, gelovende ende verbindende P. rout

3660 2369 1943 176 Iin Commins forma lshun Antwerpen 11 sber 173

3981 2598 1701 200 opye van procuratie op heden 11 ster

3936 2746 1199 163 gesonden aen dht fransa
