8104 4644
2621 186 633 171 Adij 15 julij 1737

950 184 679 132 Melsele Moensten

1078 277 2263 204 hebbe eiyndentluc den heere advocaet van de perse geconsulteert over het

1080 402 2209 180 betten hoft van Jan wents, gewesene schaep herden van Frans: de long

1095 511 2188 125 wiens advies gedraeght dat recht hebbe het selve in te voorderen ul hoe

1089 635 2134 123 wel hij noch vader & moeder nt leven heeft reden om dat hij buyten

1079 713 2228 178 sioft & dranck van syn onders was daerom gelieft den betten nant te

1074 823 2201 181 kieren, & et te panden, oft wel eerst te lasen weeten waer nne dan

1074 917 2206 179 pant bestaedt is het een schaep, geloove ten minten ƒ6:- weirdigh sal

1056 1026 2248 178 sijn, is den justacoop bever soo sonde ue dien moeten trecken vertrouwe ul

1047 1140 2226 139 het besten ciesen sal, & dat ic het gelt van van issake sult hebben

1066 1245 2252 189 ontfanghen dhe van laer heeft het hoeft ge committeert schep aengecomen

1052 1331 2292 218 &twijfele niet of den prior van de sathuysers het sele sal gedaen het en

1065 1442 2247 210 blijve met verlangen van ick hier te sien, met het gelt tan en esbcke

1052 1563 2194 213 & van die verkoghte cap van de boonnen & groete ue van heten

1081 1718 1995 180 den justacorp van stalpaert leaft maer ƒ 12:10 gegoeden

2566 1799 429 182 Adij 17

906 1853 558 180 Rijsel Jan Zeller

1079 1973 2186 162 pour responce a l'honneur de la vre du 10 courant, ie vous diray, que

1053 2026 2208 204 jay parle au fermier du polier de calloo, qui mat dit que la dame

1035 2151 2192 194 saldaigne est morte depuis s aus, & que la rente en quettion est

1077 2249 2172 203 vendue p le procureis qual fiscale ie luy demandois somment

1055 2337 2237 234 cela se pouvoit faire, puis que mons: van Zeller de Lille en estort

1059 2462 2168 210 le preprictaire, il ma reponde, que jamais mons: Van Zeller ny

1037 2570 2049 222 de lannoy n'ont estez comme sur les reguttre & du dit polder

1055 2663 2203 230 ainsy mons: ie suis facue de voire, que vre rente du ƒ2020:- est

1067 2799 2226 224 perdue faute d'annetations au reaettres voila tonte l'information

1046 2911 2308 217 que ie vous puis donner, estant touj avec ofres de mes services

1048 3035 2276 153 a vous & a toute la famile, avec bien des sompliments de la part de

1056 3154 2130 213 men esponze, comme de celuy qui se dit tres pafaittement

2592 3273 459 195 Ady 23d

881 3277 618 220 Lille van Zeller

1051 3404 2250 203 ie vois p l'honneur de la vre du 22 courant, que l'affaire de vre rente

1051 3553 2234 163 n'est pas encor desespere, il est vray que ie ne suis pas capable, pour

1058 3667 2214 175 examiner le tout, quoy que vien ne me ferroit plus des plaisirs que de

1041 3762 2236 180 rendre service a la favile, & puis que vous incline, pour le mettre en

1061 3875 2196 164 mans d'un procureus, ie suis allez hier, chez mons: Daniel vervlassen

1053 3974 2265 140 un tres honist homme, & a qui vous pouvez fier il est mon procureit

1033 4110 2243 153 & soyez persuade, qu'il ne ferra pas des depences mal a propos d'un

1046 4192 2128 215 par, ie luy ay commiique vos lettres, il comcoit l'affaire

3992 1485 1015 206 LdJagnoy

3763 2379 1743 239 ad reccu en son temps la lettre

4643 2549 77 64 p

4767 2556 117 69 mes

3791 2539 1730 203 dont 505 seig- seius½ mont honore le

3810 2657 1690 191 11 de ce mois par la quelle je me trouve

3782 2780 1684 186 snrerpetle de proauire mes comptes du

3798 2867 1796 213 produit des droits sur le passage d'anvezs

3800 2990 1693 195 a la tere de flandre et de la chaussie

3806 3106 1801 210 vers. le Village de swijndrecht cConformement

3797 3263 1679 197 a l'oerroj perpetuel qu'il a plu a la

3795 3360 988 191 estardore d'en accorder

4967 3562 74 69 l

3782 3506 1832 243 llor vray este ss vies uoro que les comptes
