8015 4671
960 264 2290 113 voudrois vous remettre la moitie de la somme y mentione sur

971 323 2246 193 quoy j'ay l'honneur de vous dire, que ie n'ay peu satisfaire

953 425 2197 217 a vre demande jusqua presant, cependant j'ay trouve deux

981 551 2155 223 petites lettres, l'une de ƒ653:5 de change a vue p caisse

962 655 2301 194 a la charge de anthonins van den dalle & l'autre de £43:11 ƒt

960 802 2301 186 de change a vie sur augusten du mons a bruxelles que ie

975 886 2221 210 vous envoje cy joint endosse a vre ordre, vous priant d'en

973 1013 2301 165 procurer le requis, & les passer a compte de madame la buive

961 1161 2195 156 theodor Van Zelle ie ferray mon d'evoir pour vous envoyer

971 1257 2223 240 le restant, de la montie de la somme esperant que vous

956 1379 2221 235 trouveray l'occasion pour tirer sur moy l'autre moitie

978 1536 2231 194 & En cette attent, j'ay l'honneur d'estre tres parfaittement

2449 1628 694 193 Ady 19 mars 1733

806 1657 980 203 Lille wed: theodor Van Zeller

958 1778 2257 203 de me referre a celle que ie me suis donne l'honneur de vous escrire

987 1904 2300 165 le 11 coutant, depuis sans auqune de vos nouvelles vos ordres pour remettre

975 2004 2212 179 vre argent, que d'avois eutre mes mais sur bouxelles sont a la fin

982 2105 2235 239 excaute, & envoyez a mons. Jan de Cleves a la maniere sud vante

993 2259 281 145 scavoir

987 2268 2206 249 pour ma remise fait a mons. Jean de sleves le 15 court de ƒ653:5

981 2477 2239 155 negotie as pair, estant en argent de change de  £608:12:6

981 2569 2255 159 pour ma remise au d.s. de £43:11 a   avance „43:9:12

988 2682 1816 188 pour la traitte de mons.: Jean de Cleres pour vre compte de

2755 2742 497 152 „ 91:8:3:

973 2794 1299 179 ƒ900:- courant en argent de change

1003 2877 2195 214 pour la traitte du dit s: En argent de change de „ 702:16:5

2104 2957 1133 257 in smble .. £426:12:5

989 3138 2173 162 vous priant de me crediter pour la ditte somme, de conformite

981 3259 2172 191 J'ay payez pour courtage de £3350:4:6 et a 9 sols  £100-

975 3402 2257 167 £2:16:2 et & vous trouveray avec les ditt £2:10:2 et vre compte

969 3514 2309 168 solde. la traitte de mons: de Cleves de ƒ500:- court, n'est pas encor

977 3616 2187 182 venu au jour d'abord quelle sera paye ie vous envoyeray vre

987 3761 2266 172 compte courant la provision & pou des lettres sont a vre service

943 3834 2114 216 de mesme pour l'avant. & nous attendrons avec impatience

977 3976 2272 174 l'heureux arrive de monsr vre fils & mons: de Lannoy avec leurs

988 4069 2252 175 comp: icy a favirs, & nous tacherons de leurs procurer autant

964 4186 2295 220 des plaisirs, quil nous possible, vous poiant d'estre persuad e

993 4310 2038 184 que nous sommes  bien de lettime & veneration

5055 208 799 176 Ady 19 mers 17338

3343 220 701 169 brussel Jean de Cleves

3439 323 2342 202 J'ay receu l'honneur des vres, du 15 ƒ6 courant, p la premiere, vous

3467 432 2363 177 m'aviez tirez pour compte de madame van Zebler de Lille ƒ500 court

3452 553 2290 168 a vue payable, a Jacobus de velder un passagier & ƒ5091:8:6

3656 670 1387 79 cn faveur de mons: Jaqois de Clevrel vre frere

5030 655 768 185 =groe de change, dont

3456 683 1466 164 de charege faisant en semble £920:-

4419 763 1071 79 pour homnte de la prediter d'autel

3462 806 2269 154 ie vous avois escrit de pouvoir d'esposer, p vre seconde vous

3464 874 2281 173 avez la bonte de me marquer, que vous aviez reccu mes deux

3460 969 2296 206 remises pour compte de la preditte dame l'ure de £43:11ƒ

3449 1131 2415 121 sur augustin du mons l'autre de ƒ653:5 sur antonius van deu

3466 1196 2329 194 daele, & que pour ce raison vous aviez tirez que ƒ4176:12:6

3457 1327 2337 180 de change en faveur de mons: Jacomo de Cleves vre frere, sur quoy

3460 1411 2299 216 J'ay l'honneur de vous dire que vre traitte du ƒ500: - courant

3453 1517 2370 222 ne m'atteste encor presente, cependant  ferray  a la

3454 1669 2313 193 presentation, mais somme elle est tirez, payable a nevender un

3451 1770 2458 211 passagier, il faut quil faffe connoisance, que c'est la mesme pertonne

3462 1880 2397 188 pour bien ye. vre traitte de ƒ4176:18:6 at este payez a mons:

3446 1946 2382 199 vre frere jacoms de clevess, outre cela ie luy ay payez £6:12:6

3468 2070 2410 199 de change qui servent pour solde du compte que j'ay avec la ditte

4401 2223 51 61 2

4322 2226 70 67 lge

3455 2180 2401 209 dame Jan Zeller ainsy vous autay la bonte i £16: de crediter son

4349 2314 288 96 2 pour

4570 2292 1224 176 la ditte traitte de la quelle

3443 2324 1081 210 compte, pour £702:16:7 en

3445 2391 2416 202 somme, monsieur vre frere m'at donne quittance sur la lettre

4179 2530 94 98 ol

3874 2550 293 86 a son of

3744 2559 116 97 firs

3461 2510 2386 253 de change a van debler, qui est la tante de mon espouze

3473 2612 2384 209 m at marque p la derniere lettre, que mons: Van Zellen son fils

3445 2781 2462 183 mons: de Lamoy son geandre avec ceuts compte denoiont partir pux

3453 2896 2455 176 bouzelles mais, quette ne pouvoit pas ma dire le jout & qu'n passant

3480 2963 2385 229 nous auriont le plaisir de les vous, ie croit que cette vouage

3452 3095 2401 203 servdracauz commet pour des affairet, &  an dames pour

3452 3242 2331 188 plaisue ie ne doute pas, quils se vendront prmverement a

3461 3373 2302 200 boustetlet & de la icy pour anvers & nout les attendrons avec

3476 3462 2290 221 ceppatience latre semt ou ie vout puis rendre sesvice

3457 3597 1729 246 comandez celuy quil est tres siner
