8063 4665
865 1215 233 184 Suynd

1066 221 2196 137 requette op te stelen tot laste van den voors Joos van bosseh

1055 329 2117 171 tot het doen van den voors Pedt. versoecke van notitie te

1046 393 2197 197 houden dan ue hondraire, & oock de poorten van brievan sal

1052 506 2243 167 alles ten dancke voldoen, ue avies met het gene gerequirert

1071 605 1397 208 wordt af waghtende blijve met respeet

1064 681 2223 237 P.P: daer is oock noch een brom overleden die aen haeren

1067 808 2202 227 soone over ettelijcke daeren bij acte getransporteert heeft

1071 924 2166 232 alle haere goederen, oft niet gerecht ben tot het beste stucke

1069 1014 1945 242 van haere cleederen, oft tot den gouden trouw vonck

2536 1124 703 186 Ady 5 abru 1742

1116 1164 1442 216 ight kersame ballt ue Borgen & schepenen

1084 1258 2010 251 desen is diemende om regerende borgemeelter & schepenen

1050 1419 2055 172 te bedancken voor hunne gedaene dien stae, pom ue te

1071 1542 1933 158 adviseren dat ick de novs hebbe aengestelt voor

1084 1652 2055 193 borgemeester & schipenen de naer volgende persoonen,

1043 1788 397 140 te weeten

1464 1815 685 206 Vooo oogemeester

1391 1944 802 159 Jan Jan ierschaves

1528 2057 587 183 Vooo Schepernne

1343 2170 505 168 Pieter Raes

1335 2293 551 207 Carel de Rop

1344 2410 602 147 Mathys 1 aut

1342 2488 689 228 Laureys Corthals

1349 2609 523 212 Jan de been

1336 2768 564 165 Pieter Maes

1093 2785 2142 265 ue ordonnerende de selve daer vooren te iennen mits

1095 2974 1008 195 doende den cordinairen Pedt

2520 2995 767 245 Adij 8 febru 1742

955 3115 1017 196 Gendt Th. advoiart basilius

1097 3193 2131 222 ue aengename 3 deser met provect van requeste ten latte

1075 3321 2169 170 Joos van bossche tot het doen van den requiveerden hedt wil

1080 3430 1883 225 ontfanghen, & hebbe het selve alsoo doen indienen

1071 3511 2196 237 daer is mij nu ter hant gestelt de duplique Jan hendrick

1091 3651 2108 211 hersens in gedient twelck aen ue: hier benevens toesende

1091 3789 1178 191 om het selve te beantwoorden.

1077 3856 2130 252 alsoo wij bij requerte geposeert hebben dat hj vrouve

1080 3972 2218 211 overleden was op 25 gber 1741 soo prevaleert hij sigh, van

1092 4126 2132 181 te seggens dat de lolj beeste voor de doodt van sijne

1078 4264 2160 162 huys vrouve verscoght was, dat contrarie is vermits

3459 223 2495 171 sij begraven is volgens den doort brief op 24 ges & de hoey beetie

3469 281 2396 208 t 23 gber verkoght is, oock men begraeft de menschen niet ten

3475 375 2408 203 icke als sij gestorven sijn, oft seer vaer soo ist claer blijsende

3456 494 2312 187 dat die vrouwe op 23 gber moet gestorven sijn & de bieste

3473 600 2400 171 daeghs naer de doodt geralieneert. dat ue otgegeven hebbe

3464 705 2394 214 oƒ 25 goer gestorven, is geweest volgens hee schrijven van

3476 820 2354 222 mijnen greffier, mij dunckt dat sullx behoorde de toont te

3481 917 2414 207 worden, eghter gedrage mij geheel aen ue want ben geenen

3479 1090 643 185 reghts geleerden.

3467 1154 2395 197 oorders moet sijn ermoede soo groet niet sijn vermits den

3479 1256 2267 212 pastos wver de begrafenisse wel betaelt wordt, & dat hy

3473 1367 2387 228 de biette in taude verkoght heeft blijckt bij sijn antwoordt

3482 1463 2409 250 aen de schepenen, die verkoght te hebben tot betalinge dan

3468 1608 2377 241 de begraetemisse, en voordere subtistentie, dat bj vrouwe

3470 1697 2345 228 niet en hadde gestorven, hij soude sekerlijck sijne scoey bieste

3481 1887 824 182 niet verscoght hebben

5613 1933 215 139 tne

3459 1993 711 205 sijne overgroote ar

5549 2050 337 132 antehen

3475 2099 711 161 sijvnen sleghter he

5544 2170 308 157 tte dier

3471 2224 709 173 hunne beesten 6p

5547 2283 238 186 hoofe

3465 2337 702 195 soude selden iets 8

5540 2405 405 169 nodinlsta

3473 2435 674 177 waet gans te niet

5545 2534 325 131 ben dat

3460 2576 698 177 van dheerlijckeydt

5525 2642 302 164 woort

3482 2701 689 191 ickk te beter sien

5513 2802 124 108 re

3482 2847 676 173 op de duplique a

3488 2950 616 173 schistieren, hebbe

5543 3042 272 142 attoor

3485 3091 652 199 t. sinde uyt de

3479 3233 178 122 telt

3564 3270 578 205 gettorven binne

5537 3335 327 178 qu den

3479 3379 653 160 soo dat hat soude h

3486 3501 655 195 sterf dagh in plaes

5527 3590 347 156 en weder

3547 3626 795 149 est sasicu dat het n

3479 3719 2331 216 te senden, soo soude ick: onder sigh connen houden voor het

3476 3869 448 176 toecomendie

5895 1211 86 164 y

6037 1308 50 90 i
