8091 4630
1065 209 2127 144 comen betalen, oft by faute dies, sullen genoodisaccht sijn, ue

997 309 2285 166 daer vooren te betreeken, tot ick naeright  blijve naer groetenist

1057 388 1038 151 ue is debet de volgende jaeren

2304 427 879 208 hier op heeft ue betaelt

1026 476 953 150 het jaer bamus 1729- ƒ 108

1013 589 914 117 het jaer „ 1730  „108

1022 672 911 152 het jaer ... a 1731-„ 108

1021 733 2142 211 het iaer „ 1782- „108 1733 op 22 april  ƒ210:-

2739 871 435 179 „ 162:

1025 867 1479 186 let jaer „ 1333—„ 108„1735 op 30 sber

2820 970 320 138 372:

1005 971 935 180 het jaer  1234—„ 108

996 1049 2174 222 het gues. „ 1735-„ 108 soo moet ue noch betalen ƒ0492:-

1019 1170 932 158 het jaer  „1736—„108

2731 1217 447 162 ƒ 864:-

1687 1271 332 215 ƒ 36:

2471 1283 766 216 Ady 7 July 1736

847 1384 1017 199 London John satuall & son

1017 1490 2173 156 ie viend de recevor l'honneur de la vre du 21 du mois du passe,

1015 1619 2211 165 sijoint une remise de ƒ1500:- a charge de arnold van de Cetteele

1024 1738 2189 181 a Gand, payable dans anvers dont ie procureray le requis, ie ne

1025 1851 2268 180 peu comprendre, que vous vous plaiqne de nos cotits, d'acstant plus

1019 1983 2261 128 que ie ne vous envoye point d'autres, que de ne on melieur ouvrier

1023 2117 2270 159 & mesme des pieces choisies, j'attendray vre ordre p le premier pour

1014 2220 2280 154 un ballot, & soyez persuade, que personne ne vous peu mieux servire

1023 2298 379 181 que moy

999 2364 2265 218 les fleurs que vous avez eu la bonte de menvoyer, ont bien reussie

1022 2518 2178 184 s: bien les sulippes, que les nareisses sur tout, les quatres bouls

1019 2635 2271 172 que nous nommons pastoutes, dont il y en at des differentes sortes

998 2720 2303 198 si bien des blen, que des blanc & ce quatres out ette blanc & doubles

1012 2872 2066 141 & on les nomme icy, le roy d'englettere, & son vare icy. la

1024 2989 2270 180 semence des choux fleurs, n'ea pas su bien recessie, ie ne crois pas

997 3088 2217 194 qu'il y at cent plantes sortie de la terre de toute la partie

1017 3218 2148 202 quoy qu'on la semes en plusieurs fois & tems, cependant ie

1021 3339 2162 149 vous suis tres oblige de rechesf, pour la bonte, que vous avez

1020 3488 2205 129 en, de me le vouloir envoyer & me le faire present &ou ie vous

997 3570 2208 200 puis rendre des services reciproques commandez cenny qui at

1024 3694 661 167 l'honneur d'estre

3391 201 1605 157 Niville nicolas marcq marchand de piere a seluy

5196 198 717 167 Adij 3 July 173619

3504 289 1206 170 au petit cheval blanc a nivelle

3479 341 2320 210 Depuis le 18 du mois de May, quand nre accerd fut fait touchant

3483 499 2323 182 souvrage de piere, pour mon jardin, avec deux piedestots ie n'aij

3509 609 2268 179 receu aucune de vos nouvelles quoy que j'ay este en attente de

3498 691 2372 206 recevoir les dite pieres & piedestets, vers la fin du mois passé celon

3481 842 2385 147 l'accord et comme ie n'aprend rien de vous ie viene p cette vous

3498 918 2325 214 dire, si vous tarie encor plus long tems, vous pouvez tenir vos

3500 1036 2382 225 pieres, & me renvoyer mon dessite & en attendant l'un ou lautre

3500 1212 868 121 ie suis tres sincerement

3491 1274 2403 201 ju les pieres ne sont pas coupe, comme ceux deja livre, soyez persuade

3491 1370 1051 196 que ie ne les accepteray pas

5138 1407 777 208 Adij 9 Jullet 1736

3390 1520 1303 178 lessines la veufve P:J: Francois

3510 1679 2372 138 mons. Van pelcom 11 at informe, que c'est vous qui livre les pieres pour

3504 1732 2348 125 entretenir les choseis de vre ville d'anvers, & que vous avez livre la

3498 1869 2366 157 semaine passe, 14000 pieres dont les messime sont pas trop contant

3499 1932 2373 193 a raison, qu'il y avez bien 5000, qui n'estoient que des demy pieres

3479 2080 2367 139 J'ay besoing 5 a 6 mille pour faire la reparation de ma chhause

3498 2176 2364 178 de swijndrecht menant de la beste de flandre iusquan village

3493 2282 2269 179 de oy burcht, contre lescau on les pourra de charger a burcht

3494 2371 2347 224 mais comme ie dois avoir tous des plaines pieres, qui ont leurs

3481 2511 2323 193 Longeur & frandeur, ie viend p cette vous prier, si vous voudriez

3494 2592 2406 213 bien m informer, si vous en este pourvue de cette sorte & comme

3491 2725 2374 244 vous avez livre a la ville tous de la melieure & forte qualite,

3477 2886 2365 185 & me marquer a quel prix la ville vous paye ƒ9: p mille

3496 2994 2292 212 de mesme autant pour la voiture celon que ie suis informe

3504 3109 2318 210 mais ordinairement les villes payent un peu davant age que les

3497 3194 2290 254 particuliers ainsij j'attendray un petit mot de responce & suis

3494 3317 698 198 tres parfaittement

5105 3393 470 200 Adij 16d

3365 3427 810 170 Iwille Niiblas marcq

3507 3549 630 176 pour responce &

3498 3698 2278 149 envoyez moy le dit ouvrage du derviere & j'attendray les deux

3474 3772 2347 202 predettols dicy tout au premier jours sup quoy vous pouvez vous

3495 3882 2430 223 reuiler, & si vous ne m'envoyez pas louvrage preditte cette semaine

3480 4018 2401 198 parde le ches vous & renvoyye moy le dessin, pour preudre d'autres

3483 4113 1544 208 mesieres & suis en attente vr responce
