8084 4651
1031 243 2189 110 banderolle a d'extre surmonte d'un heaune d'argent quelle et livere

1024 318 2177 178 et couronne dor, auix lambrequins de queule et d'argent, et pour

969 388 2245 159 cimier une tette et fol d'asne, au n'aturel, ou iey au lieu de la

970 514 2236 170 lette et sol d'asne, sont mise deux vols, l'un d'argent et lautre

994 622 2233 174 de queule, et pour plus amples de corations deux tenaus scavoir

989 711 2153 186 deux felles asiatiques habille d'avir, borde, et orne dor coiffees

994 796 2112 198 d'un bonnet de queule, et one dor aux quels bonnets pendent

1002 939 2213 127 un voil blanc, haye de quenle retrossé sur les bras tenans d'une

995 1033 2211 196 maing l'escu, et de lautre chacque une banderolle, celle a dextres

959 1135 2260 191 de lescu et a sinistre dor au sautoir de quenle, a la face de

999 1253 2170 182 sinople qui sont les armes de serard bouwens tyeul laternel

964 1382 2266 176 de Jean Michel et de daniel gerard illelijn, que j'ay trouve coupe

984 1493 2263 192 sur une piere sepulc vale dans l'eglise de st. Walbourgh en cette

991 1603 2129 207 ville d'anvers & entere 22 sanvier 1638, comme aussij vue

992 1736 2235 133 une ville assiette ou salve d'argent, que le ditt Melijn, ont herite

1013 1832 2074 198 de leur dit tyenl, sur la quelle estoit grave les ditt armes

1002 1958 2288 185 en leurs couleurs et mettaux, pour quel changement augmentations

984 2070 2219 188 des tenans avec bandevolles, le ditt melijn, biennent se setter

984 2185 2320 199 qu pieds de vre augutte ly et comme il est suste, et raisonable

987 2292 2254 174 de donner le marghage de s verite, de tout ce qu'est dit jay a

996 2395 2214 227 la requisitons des predits Jean michel, et daniel gerard Melijn

987 2522 2248 169 freres, depetche cette, et mui du sachit de mon office, fait en

2613 2662 95 90 he

988 2664 2302 211 la bille d'anvers Marquisat de l'empure le 16 iour docobre 734p

1929 2783 1232 176 wat onderteckent ka: van hecke

2526 2907 674 191 Adij 19 xber 1734

877 2986 514 196 Gendt Coppens

1011 3059 2300 186 us ious attijdt seer geestineerde van 9deser, is ons seer wel bij tijde geworten

1024 3191 2248 197 waer bij ue voor eerst gelieft te seggen, dat sedert mijn brief van 20 st

1017 3306 2263 166 met mijn laette van 16 deser noteerde, geen van ue ontfanghen hadde

982 3399 2235 207 & niet en was antewoordende op ue brief van 9 sber ditto, ick hebbe

1010 3534 2258 141 alle de brieven gaen doorsoecken als mede overlesen de copijen van

1006 3601 2209 184 de brieven die d'eere gehadt hebbe aen ue te schrijven, moete ue

992 3706 2260 189 toestaen, dat gien brief van ue de dato 9 sber beantwoordt hebbe

1003 3831 2281 189 alsoo geen brief van die dato bevinde ontfanghen te hebben mar

1017 3942 2215 195 wel eemen van 19 sber twelck ul: geadviseert hebbe, met eenen P

995 4104 2221 152 bij mijn brief van 20 sber ditto ende den selven beantwoortt

1013 4161 2165 223 met mijnen van 8 sber deser maendt, als ue de moeyte wilt

1021 4280 2198 171 nemen, van alles naer te sien, soo gelijck ick gedaen hebbe

3490 217 2396 130 twijfele niet oft ue: salt soo bevinden ten waere us: op 9 gber geschreven

3474 299 2427 138 hadde, & dat die brief, int ongereedt geraeckt was dat echter niet te supponeven

3477 418 2411 119 is evenwel moete b mij selven overtwygen, dat geen menie gemaeckt

3486 514 2372 137 hebbe, van het toegesonden packexsien, sijnde van mij un groote bottegheydt

3477 611 2317 133 geweest dat ue daer over voor alle genomene moeyte niet bedanckt hebbe

3484 674 2302 168 welcke dancksegginge bij desen naer veele gedaent stcusien gelieve te

3482 772 2362 170 accepteren & sullen bij occasie ue voor het omport soo van de spellen

3469 874 1495 145 als het stopgaeren trachten te rembourseren

3481 976 2368 162 wat belanght den salck al hoe wel ue: seght abuyt te hebben ontrent de

3482 1091 2330 152 vraght p bruijs 2:16 & dat het maer en is ƒ 1:16 soo bevinde beter en

3476 1148 2299 199 gemaekelijcker te wesen van onse cooplieten den peninck te gunnen

3443 1235 2450 196 doch daer is noch tijdt genoech, om daer over te beraeden de oncosten vant

3485 1363 2446 200 proces sijn voor ons helft betaelt beloopt samen voor ons helft ƒ 29:18¼

3468 1460 2291 168 waer over wij mal canderen tus: over somte voorders sullen spreen

3477 1590 2424 161 hebbe noch betaelt aen den heere advocaet van can ƒ 21:- soo veel bebraeght

3501 1705 2353 175 sijne ick: van racatien, gedaen in de sasie tegens den hiere pensionars

3487 1819 361 143 van Hessel

3491 1907 2363 133 wij blijven ue seer verplight vvor het paert dat ue is nemende ontrent de

3485 1997 2347 164 ertteltenis van mijn liefste & anne misee, tis wee iets beter met alle beyde

3487 2120 2293 126 dogh mijn liefste, blijft de peijne op de borst noch al behouden, al hoewel soo

3474 2189 2375 149 groot niet als het geweest is, sij can niet een stuck van haeren wasch recken

3458 2307 2405 152 oft de pijnen vergrooten, Aune misse wort wel iets beter van couleur, en

3481 2374 2423 186 oock wel wat aencomender, dogh crijght van tijdt tot tijdt weder al niume

3491 2496 2411 121 rellinghxkens tgene haer noch al wat doedt hoesten, de slaeken doen haer

3475 2598 2375 181 groote deught als wij den winter met wat te lappen comen passeren

3475 2691 2423 168 hope dat het wel gaen sal, het tesoen is seer in graet datter niet veel plaisir

3483 2816 2421 137 noch blijscap te rapen is, het gedaen verlies, can ons int alderminste geen

3483 2939 2323 126 snder doen, calsoo aleenelijck daer op niet eens en peijsen, maer wel op

3477 3045 2411 146 tront oft fonnese, waer van dese weske, de deciesie sal weeten, & hope

3469 3204 2445 135 op seaturdagh toetmende, aen mevrouw goede tijdinge te schrijven van

3482 3267 418 158 den uijtval

3464 3379 2402 179 jouf: de vos heeft tonsen huyse gesonden twee paer causen, een pair

3481 3463 2414 174 voor mevrouw & een paer voor siecken, die van mevrouw moeten het

5565 3603 248 160 ƒ4:

3462 3597 696 145 alderminste costen

5584 3691 322 119 „3:16

3445 3701 650 181 & die van fisien

3470 3777 2457 168 gelieft mij te laeten weeten, oft die soo soude betalen& aen ue toesenden

3427 3895 2457 207 ft uel wederom te geven, sal ue ordres stptelijck observeren, & waer inne

3492 4003 2421 173 ue langen voorderen dienst can doen, gelieve te commanderen die blijve

3490 4153 2411 162 naer oute gedaene compsimenten van groet eisse toewenschinge van ville

3479 4233 2381 190 gesontheyst lan cse leven, soo aen ue mevroine fissiene aen mijn heer ue

3485 4353 2172 110 broedes, gelijck mijn liefste, & de fillekens mde sijn doenden
