8049 4658
2440 202 742 165 Ady 16 gber 1742

815 202 884 196 swijndrecht van hoeck

950 300 2159 221 hebbe al in afwaghtinge geweest dat ue mij soude

969 412 2306 204 comen voldoen hebben, over het besten hoop van ul booeder

973 564 2244 169 in gevolge het accoordt daer over gemaeckt, sijnde over de

965 651 2073 214 maent geleden, peijsende dat ue dat vergeten heeft

971 741 2270 242 waerom bij desen ue de memone come te vervarsen,

976 885 2130 177 met versoeck dan met den eersten daer aen te

936 992 2206 228 comen voldoen, & t'selve afwaghtende blijve naer groed.

2413 1117 758 175 Ady 24 gber 1742

817 1169 1129 209 sendt den heere raedt Coppens

984 1240 2222 267 de destructien die wij gehadt hebben sedert int vertreck van

966 1421 2121 209 mevrouw us: liefste is niet om te melden, gelijck ick

951 1541 2126 206 genoechsaem afmeten can, terwijlen il tselve beproest

931 1672 2171 203 heeft als fisken oock de pockekens gehadt heeft, tis

966 1802 1072 194 mi, godt danck, gedaen, &

786 1875 2310 231 door de groote broulden hebben wij vergeten de twee cassies

969 2039 2135 181 balsem ue toe te senden & in gevolge ue ordres die wij

949 2182 2204 161 gisteren door den kneght van dheer van wessel ontfangen

922 2305 2197 168 hebben, sullen de selve hier laeten tegens ue over comiste

954 2388 2123 201 de furateurt van den boedel van de wed: Jan Carlo Maes,

947 2509 2266 164 souden geirne de distributien doen, vant gene bevonden is

951 2646 2167 182 geworden, dogh hebben geraden gevonden om alle genistij de

941 2732 2169 228 bij purge cliviel, met cimpositie van een eenwigh getwijgh,

958 2879 2182 169 al eerst in te daghen, alle de gene die tot laske Jan den

954 2989 2303 139 boedel mi oft hier naermaelt souden willen pretenderen eenigh

973 3147 2305 147 recht van te compareren in den rade van brabant op 13 febru

960 3214 2209 170 1743 & is int part sculier gedaeght dheer Jacob de lannoy, mode

965 3365 2205 162 den heere raede coppens tot gendt, ende den heere melijn tot

973 3468 2222 202 antwerpen, volgens billier mij ter hant gestelt, sijnde

970 3589 2198 200 tijdts genoech, om onse pretentie, tuwier oversomste

958 3726 650 140 over te leveren

949 3744 1652 276 drse fillekens, sijn ue alle danck baeo

5843 228 51 72 18

5049 205 731 180 Ady 28 gber 1732

3420 233 1093 147 Geudt dher Basilins advocact

3504 345 2395 167 ue seer aengename van 28 aug: laest op sijn tijde wel ontfangen

3512 434 2392 203 daer benevens de twee geproiect eorde requesten tot laste van

3494 581 1508 154 hendrick kerssens, & loos Jan bosche

3499 651 2233 198 sijnde het request aen mijne wet in gedient geweest in sber

3483 763 2426 194 gepasseert & loos van boscha heeft daer aen voldaen in gevolge

3518 885 2374 184 den ingesloten aet, heeft den hedt in gebanne vrerschare

3495 977 2333 205 gedaen & den pant is gescosen, & afgepant dogh Jan de

3464 1089 2302 171 costen heeft tot hier toe niets willen betalen, & seyde ter

3484 1240 2422 150 contrarie, dat hij pretendeerde over sijn verlet voldaen te worden

3503 1323 2365 181 die lake is tot hier toe soo gebleven, men heeft mij sijne

3492 1454 2338 166 lotten vant proces noch niet gevraeght wenschte wel te

3504 1542 2398 140 weeten, hoe mij hier ontrent voordere draen moete als sij

3486 1648 2407 142 de sotten souden comen vragen, hebbe de twee sententien

3496 1751 939 161 tth H: nicolaes voldaen

3489 1769 2244 215 door de siecetens van mijne twee dochtes die nu godt danck

3485 1946 2420 211 erstelt sijn, hebbe op het request van appel gegens herftens niet

3485 2048 2271 223 connen peijsen evenwel hebbe mijn geeffier naer t nicolaes

3491 2159 2399 237 gesonden op 9 deser die mij schrijft, dat hij hut request van appel

3477 2278 2404 212 tegens den selven hertsens heeft don presenteren, waer van

3474 2446 2385 136 de schepenen van mijne prochie sijn geinsinueert, soo hij mij

3488 2556 2414 176 heeft laten weeten met sijn brief van 16 deser oock seght dat

3488 2678 2386 133 aen mijn procurens geseydt heeft, van niet te presteren sonder

3482 2781 2331 179 ordres, ick hebbe tot nu toe daer niets van gehoort ick wate

3471 2888 2426 169 niet wat voorders te doen staet, om dat ue nmet ue brief van

3470 3033 2431 129 28 julij laest mij geadviseert hebt dat u tenevens den heere

3478 3157 2347 175 advocaet fostier geraden vondt het appel tegens herssens te

3479 3277 2420 174 intenteren, & on vervolght te laten, op dat de sententie, niet en

3485 3367 1448 209 soude gaen in craght van geweijsde.

3469 3458 2306 194 versoeckende van mij te laeten weeten, oft mijn procureur

3492 3593 2388 190 presseren moet om antwoordt te becomen, oft dat men het soo

3476 3704 2413 179 soude laeten onvervolght, en mers het gene ue noodigh soude

3466 3855 416 140 oordeelen

3485 3888 2423 197 wat belanght het lant dat gescoght hebbe sonder d heerlijck heydt

3458 4058 2426 196 van burght gelegen, den curateur heeft de purge in den raede

3477 4170 2424 214 Jan brabant ingespannen, waer by ingesaeght worden alle

3478 4291 2255 174 de gene, die eenigh recht vermeijnen te hebben in de
