8008 4671
1950 202 991 120 Antwerpen 10 deber

953 197 546 176 Schellebelle

966 204 2204 250 Mijn heer den Gressier van ende tot schellebelle

960 385 565 178 Mijn heer

966 442 2297 238 Alsoo buijten gewoonte dit jaer noch geen

970 577 2218 156 betaelenge van roisen becommen hebbe

985 623 2321 216 van mijne rente de  van deshondert

987 719 2176 229 ponden groote elaems bapi tael Mwel

974 835 2228 151 ggelde die ick ben reffende tot laste van

964 948 2289 140 de wethouderen en lgroote gegoeyde van

972 980 2345 227 Schellebelle Verachter t sedert drijentwintich

971 1088 2283 184 de cember seventhien hondert & rejen veertich

958 1165 2183 187 soo lcomme ue door desen te versoecken

963 1217 2319 210 can ue ontfanger indach tich te maecken

983 1324 2283 192 can miy ten eersten betoelinge daer over

960 1412 2285 166 te coonmen doen peysende het selve mochte

953 1528 2207 120 verachter blijven doot sijn neglegentie

995 1573 2181 179 niet twijffelende oft dato hij daer toe

993 1683 2153 195 lanck d'ordonnantie gehadt heeft ende

967 1736 2210 201 sijn de verwachtinge dat ue daer voor

969 1822 2319 226 wel sult gelieven te sorgen blijve op rechtelijck

2314 1997 963 152 Antwerpen 13 gxber 1745

767 2034 1855 191 Londen dheren John Edwardr en boon

982 2154 750 169 Mijn heeren

1007 2247 2277 154 met ue aengenaemen van 19 passato sien

976 2344 2289 167 den ontfancke van ½ rente & lan mijne

988 2462 2216 155 tone sen vervallen 24 junj en 29 sber

983 2559 2254 144 laest, per saldo an de selve, remise Jan

1000 2633 2255 153 £101:10 2 14 a 3683 de op Joan van Cersel

971 2718 2342 142 illoar an het noodich toordere en conform

985 2839 2142 115 salderen sal ue bedanckende voor de

985 2881 2210 162 promp titude mede voor d' intormatie

988 2946 2282 179 naer s tatnall die niet bescent las

989 3043 2192 163 en van den boedel van Justus CBoeck daer

975 3164 2304 116 niet meer van te lerwachten is hebbe deer

979 3223 1879 179 naer Cordiale groetenisse te blijven

758 3356 2533 190 Dwijndrcht Mons: Jean BBapte AAoenswen Antwerpen 57 dan 17: 796

1011 3473 483 189 Monneur

984 3567 2283 158 deren is dienende om dindachtich te mgecken

969 3717 2239 113 ordres ue gegeven door wijlen mijnen Man

973 3739 2335 151 saliger en door mij geconfimeert naer sijne doodt

983 3861 2223 97 can te vernaerdersn in mijne naeme als

971 3891 2359 159 Rerouwe van suyndrecht met alle behoorelijcke

976 4014 2342 113 ccolemneteyten een stal gemaeckt op het vlaems

997 4054 2336 125 hooft door IMartines BBodenlghier op den gront

998 4177 2313 112 ean het afbroken huys bij hem gescocht ane

990 4216 2326 147 door hem verscocht aen thomas gheldolf op het

990 4319 2254 119 2laem hooft in den gevalle den selven ijn

3487 220 2464 98 ersven quamp tusschen eijfven en ontersien hangende

3501 262 2401 143 aen S' heeren roede alsoo den selven mj ts commen

3497 342 2345 135 spreecken om hem een briefken te swillen geven

3499 401 2470 156 Jan in ersven te mogen sgaen over den sselven

3481 468 2482 154 stal den tsselcken mij soude connen dienen tot

3486 555 2486 168 het leggen can mijnen. valseyde versoeckense als t

3490 642 2436 186 gewen soone in tadt comt van. mij daer over te

3479 717 2449 201 eomien spreecken als weenneer hem mondeline x

3471 787 2430 198 't gepasseerts sal declareren hem vesaeckende van

3478 893 2409 169 eimt te sllisten informeren in passant op het

3499 947 2247 191 2 laems hoost oft peeter hooft noch niet ft

3499 1034 2304 212 gebruyeseende den gront daer soor desen. heeft

3494 1116 2247 187 opgestaen eenen stal slaende in mijnen

3488 1217 2425 166 Seynsboeck Jlan Swijnerecht hem: beeent als li

3484 1274 2423 180 niets gebruyeseende den gront janst afgelbroseen huijs

3477 1357 2436 171 achters de boningen, gehaemt de maeckt van sendt

3494 1445 2446 174 als ooc oft het hedt van het schoor aldaer gelegen

3488 1528 2439 189 in pacht aen fransus Martijn door ordre Jan den

3497 1619 2466 195 to te verneur afsresen is, soo aens tonts ontfange

3508 1681 2402 200 eenen brief kan ue soone soo met den vrijbrief

3482 1818 2453 143 van Jacobus Pieters dat sal anotteren door den

3482 1879 2361 219 leleken. hij mij is awenschende en aen mijne

3484 1972 2345 184 penters een taelick ende voors poedich neeuw

3486 2075 2439 162 saer dat bij hem reuroguelijck sijn toewenschende

3497 2193 2426 141 lervult met den goodelijcken. ercken en hemelsche

3496 2255 2345 149 benedietien tot faclicheyt met veel volgende

3471 2316 2439 205 gelijck oock aen ul en ick beminde en. voordere

3470 2440 2395 158 famisie en 2kermits dindispositie Jan mevrou

3485 2486 2265 175 de de jan hebbe aen d'heer laeren soone

3442 2571 2434 189 =gesproken raeckende de ontfangerije van haere

3480 2658 2405 175 goeteren in telaenderen die mij geantwoort heeft

3497 2786 2427 129 dat sij een laer met de leduwe en haeren toone

5940 2804 87 82 P:

3487 2831 2364 170 sullen proberen alsoo daer eenige van haere

3466 2945 2452 126 vrenden sijn die huer daer in sullen beshulpdaem wesen waer mede

3481 3089 2417 109 op ue versoeck voldaen hebbe verhopende ue nu volcomen herstelt

3481 3145 2423 169 dat en mij haest sule commen besoecken in welcke verwachtinge

3471 3224 1386 127 blijve met veel gver ende genegentheyt

5864 3320 92 145 s

3379 3327 2091 178 Auss Monsiene ns conriller aen Averd le 13 Januer 1746

3460 3380 852 159 en Conseil en flandre seg

3496 3468 511 120 deeckenbrugghe

3688 3509 986 175 Monsieur et tres cherfrere

3462 3593 2361 149 denoy que iau differe de repondre a la lettre obligeante que vous mavez

3471 3732 2373 98 fait lhonneur bescrire le 7 de ce mois par des affaires indispensables me

3481 3794 2436 115 survenie ne napas reccu avec moins destime et de reconoissance les saverab les

3473 3872 2336 132 souhats que vous me faites par icelle a l'occasion de ce renouvellement

3470 3917 2504 166 donnee, comme aussi mes felles qui vous en font comme moe leurstres humblene

3463 4020 2522 115 remireemens, en vous les reciproquand de coeurs et vous souhaittant durant

3471 4078 2349 151 le cours de la presente annee t le bonheur, et prosperite que vous pouvez

3467 4183 2257 90 esperer du siigneur de moins sil veut bien exaveer nos voeux vous la

3462 4237 2440 135 troieverez en des plus avantageux de voire vie accompagnees de plus ieur

3465 4314 2358 106 sventer purcils, en parfaite sante et contentement, comme aussi mons.
