8077 4637
995 231 2257 93 du 6 que mess. palme vous ont fait dire, qu ils ne payeront rien, sans une

1003 309 2146 151 nouvelle ordre, d'autant plus, quils ont escnt ce mon frere, qu'ils vous

1009 392 2204 176 payeront la somme, qu'importeroit la patente, mon frere leurs a

3024 487 155 63 ation

2909 491 104 58 vece

1003 492 2285 174 escrit a hier, a ce fusect & leurs att ordonne, de vous payer a la presentation

961 567 2316 164 de la lettre premierement la preditte somme de ƒ901:25 pour les droits

964 678 2225 160 & frais de la patente, & outre cela, pour vre taxe de ƒ36:- & pour vre

983 778 2319 212 diligence pots de lettres, copie de la requete  p un don de reconnoissand

997 889 2289 195 les dits s. palme vous payeront ƒ60:- esperant, que vous receveray

1000 999 2271 192 en grace ce que nous y a vons ajoute d'extraordinaire, & que vous servay

1021 1100 2243 178 tous les devoirs possibles, pour la depesche, p la poste a mon advisse

1013 1210 2238 195 pour des raisons vous marque p ma precedente. nos patentes obtenur

995 1321 2228 189 p la chancelerie de lempire, ne sont pas icy seurement sus pendue,

1029 1472 2151 145 mais retracte & annullees, ce qui n'est pas trop suste, puis que c'est nre

1019 1527 2215 180 souverain segitime, qui les at signe, & icy dans le pays approuve interne

1017 1624 2275 188 & enregettre, nous nous soumettons, ne a moins a la vosonte de la lay

1007 1721 2144 196 il ne seroit pas, que le conseil supreme ferroit quelque mention de

1022 1851 2260 172 reprobation des nos dites patentes, dans la nouvelle, si on veut considerer

1025 1939 2162 185 que ma premiere patente, nous at coute a vienne ƒ2000:- icy a

1013 2024 2141 202 bruxelles ƒ258 a la chambre de compte ƒ17:16 a la chambre

988 2136 2202 129 des finences, 35 escur en espece, faisant ƒ 98:- que j'ay paye

1021 2246 2138 174 a p van der lienen & saerens heraults d'armes, & cela encor p

1017 2348 2137 137 moderation, il ne leurs est due pourtant a tous deux ensemble

1017 2424 2189 185 que ƒ24:f celon la sentence du conseil prive de sa ma du 28bre

1024 2576 2212 142 ƒ637 la quelle sentence at esta confirme par autre du 20 d'aoust

1008 2659 2207 191 1640 celon les livres de placcarts, il faut estre dans le cas pour

1013 2734 2249 211 voir comment cet mess. se regleront a l'egard de l'euregistrature

1002 2863 2241 189 de nor nouvelles patentes sils fout quelques excces, ie ne manqueray

1014 3024 960 155 pas, de vous eu donner part

1019 3048 2242 195 il ne nous faut pas une permission de negotier, sans deroger, puis que

1005 3194 2257 158 ny moe frere, ny moy, ne faissons auquiens affaires ny negoces, nous

1028 3276 2274 213 rivons de nos biens, & que mess. palme sonf les correspondants de mon

1008 3399 2171 195 frere, est seulement pour recevoir ses jnterests quil at dans la

1005 3497 2176 208 vancque de vienne & sur la silesie ainsy mons. si le somme de

1002 3624 2295 197 ƒ146:30 pour cette permission, est compis dans la somme de ƒ901:4:

1017 3733 2221 172 ie vous prie de recevoir de mess. paline autant moindre, enfin

1035 3847 2219 185 nous nous fions entierement a vre chere personne & en attendant

1001 3965 2229 174 la nouvelle peatente avec timpatience j'ay l'honneur d'estre

1023 4102 515 128 avec estime

1023 4164 2244 198 je n'ay point parle a mons: Senyff depuis ma precedante soyez en

1018 4296 2273 176 respos, il est brave homme, mon frere vous fer a satisfaire quand

5747 216 148 126 109

3506 221 1186 157 il donnere la notice de la somme

3492 311 2303 168 incluse la copie de la lettre que mon frere avoit escrit a mess. paline

3510 419 2285 171 a hier, la quelle servira pour la secoide, si la premiere ne leurs est

3507 526 2155 182 pervenue que vous pourriez leurs mettire en mains & mander les

3485 628 715 146 sommes vous marque

5078 641 716 219 Ady 24 gber 1734

3371 757 1012 194 Lwijndrecht Van Berlo, procureur

3506 869 2303 193 den grestier Moeussens heeft mij ter hant gestelt de Copiye dan antwoorde

3486 971 2348 199 doer frans Mertijn in rechte overgegeven waer bij hij vraeght de originele

5038 1111 57 66 en

3509 1105 2270 180 beschieden van blijckinge waer bij aen mij den 18 penniuck toecomt dat

3501 1211 2340 176 soo mij dunckt, tidichel is om dat de selve bestaen uyt den cheijnsboeck

3508 1302 2336 208 & de denombrementen, oordelende genoechsaem te wesen, met de copgin

3501 1439 2251 127 autendiguen over te leveren, ick weete echter niet wat daer op moet

3493 1537 2359 190 gedient worden, sijnde seer verwondert dat ul: soo langh gewaght hebt

3486 1644 2361 206 om de replicque door den advocart tot st:nicolas te laten op stellen de

3497 1770 2306 186 saecke is nu ngancck & moet ten definitive coma, daerom wilt niets

3491 1908 2306 121 versuymen, & in gevalle icks heden naer st: nicolas niet vertrocken is

3485 1960 2412 213 soo doedt dat morgen, om tijet te hebben & gereedt te sijn, om op dijusdagh

3493 2123 2391 165 toecomende onte repluccque de connen dienen want om copyen autent que

3477 2205 2334 183 te connen maken, woort er tijdt noodigh te sijn, & wij van onsen cant

3485 2363 2406 146 mogen geen leur termijntiens gebruljcken daerom versoecke van mijne

3478 2463 2344 137 salie te behertigen, spoedigh het opgestelde mij te brengen, on met ul

3491 2558 2310 187 daer over te confireren, & de noodige copyen ul ter nant te stellen

3456 2694 2456 171 de processale stuckken, onder ul berustende sullen aen den hhere advocaet

3492 2816 2416 165 groot sicht geven, wij mooten hem de sasie toe betrouven uls dan met

3489 2888 1881 200 met sijn antwoorde te gemoet swaghtende blijve

3447 3029 1827 180 les. seght aen Jan dat hij het bet & peul afgehaelt

3507 3094 2370 222 toesomenden vrijdagh, hier naer de vrijdaghs mart draeght, & mij dan comt

3492 3272 272 184 presen

5286 3269 582 195 Adij 26 gber 1734

3376 3334 1851 198 Wienen mons: poya dies, agent au conseil supreme de flandre

3487 3492 2379 184 le 18 du courant, fut a vre grace ma derniere y joint une lettre de mon frere

3489 3625 2343 161 a Mess. paline, avec ordre de vous payer premierent ƒ901:45: suivant vre

3470 3707 2421 195 demande p vre lettre du 6 court: p la quelle vous me marquiez positivement

3497 3845 2394 109 que la requeste estoit apossille conforme a la demande, & que vous deriez vous

3490 3940 2372 172 entendre avec mons: le secretaire, pour les droits, ce qui at este fait pour la

3499 4061 2355 167 somme predite, dont nous estions fort ravie, outre nous vous avons fait payer

3487 4176 2375 161 les ƒ36:- droits dagent, & pour une reconnoissance de tous vos soins, on a

3468 4268 2045 153 fait l'augentation jusqua ƒ60:- me referrant au reste
