8097 4644
1068 223 2156 132 bedienen, han de 30ps. mij toecomen, soo haest mogelijck

1072 307 2169 146 dogh liever wat te wachten, als gemeyn goedt daer bij te

1039 422 1280 173 doen, tot ul naeright & blijve

1070 512 1539 214 „ 60  groot loot 40 Imalle 20 breede

1084 638 1430 218 „10 ¾ groet koet:6 sualle4d

1062 770 1434 185 „10¾ 3 segels 6 smalle 4d

2222 869 279 115 2

1788 938 899 165 32 Suill 21 brelt

1140 935 262 205 394d

2603 969 634 228 Ady 3 meert 1736

842 1075 1343 179 Brugge wed: Laurence Van rentergenn

1027 1166 2203 134 us: aengename van 4 gber van den gepasseerden jaere is tot ne toe

1027 1262 2240 197 ou be antwoordt gibleven, by faute ban matcrie hebbende als dan met

1020 1378 2239 182 den selven ontfanghen cognossement & oncost rek. op het pack I N. 26

1048 1505 2251 135 monterende £3:6:2 en naer vooren ue resieninge is gecrediteert desen

1045 1611 2109 158 tot advies als dat p voerman dobbelere die gisteren vertrocken is

1046 1656 2192 262 aen ue toegesonden hebbe een pack R.N.71 in houd ende taghentigh

1037 1832 2063 150 stucken tijken, twelck p het beste schip op London in ladinge

1018 1981 2230 142 beggende gelieve te verserden, & de verclaringe te doen van de 80 ps

1026 2087 2268 172 voors. & te consigneren aen mess. John tatnall & son I aen my cito

1042 2177 2241 212 mogelijck het sognossement benevent de oncost rekeninge te laeten

1053 2308 2062 198 besomen, twelck afwaghtende, blijve naer cordiale groetenisse

2468 2403 794 157 Ady 21 meert 1736

860 2416 968 217 London John Jasnall & son

1045 2529 2254 174 ie me referre a ma precedente du 22 du passes depuis sans l'honneur

974 2646 2332 146 des vres, celle principalement pour vous envoyer l'incluse facture & Ccogoss

1012 2749 2286 208 d'un bullot, contenant 80 ps: Cotils, marque .N.1 montant en argent de

1022 2899 2169 133 change ƒ693:18 ½ les quil est charge, dans le bateau de srepien

1023 3016 2269 152 calinse qui est partie de bruges pour ostende, y attendant le premier vend

993 3116 2099 186 favorable, pour faire son voyage de londres, esperant, que vous les

1045 3254 2163 167 receveray bien conditionees, estant de la plus bolle sorte, qu'on

1020 3368 2251 162 puisse faire, & que ie receveray vos ordres p le grremier pour des

1032 3463 2217 164 plies grandes parties & en attendant cette attente, j'ay lhonneur

2646 3546 658 211 Ady 28 mars 1736

985 3587 1343 179 d'estre avec offres de mes services

860 3703 1789 194 Mixelle nicolas marcq marchand de piere a feluy

1031 3829 1116 161 au petit cheval blane a Ni ville

999 3909 2178 163 Jay este en attente de recevoir les suit basements, pour les vieux

1038 4010 2239 188 piedestors, qui sont a mon gardin, de mesme le sapitan, dont vous

1039 4162 2269 174 avez pris la eesure, & celon l'accord fait icy le 21 fxbre 1735 passe,

1026 4252 2249 212 pour livrer le tout, en trois mois de la, & comme ce tentest passe

5820 126 104 191 1d

3499 236 2354 145 & que ie ne recois aucune de vos nouvenes, & que ie suis presse pour l'avoir

3505 350 2320 123 ie viend p cette vous prier de m'envoyere le tout au plustots n'ayant

3504 388 2350 147 pas crue, que vous auriez macque a vre parolle & incor mbins a

3490 500 2408 173 vre obsigation & lignatiure, esperant cepensant de les recevoir p le

3520 633 2335 130 premier du moins, prez aprez pasque, a quel fai, ie vous prie de

3474 709 625 151 faire vre devoir

3496 801 2299 216 j'espere de vous voir bientost icy pour parser de recheff touchant

3486 952 2395 174 coubrage, qui doit estre a la fin deprier le cardin, a quoy ie pourrois

3496 1098 2371 138 me resondre, voyant que ie ne peut pus m'en dispenser &ie crois

3502 1182 2398 119 que les pilattres devront estre aussij de piere bleuse, & En attendant

3504 1298 2323 192 premierement les predits huit basements & le capitaus & aprez le

3510 1392 1732 182 plaisir de vous voire, ie suis tres par faittemente

3504 1472 2399 197 ies grands piedestanx sont dause, & les figures dessus, mais ie vous assure

3495 1645 2375 154 quils sont bien endonnage, quoy qu'on at fait tous les devont pour

3497 1705 1983 206 les racomoder niet boortgegaen ditto marcq hier gespckes

5318 1763 594 178 ady 28 meert 1136

3358 1811 1171 219 Journay mons: iladou de goosbeeg

3507 1961 2377 129 ie me referre a celle que ie me suis donné l'honneur de vous escrire le

3507 2051 2329 201 11 fivrier passe, depuis ie n'ay receu, au eune de vos nouvelles ayaut

3495 2158 2319 157 ette cependant en attente de recevoir vos ordres pour les peu de

3497 2284 2426 152 meubles qui vous pourront appertenir, resposant encor a ma incuson

3483 2389 2395 139 de plaisance, estant fort estonne de vre silince, ce pour quoy ie

3502 2519 2392 124 preud la liberte de vous escrire cette, & en mesme tams de vous

3506 2629 2395 174 prier de me donner la satisfaction, d'estre desambarasse de cette

3478 2701 2381 240 affaire & de mosdonner a qui les mettre en mains, ou de faire

3482 2815 2343 227 faire la priserie, & vos ordres seront executies, & en attendant

3495 2983 2215 199 lhonneur de vre responce ie me dit tres parfantement

3383 3096 737 177 Missele Arensseus

5194 3121 677 183 Adij 4 april 1736

3481 3220 2431 201 twifele niet ot den heere passer van melsele, sal aen ue doen behandighe

3485 3333 2360 187 hebben mijnen laetten van 20 pass. waer mede ue toegesonden hebbe

3484 3476 2439 163 noch differente extraeten uyt den cheyns boeck sedert hebbe van ue mets

3487 3542 2352 264 vernomen, teene mij doedr vermoeden, dat dheeren vant hoot collegie

3466 3679 2448 224 de lake schijnen wijnigh aen te trecken, ick weete niet oft ue de etract

3491 3847 2373 173 met het gene ick soude connen gevonden hebben, aen die heeren hebt

3485 3950 2415 215 overgelevert de sake gaet te seer en longeur, & wij mogen soo val

3481 4063 2426 194 tijdt niet laten voorbij gaen, gij lieden moet pousseren, om hunne

3476 4229 2436 141 resolutie op het request, & dat sonder uijtstel, want het geheel vlaems
