7748 4665
787 225 2353 117 un tell mertaile chagrin, & soyez bien persuade que vous auray ne

777 283 2404 163 contentement parfait d'avoir a faire avec aluy qui est de coeur

792 408 1369 160 duand vous auray peind ma galere

763 491 2327 164 ie vous donneray outre nre accord encor un perit presant pour

779 589 2457 144 mad: vre espouze vous priant de me donner responce a la reception

2551 692 638 169 Ady 2 meij 1729

770 724 319 125 de cette

620 827 1056 177 Rijsel wed: theodor Van Zeller

785 893 2380 178 J'ay reccu en son tems les deux agreables vres: du 6 & 28 du passe, vous

791 968 2367 244 ettant tres oblige, comme a toute la chere famile du part que vous

795 1094 2386 194 prennez de l heureux accouchement de mon esponse elle se porte tres

788 1200 2436 178 bien, comme aussij l'enfans & elle at fait sa premien sortie samedy

798 1304 2441 227 passe, nre partage, n'est pas encor fait p report de peu des jours

815 1409 2414 214 que mons: Coppens at este icy pendant les pasques, il faut esperes

801 1519 2370 237 un finpendant ses grandes vacances, vous prient entre tems

753 1631 2475 208 & de mettre tous les venenies des biens eschues a  remis 1728 sur le

784 1731 2345 206 compte courd: de feu mons: de swijndrecht, & p apres foo mer un

799 1824 2385 197 compte des hentieres de fen mons: de Lueyndrecht pour y passer

795 1982 2426 121 les revennes qui eschueront dans lannee d22 9 apres samorte

815 2043 2340 170 a fause que les revennes pendant la vie doivent estre passe

819 2137 2219 186 pour safutal sil vous plait p vre derniere vous m

821 2240 2421 165 remette une lettre de change de  300:- a 104½ et sur lion

793 2390 2412 117 demorgein a amsterdam, faissant en argent de baneque

781 2459 2452 195 dams £130112:6, les quelles j'ay negotie a 2½ pc de

811 2592 2409 172 vre avance dont ie vous ay credite en argent de change

783 2680 2485 182 dicy pour £134:7:7 en ce quil vous plaira d'annoter de

783 2856 2410 125 saformite ce que mon espouze fera de mesme de ce que

797 2942 2404 158 vous avez la bonte de me marqus avoir receu de Jen

792 3029 2402 200 francoij lisx elle vous fait bien des complements comme

2622 3119 601 216 Ady 4 meij 1729

795 3143 1459 223 seluy qui a l'honneur d'estre

647 3284 1086 193 London mess. allix & le conte

806 3353 2380 231 en suite les ordres de mons. piere duqua directeer de la soucte de

795 3481 2351 172 mess. chauvel & Coequeel, j'ay tirez aujourdhuy sur vos grace

789 3588 2393 213 £274:13:4 et sterlings a 15 jours de date payable a l'ordre de

804 3694 2453 219 mons. pretos prolyt pour compte de dits mess. chauvez & Cocquar

778 3800 2436 210 vous priant de faire honneur a ma ditte traitte & la passer

812 3922 2210 205 a leur compte estant le suye et de cette,  ayant

791 4027 1548 207 lhonneur d'estre dres pafaittrement

5844 161 72 125 15

3605 119 142 129 d

5079 171 718 165 Ady 6 mey 1e29

3309 191 1342 177 shildrecht ieta jiudoeus van Hosieren

3491 310 2461 135 twijfele niet oft tis aen ue genoechsaem besient als dat  de lannoy de

3516 416 2362 135 swijndrecht overleden is & doorde menighbodige oecupatien van sijn

3498 520 2440 124 sterfhuys hebbe ul niet eerder connen schrijven al hoe wel verwaght

3529 621 2405 165 hadde, dat ul de packten soude somen hebben betaelt te meer omdat

3373 714 2511 156 ue soo veel ten achteren tijt buyten reden, ue heeft maer betaelt op

3519 829 2374 146 rekeninge vant jaer beus Perremisse 1727 £ 24:13:4 soo dat

3511 929 2427 155 tot voldoeninge van dat selfde jaer noch rettent £76:- waer over

3509 1068 2450 158 niet content ben, derhalven versoecke p eerste te comen, op dat niet

3497 1153 2390 168 genooddsaeckt en sijne van ue eenige oncosten aen te doen, twelckx

3491 1246 1423 179 verhope sult verhoeden en blijve

5222 1257 479 221 Ady 6 d

3371 1336 836 177 Tuldrecht Joos Laureijs

3529 1432 2416 195 als vooren & vermmandt ontrent sijnen achter stel volgens den boece

3355 1560 1168 184 Hildrecht paulus van geirden

3513 1692 599 141 als voorend

3359 1771 833 180 Heldrecht Jan Luyex

5421 1770 175 166 d

3541 1915 519 162 als vooren

5232 1912 700 212 Adij 9 meij 1729

3292 2035 619 137 Brussel Baillieu

4909 2099 114 114 me

3521 2105 2484 155 selon les ordres me donne p vre lettre du 30 du passe ie vous ay renvoye vr

3513 2237 2428 140 dessain p paul pour que vous pourdez faue les dissains de la portiere

3501 2326 2345 189 & petit pannau, que tout corresponde de doitant point, que vous les

3525 2428 2282 170 auray a scheve, & somme vous me faite dire, que ie modee du petit

3507 2538 2425 139 pannau est egarre ie vous envoye aujourdhuy p le dit paul perteur

3510 2650 2379 132 de cette unlautre & celon vos promesses, fait a mons: harrewjn a

3524 2731 2385 154 paul, iespere de vous voire icy dimanche prochan, pour comencer

4186 2854 336 76 ays owe hve

4500 2855 72 83 e

3518 2852 2454 172 voconvrage lundy a en & jours tout au plus tard, compte mons

3511 2934 2408 204 que vous seray bien venu apres un lo long duay, d'autant plus que

3516 3043 2407 161 nous pourrions encor profiter de nre voiture pendant une partie

3514 3135 2439 165 de cette aisse, entre fems j'attendray les desssains de retour & lhonneur

3528 3256 1727 169 de vous voire dimanche & suis tres sincerement

5378 3265 461 243 A579d

3307 3357 745 211 brussel harrewije

3535 3476 2251 212 versoght baillieu aen te pouren om sondagh over becomn

5185 3607 581 205 Aeij 9d

3343 3630 1245 189 condhoudt Tuilliam Lanen n

3524 3769 2298 177 hebbe uyt ul: missive p dese vromen het fsterven va

3503 3874 2394 146 mons. & gidius sanen ul: waerde vades, tot mijn hadt weesen

3516 4003 2398 189 godt wil ick & uls moeder benevens de voorden fauilie

3537 4100 2286 205 vertroster  wiy moeten, alle dien wegh gens passeren

3506 4207 2432 231 pous consaleren met die wille goidt in wiens he lige
