7919 4651
2533 202 700 172 Ady 16 janu. 1732

769 211 1007 192 Rijsel wedue theodor Van Zeller

935 312 2150 197 J'ay receu p l'honneur de la vre du 12 courant six lettres de change

955 444 991 166 payable dans anvers scavoir

955 527 2272 193 une de 410 patt: sur melchior pieterssen faisant de change .. £164:0:0

2808 618 420 139 „ 160:0:0

948 656 1455 169 une de 400 patt: sur schatten & van munster

2823 723 399 143 „ 120 : 0 : 0

963 748 866 136 une de 300 patt: sur dittt

969 819 2292 144 une de tt „ 527 - a 57¼ en chez Jean van delft faisant ƒ754:5 „ 125:14:2

2809 910 441 155 „ 200 : 0 :0

971 957 769 175 une sur pietro proly de

2807 1015 442 137 „ 250: 0 :0

984 1068 546 150 une sur ditto de

1662 1192 1601 206 Ensemble en argent de change £1019:14:2

960 1327 2270 200 dont ie procureray le necessaire, & vous en seray credite a vre compte

971 1428 2200 182 en son tems, vous me mande des remises sur gand, jusqua present

959 1532 2306 204 ie n'en ay trouve aucune, estant les lettres de change sur gand, fort

976 1658 2272 208 tare, depuis long tems, ie craigne, que ie seray oblige d'y nettre ¼

966 1770 2208 189 si jen trouve, cependant il me feray plaisir, si ie pouvois les

964 1923 2275 138 avoir en pair, ie ne laisseray pas eschapper les creasions, mon

963 2005 2278 196 espouze a l'honneur de vous faire les complements jea toute

982 2111 2225 213 chere famile, comme moy quil est tres sincerement a vre offres de

988 2266 1146 160 mes services en tous occasions

978 2370 2232 133 J'ay escrit de rechef a mons: desjaunaux, & jusqu a present, point

981 2487 1197 184 de responce, ie ne scay quoy penser

2551 2478 711 248 Ady 16 janu 1732

765 2597 739 196 London Johnn Edwards

1001 2664 2131 224 us1 angename van 24 pass &. 5 wel ontfanghen daer bij notitie van

1002 2759 2244 252 verskoop van mijne snieten in de lotterije de anno 1731 waer van de nots

988 2938 2205 170 provenue bedraeght  £35:12:10 et waer vooren al: rek. is gedebiteert

983 2987 2234 245 al hoe wel de provisie van vercoop a 18½ wat te swaer is echter

975 3096 2210 251 on de clijnigheyt wille daer op met repliqueven ue remise van

1008 3246 2200 183 £33:10 p oyp sight a 35:11 et ten latte de wed: dh. arnoldo de prett

1002 3352 2265 228 is voldaen, & hebbe ue gesondene ik. courant d'accoordt bevonden

987 3492 2172 205 bedancke ue hertelijck voor alle ue goede toewentchinge

2570 3615 699 182 Ady 2 janu. 1732

797 3626 782 175 Donay des jaunaux

1000 3731 2244 206 J'ay este fort surpris d'apprendre p l'agreable vre du 16 courant, qui

985 3847 2228 174 la mienne du premier du mois passe, ne vous at estez pervenue

994 3977 2272 134 dont vous trouveray icy joint la copie & comme vous n'ignore pointe

1004 4052 2268 233 que ie vous ay advise, que mons: pottier de Lille m'at venus pour

1538 4202 289 85 x & vingt

995 4144 2293 231 vre compte onze cent florins, argent courant diy les escus a 56 p

3434 171 2447 141 la piece, ie suis surpris que vous ne my donne point une responce 63

3450 265 2294 184 positive, & quoy que ie suppose, que cette remise serve pour le cours

3425 394 2396 146 de la rente, que nous avons a vre charge & celle de madame vre chere

3429 471 2356 150 comp. pour l'annee eschue le p. gbre 1731 sans prejudice a la

3437 622 2174 132 stipulation ie vous en ay credite a vre compte ne voulant

3446 670 2399 172 nullement disposer de cette somme sans vos ordres comme ie vous

4716 794 137 75 me

3451 808 2271 134 ay marque p mes precedentes du p xbre 1731 & du 10 courant

3440 915 2393 169 ettant tres mortafie de ne les avoir receu p vre surditte lettre ie

3467 1012 2343 166 pour quoy, ie vous prie iterativement p cette de me vouloir donner

3470 1144 2415 118 vos ordres positives a scavoir de paier pour le dit cours ƒ 280:- argent

3461 1259 2411 148 courant comme dessus a madame van Zeller, pour les ƒ7000:- Capital

3445 1374 2305 146 quelle at dans la ditte rente pour sa parte & ƒ560:- argent

3448 1451 2324 192 courant a mons: Coppens pour les ƒ14000:- Capital qu'il y'at

3451 1566 2390 192 & a moy mesine ƒ280: - pour les ƒ7000:- Capital, que y ai, car

3464 1718 2341 109 ie veut bien vous dire, que ie ne pas m'veut faire au

3458 1805 2390 174 innovation a la stipulation de la lettre de ente ne nous

3461 1892 2356 162 regardant mellement la convention que vous puissiez avoir

3439 2048 2466 156 fait avec mons: vre fils, & pour l'avenir ie vous prie de remettre

3458 2176 2396 118 a un chacqun ce que leur est due, pour autant que ie ne veut

3471 2233 2296 187 me meller auqunement avec les  des autres, & quand

3459 2415 2409 123 il vous plaira de faire le remboursement du capital qui me

3468 2503 2381 182 regarde, ie le receveray avec plaisir, & ie ne laisserez pas de

3439 2604 2393 194 vous donner toujours des temoignages de nre sincere

3469 2727 2344 167 vous estant bien oblige de tous vos bons souhaits au

3448 2824 2418 189 suject de ce renouvellement d'anne de mesme a mons. vre fils

3472 2971 2303 178 & a madame la presidente, ce que nous vous reciproquors

3470 3080 1670 199 dame & de coeur, & suis tres parfaittement

5183 3175 717 170 Ady 26 janu 1732

3357 3181 897 230 Lille wed: theodor Van Zeller

3477 3315 2403 191 ie me referre a ma precedente du 16 courant depuis j'ay reccu une lettre

3442 3439 2452 131 de mons: desjaunaux, que marque, comme sil n'avoit plus a faire de

3460 3561 2467 157 la rente a la charge, disant que depuis 8 ans mons: son fils s'est charge

3453 3661 2477 186 de la ditte rente, & que ie vois bien, quil est a le exacte pour s'en acquiter

3438 3801 2406 182 des interest, sur quoy ie luy ay respondue, que la convention qu'il

3484 3913 2311 172 pourroit avoir fait avec mons: son fils, ne nous regarde nullement

3475 3993 2384 232 & que mons: pottier, m a fait la remise pour son compte dont ie luy

3295 4131 2527 223 en ay credite, & que c'est a luy pour me donner ses ordres, pour
