8070 4644
784 172 416 137 Causa icors

1011 246 2151 86 ene wijsen ther philippe dhamins in sijn leven raedt

988 302 2203 189 pensionans van den monde van waes, die daer aen oock

987 408 2176 158 voldaen hebben op 18 dese nu some ul. oock voor de

972 511 2261 187 tweede & laeste rijse vermanen van niet lange nyt te

966 622 2293 206 stellen, on de betalinge te doen van de voors 5 gemeten

987 751 2043 148 den 18 penuucs voor soo vala de se landen

968 845 2254 222 vercoght sijn, ul noch tijdt gevende aght n vierthven

950 960 2298 224 daghen om de betalinge met gelegenheydt de conmen

929 1110 2240 156 den dogh bij faute van voorder de laey moet ul

975 1195 2221 237 niet qualijck nimen, dat het gant dagh gemaeckt

976 1274 2246 256 sal worden, tot het beomen van mijne herelecke

992 1435 1774 193 nehten waer naer sont regisseren  blijve

2524 1549 680 184 Adij 3 Julij 1734

811 1570 769 180 Basel Jacobus Claus

1004 1699 2264 115 ul: brief gedateert op heden soo aenstonts ontfanghen, waer op tut

1002 1772 2203 202 antwoordt segge dat voor eerst ul: mijn brief de dato 17 april

970 1875 2215 201 lest niet moet wel verstaen, oft niet ontfanghe hebt waerende

992 1967 2141 192 den selven geaddresseert geweest an Jan Plans ofte des selfs

957 2079 2218 241 arfgenanten, & alsoo naerder vernomen hebbe, dat ditto claus

974 2230 2312 202 ul broeder wat, & dat mij geseydt is, dat mij bij ul. soude adresseeren

1002 2340 2252 184 om paert te geven van mijn recht in open de den 18. penninck

996 2454 2300 192 op datter geene ignorantie soude wesen van mijne advectentie

986 2568 2313 213 in gevalle het kant dagh gemaecktt wirst toe hebbe mijnen

994 2687 2281 176 tiweeden brief, direct aen ul: geaddresseert in gedachten lijnde

982 2808 2243 179 dat ue part t deel heeft in de 5 gemeten cants in questie

974 2933 2304 193 sij en qualitijet als memboir oven de sunderen val ul s vooss

1001 3050 2285 223 broeder Jan Claus oft wel als eefgenaem, ick can niet weeten

1001 3165 2236 216 eie als mi den rechten proprittaris is. ick hebbe de twee

1001 3300 2173 212 voorige brieven geschreven bij advertentie uyt liefde

1000 3408 2239 222 vn mijnen even naetten, op geene onnoodege oncosten te

995 3545 2216 151 seegen, ofte aen te doen, ick weete wel, dat de 3 gemeten

1004 3678 2243 130 ul oft ue vrinden niet int geheel toecomnn alsoo op mijnen

981 3772 1153 178 schijt svoeck staet als volght

975 3838 2166 211 Nu Jan laus Causa uxus vidua doos van esbacke

995 4039 2167 143 voor ½ diel & de wiese Jan mertije voor 3 deelen

1005 4132 2221 206 op 5 gemeten lants t soo dat ul: maer ½ paert heeft

1007 4265 2261 161 in die 5gemet en Jan mertijn woont hier op het vlanns

3503 222 2423 129 heeft die dea 18: penniuck sal betalen van de Coopsome

3819 290 79 60 2

3493 320 2322 173 van sijn ⅓ paerten n de voors 5 gemeben soo dat ue: maer

3516 412 2343 146 moet betalen den 18 peninck van de coopsome van het

3500 495 2396 132 resterende ½ deel, tot ul naeright het waer te veel schrijvens

3499 598 2360 186 om alle betooninge te doen bij misseve gelieft ul: hier nae

3512 698 2397 201 antwerpen te somen sal ul alle satisfactie geven dat ten

3485 799 2382 198 hooghtt ue sult content wesen dogh in gevalle ul niet en

3498 949 2348 163 sal comen te vernemen moet niet qualijck nmen dat

3514 1050 2367 181 mjn recht vervolge, waer mede naer groetenisse blijve

3389 1152 935 184 Melhille Jan B. Moenssens

5235 1148 624 212 Ady 5 July 1734

3494 1314 2372 143 in gevolge het seygen van mijn heer denoonderpasser soo hadde ul

3511 1422 2332 154 gisteren hier verwaght het welck wel gewenst hadde, om dat ul

3449 1498 2384 213 mondeliux over velle salien soude connen gesprosken hebben &

3477 1628 2396 169 terwijlen ul niet is gecomen, soo sal desen dienen om ue eerst

3488 1741 2399 239 te seggen, dat soos verstraten niet is gecomen om sijnen voij

3493 1842 2405 193 brief van het besten hooft over sijne overtedene huyys vrouwe

3505 1981 2371 217 over te leveren, waeromme ul ligh sal transporteren met

3484 2074 2455 263 balliu & schepenen, tsijnen huyse,  hen andermael afvragn

3497 2218 2297 209 dat hij aen ul: soude overleveren de attestatie van vrijdon

3459 2352 2430 178 vin sas van weygeringe sult hem fvragen aen te weijsen

3447 2438 2437 239 den betten pant onder et purgatie van lede, & oft hij dien

3489 2558 2323 245 in dander refuseerde sult daer tegens d'een & dander doen

3503 2673 2257 236 protesteren, om den middel te hebben van hem te leeven,

3474 2819 2308 156 tot sijnen coste, sijne devoiren te qujten want sal niet

3494 2959 2356 149 naer laten van hem in rechte daer over te betrecken

3495 3033 2422 219 wille gelooven, dat ul de prochie rek: naer het hoop college

3470 3143 2361 207 sult hebben gesonden, met versoeck van de selve in dese

3469 3297 2452 169 loopende maendt te connen passeren, dogh moet ul: seggen

3483 3424 2448 205 dat den heere commissais gecedverteert wordt van den dagh

3496 3533 2413 175 niet te stellen int oetave van st. Anna beginnende

3479 3678 2437 197 op 25 deser om den grooten woel van menschen tgene

3487 3759 2422 224 ons soude seer in comoderen soo int doen van de tetene

3481 3921 2303 197 als int over letten, daeromme soo de rek: niet can

3476 4009 2376 153 geschieden voor dien tijdt soo sal het besten wesen

3431 4140 2365 207 de selve ast te stellen tot in september & son sux

3458 4308 2365 164 geschiedt soo soude men de boullen in dese maendt
