7803 4678
892 224 2377 138 Arnuities, les actions de la bancque m'ont coute 122 te la comp: du

897 311 2344 162 sud& les annuities au pair, & ces actions sont presentement comme

890 393 2412 156 au pied de cette nre comp. dnenale d indes est un bon fond, mais

897 498 2375 146 il n'est pas consilliable dy entrer dans la conjoncoure presente, ie m'ay

891 595 2359 179 tirez dehors avec cent pour cent de gaigne, si ie vous puis rendre service

878 681 2379 185 ie vous prie de me comander soyez bien persuade que vien ne me seroit

900 821 2312 115 plus agreable, que de vous pouvoir estre l, si vous n'avez point

872 885 2403 196 des correspondants a londres, ie vous pourrois adresser aux miens, qui sont

897 995 2282 169 des braves qeus & fort vigilants. ie profite p cette de vous souhaiter

902 1093 2262 148 en avance, les sestes a venir tres salutaires & la nouvelle année

904 1192 2279 163 tres heureuse remplie de toute sorte de benedictions & satisfactions

911 1288 2286 204 pendant ton cour & celuy de plusieurs autres, souhaitant quelle

910 1427 2335 157 me procure les occasions de vous marquer que ie seray pour toute

899 1497 1541 162 mavie avec bien de lestime, & veneratioses

886 1619 1202 189 la comp. dus iudes a 182

878 1733 1035 190 la bancque „ 138

896 1822 1073 208 la comp: ou sud „ 103 ¼

901 1951 1009 189 les annuities .. 105

904 1992 2270 250 mon espouse vous prie d'agreer les assuremces de les resports & a

904 2187 2295 161 l'honneur de faire les uusmes compliments comme dessus je

909 2295 2273 129 toute vre chere famile, a qui ie flis de mesme de tout mon

908 2411 244 145 coeur

2582 2412 536 193 Adij 23 xber

767 2509 495 160 Sendt Coppens

900 2610 2365 144 hebbe wederom eenige daghe onpasselijck geweest tgene mij belet heeft ue

871 2710 2397 166 dese eerder te schrijven, mevrouw van celler heeft mij laten weeten, als

908 2833 2338 141 dat sij de rek. noch niet heeft connen senden om dat den grooten pachter

920 2906 2278 130 noch iets moet betalen, tot voldoeninge vant jaer 1728 als mede dien

913 2988 2257 181 van marquette even wel dat sij aen ue geschreven heeft van ƒ 1500:-

916 3124 2340 171 rijsels gelt te trecken, tgene sij aen my mede heet geremitteert soo dat

897 3206 2381 127 laet samen beloopt ƒ3000:- vijsels gelt ben daerover verwondert geweest

911 3303 2262 177 om dat het sterfhuys, aen haer op hare particuliere vek. scnodigh is

908 3404 2345 139 £72:12:1n tgene sij wel hadde conmen op rek. stellen, om haer eerste

902 3516 2214 185 te voldoen, & het restant ons ordonneren te trecken nu dat can int

903 3587 2311 187 toeloment geschreven: dh de siaunaux, heeft mij doen remitteren ƒ 820

905 3730 1886 156 courant, die ontfanghe hebbe voor reke vant sterthuys

903 3774 2356 214 den packter van Jan Luyex in sildrrecht heeft voldaen het jaer vers

902 3894 2391 193 17 28 & noch iets op rek. vant jaer 1728 pous wels van geede ls ten langen

897 4025 2377 169 lesten oock omgesien, & heeft maer betaelt het jaer 1726, int jaer 172, is

884 4171 2250 147 hij verhagelt geweest, dogh my moeet daer over advitteren, de

908 4228 2351 226 pachters vant veer hebben oock een quant jaers betaelt, twelck alle

3529 203 2381 103 op rest: vand sterthuys hebbe gestelt & alsoo een redelijcke somme onder mij

3511 299 2458 137 ben hebbende, voort gemijn sterfhuys, soo bidde van ue resk mede te brengeen

3525 384 1946 118 om ue te suppleren & te egaeeren, op ue t aenstaende voiyage

3520 420 2443 155 alle rekeningen sijn nu uyt de boecken getrocken g is die van dh: van Hesel

3513 544 2366 133 over lanck ter hant gestelt de ret. van dh van Colen is oock soo veel

3527 647 2446 140 als gereett de bilancen soo wel uyt de oude als de laeste boecken, sijn oock

3531 753 2381 127 uijtgetrocken & bevinde dat de schulden vant sterfhuyt in de selve geen

3502 848 2346 159 £350:- sullen bekoopen. mijn liefste heeft el echen gerwijner tijdt

3519 946 2365 134 gewerckt aen de rek van de man, & is daer noch dagelijckx aen besogh,

3507 1038 2313 158 de ret: die sijn op volger aen ue gesonden heeft, can niet bestaen, sij

3510 1127 2462 165 bevindt dat de selve maer begint de anne isie, onder preteret dat hij seght

3527 1268 2412 119 dat de rek: door de man overgegeven tot 1717 aenhoort soude syn door

3515 1337 2368 159 dh de lannoy ven rijsel, tgene niet geschieet is bij weete, & te min de

3517 1442 2415 159 sipponeren is terwijlen de leste ick: door de man overgegeven begint

3508 1529 2297 155 delanns 1709 tot 1722, brengende aldan het tlot van de rek: van de

3528 1635 2456 151 packters tot banus 1709 gesloten ten gare 1712, wij sullen genoodtsaeckt sijn

3500 1736 2365 121 Copye vann de ick doorde man gelonden, aen hen te moeten toesenden

3527 1866 2353 120 want hij en brenght alleen niet wat de pachters gevalidert is maer

3514 1914 2313 163 alleen eenen soupelen ontfangh, soo danigh dat men niet can sien

3512 2043 1045 131 hoe men met de pachters staidt

3528 2129 2401 166 mijn liefste versoeckkt hier haer complimenten de aggreeren tenevens mevrome

3509 2249 2489 131 1: beminde pmijn heer ue: broede met bij volginge van een saligh hooghteydt

3511 2334 2412 152 gelijck ick mete ben doende, hopende d'eere. t hebben van aen uk: in de

3472 2435 2515 137 aenstaende heylige dagen tselve mondelinx de connen doen & benwe

3500 2529 2449 176 van herten ander mael presenterende mijn huys voor nt. logement

3536 2676 1007 154 blijve met groote aetruge

5309 2673 669 191 Ady 20 Janu 1730

3359 2763 1097 166 Mechelen advocaet Cauwenberge

5056 2809 122 108 mij

3549 2805 2377 192 ue: seer aengrename naet ue advies op sijn tijet wel geworden, & hebben

3521 2988 2412 99 u dassigpatie van ƒ 32:- prompt voldaen, de lalie van scheydinge

3505 3073 2449 155 deglenge met den raedt coppens, connen tot geen ejnde comn hj is

3525 3162 2471 165 in de beylige degen overgeweesst & heeft den fijnboeck tot swijndreckt

3528 3256 2380 159 doen arresteren, soo datter gaen middel van accomodement en is ick

3522 3357 2480 127 soude hem geirne hier betrecken voor die wethouderen van antwerpen

3512 3463 2487 172 &om dat hij raedtsheer is ben beducht van lomwyten en mitslagh te

3536 3568 2442 155 doen, soo bidde seer vrindelijck van op ontfangh deser mij de laten weeten

3522 3679 2307 151 op wat mandere ue: het beste voodeelt om hem hier te betrecken

3529 3777 2294 137 ingesloten een memarille bij foome van querstur versoecke seo

3525 3835 2438 141 vriedelijck ven op morgen antwoorrt te mogen besomen alsoo daer

3524 3949 2469 198 periaelidn emora is tervisent het len versaf dat hij gedaen heeft

3527 4067 2465 146 van dheerlijckheyde van twijndrecht stan geturanneert te worde

3526 4209 2462 139 sal ue: e viesoh et danck segginge stiptelijck voldoen, versock: ende

3515 4289 2397 168 geen dilcy, maer deere van i anthwort tenevent ue advies en
