7926 4651
2435 190 777 168 Ady 7 Janu 1732e

797 226 1043 195 Lille de Lannoy de la vaiere

953 317 2272 205 J'ay este fort surpris, qu'on me venoit presenter vre traitte du 18

940 439 2254 167 du passe de ƒ1200: comme p avis, & que ie n'avois auqune de

953 555 2297 182 vos nouvelles, ce pour quoy la ditte traitte a este proteste aprez

937 689 2297 183 la bours, & comme les lettres venont plus tard qu a l'ordinaire

957 758 2193 195 ie n'ay reccu vre lettre d'avis du 29 xbre passe, que le 31 d

954 884 2304 226 aprez midy, & dabord vre ordre receu, j'ay fait payer vre ditte traitte

969 984 2282 239 le mesme jour, ie vous prie doresnavant de ne plus estre si tardive

974 1134 2277 170 car cela ne me fait pas du plaisir, j'ay payez aussij promptement

962 1224 2316 223 vre traitte de sept cent florins de change a l ordre de nicolas morcon

946 1351 2231 242 p vous este debite pour les deux traittes predites a vre compte

964 1483 2286 217 comme ie servay de mesme du celles que vous pouriez encor faire

969 1611 2196 219 mons. Coppens at este icy, & il na pas voulue encor passer

952 1738 2179 205 l'adheritance icy la realisation devant la loy des biens

963 1852 2069 205 de fin monr: de lannoy cependant on luy at donne les

948 1974 1169 200 lettres d'aschapts & dheritances.

964 2043 2056 190 nous vous sommes bien oblige comme a madame de lannoy

979 2192 1067 195 de tous les bons souhaits

2526 2219 693 212 Ady 10 janu 1732

2722 2342 186 156 me

779 2341 1352 160 Donay desjaunaux president a mortie

986 2428 2116 179 depuis celle que j'ay eu l'honneur de vous escrire le p. du mors

979 2518 2273 223 passe, que ie crois vous estre pervenue, ie n'ay receu au'cune de vos

978 2688 2287 130 nouvelles, esperant cependant, que ce n'est point p marcqedement

967 2752 2312 221 de sante, elle servoit, pour vous donner advis que mons. Jean B

967 2904 2301 168 mottier, n avoit remis pour vre compte ƒ1120:- argent courant dicy

959 3007 2308 194 les escus a 36 patt. la piece & autre especes a ladvenant, sur

965 3087 2267 230 le s: van delft, danvers, dont ie vous ay credite a vre compte

946 3263 2187 196 & quoy que ie ne doute pas, que cette remise, soit pour

971 3338 2222 238 le cours de lannee de rente eschue le premier novembre 1731

979 3473 2278 212 que la maison mostwaire de feu vre beau pere le s: de camoy

980 3604 2239 216 : de swijndrecht avoit de comere main avec madame

980 3733 2295 216 van Zeller a vre charge selon la consritdtion de la lettre de vente

980 3881 2305 182 ie n'ay voulu en  disposer sans vre ordre, que ie vous prie

982 3986 2292 158 iterativement de me donner p le premier, afin d'en pouvoir

977 4098 2231 179 faire la distribution la presente servira aussy, pour vous

993 4221 2253 206 adviser, que p le provisionel part ce qe ou lois, fait entre

3448 222 2408 104 mons. Coppens & moy, nonure uxoris des biens de laiste p nre predit

3440 289 2397 172 beau pere, est tombe en partage a mons. Coppens nre beau frere

3435 389 2326 203 ƒ14000:- & a moy ƒ7000:- argent courant dicy comme dessus

3431 522 2326 166 dans la surditte rente a vre charge, ce pour quoy vous me

3421 612 2421 191 feriez plaisir de remettre chaquun sa parte, a lavenir du dit

3444 710 1720 199 cours, j'ay l'honneur de vous souhaiter

5224 740 664 254 Ady 12 janu 1732

3346 842 786 206 London Samuel Swinsen

3467 938 2411 192 J'ay receu l'honneur de la vre du 17 xbre passe, V.S. y joint mon comte court

3453 1058 2397 207 ou ie trouve, que vous m'avez , le 6  capital des adities

3451 1203 2393 178 du , par £60:- receu pour ma quitance, & que vous avez achapte

3453 1334 2415 158 pour mon compte, pour remplacer la predite somme a 109¼ ce qui est

3448 1449 2439 130 bien, mais ay examine vre comte court: m'envoye ie trouve que tous

3460 1549 2252 168 ne m' avez point credite pour £0:1:6 et pour lerreur fait un

3443 1647 2277 199 compte precedant comme ie vous ay marque p ma lettre du

3436 1768 2473 196 20 sbre 1730 outre cela ie me trouve charge, de vre provision de 6

3456 1896 2467 128 du capital d'annuities receu pour ma quitance de £601- a 2 ½

3445 2012 2415 122 ettant £1:10 p n'estant pas raisonable qu'on tireroit deux fois

3468 2134 2402 152 provision de la mesme somme, & cette quitance se doit estre considerez

3445 2235 2375 191 comme une remise, puis que c'est capital, & non pas un divident

3431 2333 2354 134 & vous comte vre provision a ½  pour le remplacement des

3439 2472 2354 178 dits £60:- ce qui est bien, ce pour quoy ie trouve que vous

3468 2627 2354 170 me seroit devable pour solde du compte a compte nouveau

3471 2711 2265 214 £1:8 p ce quil vous plaira redresser, & de m'envoyer un

3455 2842 2173 206 autre compte redresse, pour annoter le tout de conformite

3454 2944 2329 220 ie vous avois priez de faire mettre sur mon nom tant le 6

3448 3067 2320 214 capitel rachetez pour mon compte dans la comp: du sud

3463 3197 2289 189 d'annuities du sud, que les £400:- d'annuities du sud

3469 3374 2417 156 achepte pour mon compte, & comme vous n'en fait jusqu'a present

3471 3458 2445 201 aucune mention, ie doute le cela sera fait, & n'estant pas, ie vous

3474 3564 2439 184 prie de faire mettre le tout, si bien l'un que l'autre sur mon

3491 3690 2156 219 nom, & de m'en donner part, quand vous lauray effectue

3474 3826 2430 196 vre remise de £90:- a 36:1 et sur C solvijns est accepte dont ie

3478 3973 2250 166 procureray le necessaire en son ttemt, pour le payement

3473 4086 2320 194 ie vous suis bien oblege pour tous vos bons souhaits
