7721 4651
5828 189 104 118 A

5001 118 648 215 Adij 1 tb 175

3293 206 669 173 London John Edwards

4328 304 80 94 1

3497 294 2397 143 ue: aengename Jan 8 pass. D.S. wel ontfanghen, daer uyt niet leedt weeten

3471 412 2488 174 verstaen het afsterven Jan dh. tesen schoppens ue: swages tis echter mij lief

3477 503 2501 138 datter ontrent utt comptoir geene veranderinge comen sal, maer blijven op den

3484 623 2506 169 goedt als voor desen, wille niet twijfelen, oft ue: sal de selve exactererde naesomnn

3487 728 2507 129 voorders sien dat ue ontfanghen heeft het divident van mijne  £ 1700:- banc

3482 834 2410 143 actien, voor n. vervallen 29 sber 1728. a 2  ot waer vooren ue: op doude

3476 950 2460 150 reekeninge gedebiteert hebbe voor so£46:15 ƒ & daer tegens ontfangen ue

3481 1016 2460 127 remise op ½ uso a 35:1 £45:- ten laste dh pedro baut & wittetol

3493 1117 2472 183 waer vooren het noodigh sal besorgen, & op sijn tijdt ue voor des selfs waerde

3473 1229 2475 141 crediteren, dit sijnde het noodige deses, & blijve naer seer minsame groetenisse

3590 1334 71 111 s

3498 1373 2425 196 Ick hebbe op 21 sber laest oock het ongeluck gehadt van mijn schoon vader

3487 1489 2492 156 dhr Jacques de lannoy, heere van Lwijndrecht te verliesen, in sijnen ouderdon

3478 1589 2479 175 dan 88 jareu ul: heeft voor desen noch iets voor hem ontfanghen van den

3472 1687 2461 186 boedet Jan justus Beck, & alsoo het sterfhuiys moedt geligndeert worden,

3473 1792 2313 192 wenste wel te weeten, ofter noch iets van dit bieck te verhopen is

5208 1882 747 180 Ady 11 xber 1728

3318 1911 683 213 Rijsel B. Rottier

3492 2000 2478 178 J'ay receu l'honneur de la vre du 8 courant y joint deux remises lune de

3482 2127 2496 181 ƒ1001:4 courant, dicy, sur le S: Jean Van delft & lautre de ƒ118:16 aussij

3473 2256 2533 184 courant sur le s: n'hellin faissant ensemble n 1120:- court. pour le compte

3484 2375 2476 136 de mons: desjaunaux de toutnay dont ie procureray le requis j ayant

3501 2482 2468 147 receu le valleur, ie luy en crediteray, pour quils soyent ce la disposition,

3496 2568 1915 188 & ie luy en donneray part estant tres parfaittement

5443 2571 420 213 Adij 14d

3255 2667 1311 187 Brussel mons: sinon meester geel gieter

3478 2789 2530 186 gisteren sijnde bij dh. bosschaert heeft mij laeten sien het coperewerckk dat ick aen hem

3456 2898 2523 185 gelevert heeft voor eene gallere die hij hier laet matkien, & al soo van gelycken een

3476 3055 2500 129 galleere aen bestelt hebbe, & dat veen sin ben allen het copere werck vergult te

3482 3149 2491 138 nemen, soo come ue: p desen te versoecken, van mij den prijs te noteren an

3478 3213 2494 185 jder soude costen, alles op het alderbeste vergult, waer toe hier inle ggende

3485 3333 2517 163 eene memoiie waer bij den prijs op het alderminste gelieve tde stillen, om te

3481 3460 2525 129 sien, oft hier ontrent met ul conde over een comen als mede over een parr

3481 3529 2542 186 dobbel arnassuren het beste vergelt, & naer de niuwste mode, ue: antwoortt

3485 3643 1122 176 cito afweghtende blijven

3495 3692 2517 234 tis mij leedt geweest, dat ue niet gesprosen hebbe, als ul hier over is gewe

5351 3845 611 167 Adj 12 xbre 1728

3351 3861 944 202 Gendt Cesar Perdinand Coppons

3492 3998 2466 114 ie me referre a ma derniere, que ie me suis donne l'honneur de vous escrire

3493 4091 2508 156 le 2m courant, depuis sans auqune vre, celle ne servira que pour accompagher

3479 4202 2504 98 lincluse memoire de ce que la lig de lwijndrecht a coute a mons: de Lannoy

3509 4274 2476 155 comme aussij de ce quelle vende annuelement, aprez beaucoups des devoirs fait
