7878 4671
2507 191 682 195 Adij 10 gber 1731

831 210 487 184 Gent Coppens

940 318 2300 176 nous esperons vre heureux retour a gand, & que vous auray trouve

949 433 2344 180 madame & toute vre chere famile en parfait sanse comme mons. herry

939 513 2343 180 est presentement a gand, ou il pourra rester iusqua vendredy prochain

941 648 2337 194 estant soge au beginnage ie viend p cette vous prier de luy vouloir

948 741 2316 191 mettre en mainns le ceynsboeck de la segneuvie de smijndrecht

942 895 2281 144 avec tous les autres papiers, de la dependence du dit Iwjnder est

946 987 2309 201 qui sont chez vous, le baille de la chasse de swijndrecht, de eme

937 1151 2319 147 une copie de la priserie des biens de lille pour les pouvoir faire

946 1223 2323 180 mettre dans le partage en ordre. j'avois crue que vous m'auviez

963 1348 2208 178 envoye la ratification de madame vre cher comp. touchant

946 1451 2332 202 nre fransaction & separation fait des biens de feu mons: de Lannoy

933 1572 2202 215 & comme vous vous este engage de lenvoyer 8 jours aprez la

957 1737 2226 159 conclusion de la transaction, & que vous ny avez pas encor

961 1857 2294 167 satisfait ie vous prie de me l'envoyer avec les predits papies

944 1924 2300 227 & doeuments ou p lettre, comme vous le iugeray convenir, & en

961 2054 2137 172 cette attente, J'ay l'honneur d'estre tres sincerement avec

953 2200 837 166 ffres de mes services

2591 2219 515 197 Ady 14d

818 2271 1173 236 Turnhout S:samen & comp

970 2409 2283 210 ue brief van gisteren met de twee packen tyt en wel ontfangen

955 2527 2286 202 dogh noch niet geopent twijfele niet, oft sal de selve conform

948 2634 2317 219 bevinden, & sal volgens ick schrijven sal de voorgaende de ordre

976 2761 1379 192 binnen aght dagen te gemoet sien

970 2850 2295 139 mevrou is seer verwondert dat ul van de moorkens han

972 3008 2282 165 ordre niet volbraght hebt daerom is het mogelijck sendt dat

955 3085 2270 209 op sondagh, want is daer by verlegen en gelieft daer van

964 3202 2230 187 vijf ellen te senden voorders verwaghte over met groot

950 3317 2276 192 on gedult het 3 segels voor eijgan gebruycken waer mede

951 3448 981 177 naer groetenise blijve

973 3552 1632 188 ick can van ue peningen disponere

2686 3573 493 242 Adij 14d

796 3649 750 224 Doel wed: le paye

969 3787 2347 199 met groote verwonderinge & misnoeginge hebbe ick brief ontfangen

926 3894 2282 204 gedatent 6 deser waerbij ice nwek een maendt oft twee uyt stel

962 4002 2307 219 versoeckt van betalinge te doen, ick sien nu openelijck dat ick met de

960 4116 2328 211 bosten dan de gepasseerde twee seuven andere betaelt, & mij laet

949 4247 2369 200 op den duyen fluyten, ice hadde mij versehert van kort naer stele

3476 227 2405 105 te betalen, met het gelt dat ue van het laedt soude ontfanghen

3502 309 2414 138 gehadt hebben, & dat heeft ue al wederoem aen een ander besteedt

3485 382 2473 192 soo dat mijn over groote goedtheyet qpatientie door ue mis bruyse

3496 500 2350 187 gerandert ick hebbe gisteren gemeyndt in persoon bij ul te comen

3497 593 2397 207 dogh den tijet heeft het niet toegelaten om dat tot melsele, tot op

3514 733 2427 171 den noen hebbe moeten blijven om het verlief te doen van mijne

3518 817 2375 206 heerlijckheydt van swijndrecht, & alsoo den procureur van berso

3513 933 2372 210 die in mijne prochie procureur is & oock in den doel soo hebbe

3514 1060 2290 157 aen hem desen brief gegeven om aen ue ter hant te stellen

3511 1159 2400 182 & ice te doen aenseggnn, in gevalle ue int son niet comt betalen

3529 1282 2241 181 van ul te doen betrecken gelijck geraden sal vinden

3536 1395 1521 183 waer naer kont reguleren blijven

5214 1386 690 250 Adij 24 spe 173

3381 1489 789 216 swijndrecht N. orlent

3518 1624 2423 178 hebbe op 11 deser de wed. Van Jan Bouckarni schippers sineght woonende

3507 1755 2386 111 op het vlaems holf gesproken, ontrent het refres aen ue: dh ballin

3494 1865 2384 162 & schepenen gedaen over het besten hooft ofte cateys van haeren

3511 1957 2421 133 overleden man die celles geloockent heeft & seght bereijdt te siyn

3516 2051 2343 207 de atpandinger te laeten geschreden, & tselve gedaen sijnde

3501 2182 2439 146 te laeten prijsen daerom tult gelieven ie andermael met den

3518 2285 2411 210 voornoemden Ballen & twee schepenen uyt de weth tharen

3498 2406 2374 212 huijse te transporteren, omde voors afpandinge te doen

3498 2543 2409 209 &prisye, & dit met affectuerende voor alheer sij gedan

3507 2668 2402 204 sal hebben den ordinairen bedt datsij geen andere pauden

3509 2800 2396 191 en heeft nochte gedurende naere voors mans siechte ofte

3504 2909 2434 218 naer sijne voort geene andere heeft gehadt nochte Clandestin

3485 3039 2377 215 lijck heeft versecken verkoght ofte veralieneert doen

3488 3158 2318 209 af te laeten verstellen verscoopen ofte vernelieneva

3497 3322 2346 152 directelijck ofte inditeetelijckx que as van een tweede

3511 3429 2371 207 refus sal dhe balliu daer van gelieven te geven velaes

3527 3563 2397 182 usforma ou dae in te doen als naer behooren sult

3504 3690 2372 165 my plaises doen ven mondelinge raport te doen van

3507 3804 2477 199 het gene hier in geschiedt sal sijn alsoo ue mede geurne

3496 3941 2505 198 soute sprcken overt andere affairens in welcke verwaghtinge

3507 4051 426 172 blijve
