7789 4678
4825 1272 183 74 p

5036 1324 737 129 Antwerpen 18 gber 1729

4094 1532 1008 136 lyn heer en seen weerde frere

4144 1917 1609 88 tot antwoorde van ue missire vanden 6 desen, hebbe

4128 1980 1523 99 d'eere van ue te seggen dat ick de copie van het

4166 2027 1625 109 proieet van procuratie, tot het doen van het verlieft

4137 2079 1628 108 aen ul tot geenen anderen eynde toegesonden en hebbe

4136 2136 1574 74 als om ue daer van itatis autandis soo verve te

4118 2192 1692 88 bedienen als te raede, en ingevalle de oordeelt dat het

4148 2237 1668 95 verhef op den oet van t voorwent proieet alsoo nmet

4137 2287 1605 104 en can geschieden, soo can ue het selven doen doen

4140 2328 1674 135 op die maniere gelijck het conveieert behoudelijck dat het

4135 2393 1675 98 gedeniet in susterlijcke rechten sonder preiuditie van

4096 2445 1714 96 leders gereclhtegheyt gelijck ick voor desen noch geschhreven

4116 2503 1693 100 hebbe waer toe my gefereve persisterende aluogh dat

4115 2576 1713 90 ick de pampieren van het ster huys niet en sal laeten

4094 2621 1694 122 tracisporteren ten huyse van d verbeech, maer dat die

4087 2680 1742 103 sullen comen ten huyse vanden urtant die den menta

4099 2729 1698 105 dis voltroeken heeft, en ug walle ue daer mede niet te

4091 2801 1685 96 vrede en is, soo sal ick de selve consigueren ter quessie

4087 2863 1644 81 vante tadt uyt alhiers, waer op een letters antwoorde

4082 2915 1661 99 sal verwachten, want wat alngaende titell van de

4084 2972 1737 121 keerlyckheijt, de selve en oomen voor alsuoyh ter tijt aen

4107 3034 1682 103 ue niet meer toe als aen ey, alsoo ick  mantenere

4078 3120 1633 84 dat ul sigh de heerlyckheyt niet en can attorbaeden ten

4074 3183 1620 61 sij dat wy eerst het eens sijn over de egaleriuge ende

4078 3210 1761 104 op wat voet dat die moet geschieden als mede super ee
