8056 4671
2518 199 498 153 Adij July

856 189 880 162 Gendt advocart basilius

976 251 2113 174 sende aen ue hier benevens de proceduren tegens hendric

968 402 2201 177 hersens & Joos van bossche de welcke ick beijde bij hoot lattinge

967 487 2195 199 verloren hebbe, men can niet bevatten de reden, princi pack

983 598 2211 125 die van herssens sijnde die sake van groote consequentie

973 711 2222 177 mij dunckt dat sij de salie genomen hebben & in sijn faveur

948 819 2194 186 gewesen hebben, om de siecktent & op sijn armoede, die

973 922 2226 174 hij geallegeert heeft sijn armoede is echter soo groot niet

959 1026 2268 159 terwijlen hij wel bestaen can de &woont in sijn eijgen

972 1131 2169 204 huys, heeft noyt iets van den atmen gevraeght, ofte

949 1235 2193 230 geprofitteert att hem gevraeght was, waerom hij die

948 1385 2180 157 oey beeste verkoght hadde, gaff voor antwoordt om de

982 1461 2258 169 begraefenisse van sijn vrouw te betalen het schijndt dat

948 1578 2301 227 den pestot daer onder speelt, & sigh onder de hant daer mede

961 1703 2217 209 bemoeyt hebbe by provisie pretest van appel doen doen

970 1829 2282 209 over beyde de saken even wel mj dunckt tant proces tegens

947 1937 2213 150 soos van bossche niet te vervoorderen en sijnen cedt te

944 2049 1755 195 doen doen dogh weete niet op wat maniere

931 2159 2189 186 de sake tegens hersens moete noodisakielijck vervolgen

963 2264 2192 204 want jder een soude sijn besten pant vercoopen, & ben

952 2416 2276 169 dan gedachten, dat den raedt de sasie anders weysen sa

960 2518 2191 147 de tententie is niet naer recht maer uyt medeleyden

954 2612 2253 220 geglven, ue can naer geliefte met adndere advocaten te

970 2766 2255 131 sake exaineren cramen wat het beste te doen ick weete

979 2839 2250 140 wel, dat het eerste appel voort hooft collegie moet geschieden

958 2956 2005 189 die naer alle apparentie hunne gegevene sententie bij

952 3081 2221 148 hooft lastinge niet en sullen revoeeren, stelle de sale gans

950 3182 2119 172 & geheel aen ue: goede directie, & sal bij tijde afwaghten

948 3280 2183 181 tgene ue sal oordeelen int wock te stelen & blijve met

924 3433 576 142 reele aetinge

984 3480 1849 218 ick raeske wederom in andere moeyelijck hede

964 3603 987 186 sijnde het cas als volght

944 3691 2248 216 vrouw en man coopen staenden houwelijckx een stuck lants

927 3833 2112 207 gelegen onder dheerlijckeijdt een burckt lande Jan waer

955 3993 2236 149 om dat men van vlaemsche goederen niet disponeren can

925 4123 2189 160 soo hebben sij het selve lant met noch andere landen

939 4194 2308 209 gelegen onder dheerlijckheijdt van Cruijbeke, belast met ƒ 12000

5842 193 100 162 15

4285 220 70 76 3

3509 246 1646 180 den man comt te sterven sonder kinderen

3512 322 2423 244 de wed. blijft in besit van alles, sonder met de mans rinden, oft

3517 478 2443 225 erfgenamen te lignideren, sijnde bij testament sijnen erfgenaem

3500 644 376 172 gemaeckt

4264 664 101 123 S

3489 664 2400 221 de selve wed. somt in solvens te worden, & drnight op aen de

3482 796 2053 245 crediteuren al watter by  onder haer te vinden was

3489 981 2458 198 men stelt curateurs die de meubelen vercoopen, oock de landen

3486 1110 1625 222 gelegen soo in brabant als vlaenderen

3492 1225 2462 196 men maeckt eene bilance uyt de boecken, & men bevindt dat

3486 1386 2393 200 den man, voor sijne doort meer scheft als bate gehadt heeft

3495 1518 2445 239 nimant van sijne vrinden somt hem voor erfgenaem de clareren

3496 1702 2350 156 de surateurs vercoopen publieq ter vrijdagh merckt het stuck

3492 1854 2406 116 Gant gelegen onder buecht voors belast met de andere landen

3496 1936 949 157 met de Voorss ƒ 12000:-

3789 1971 2143 236 ick ben den cooper van het stuck lant onder buecht

3488 2206 2468 126 de curateurs hebben de ƒ12000 met de intresten aen den rentser

3488 2297 2466 176 voor gisteren gelost & gequeten met de penningen ven den boedel

4306 2412 400 165 Piueritar

3495 2487 2465 154 den middel voor de surateurs om den coopes met goede soffisante

3478 2586 1861 216 titte te sroen in de partije gelegen onder burcht

3481 2733 2461 180 ick segge, dat sij tot hier toe int geheel niet sonnen loven en

3484 2840 2476 199 onterven, alleenelijck voor de helft, & dat poet andere int geheel

3471 2981 655 132 geerft te worden

3484 3069 2472 181 te vrinden van den man doonen fommige in tlaenderen omeur

3477 3192 2445 188 in antwerpen, dock in hollant, somme wel in staet sonmuge

3490 3306 1431 187 arm, oockk sijn die niet alle besient

3485 3414 2226 204 wat middel om die vrinden te betrecken tot een een wige

3465 3548 2388 149 til swijgentheydt & voor de curateurs de maght te becomen

3471 3661 2430 198 in den cooper int doorp lant int geheel te connen lyven

3477 3763 1409 194 met alle gerequireerde sccuritijten

3473 3850 2435 196 wat den cooper doen moet om sigh te bevoijden van costen schade

3473 4036 580 150 en intresten

3846 4096 1926 225 gesoecke ue advies hier ontrent cito mogelijck
