9009 4678
2080 198 2296 97 dient desen om ue andermael te vermaenen ten eijnde van

2052 261 2333 98 daer aen ten eersten te ccolcommen faute die sal genootsuckt

2055 337 2281 112 sijn daer toe de noodige midrels te geloruycket die ue

2058 415 2247 98 door de betaelenge van verhoeden en sijn vetwachtinge

2067 454 840 101 van lheleke blijve

3397 529 940 166 Antwa 21 meert 1746

1813 557 1862 164 amsterdam dheeren henrico boeeg &philippe ParBous

2072 635 617 200 Aen heren

2056 813 2296 113 hebbe gesien door deer kan e aengenaemen van

2054 911 2308 113 3 deser dat ue de remisen gedaen lcoorf mijne rekeninge

2052 972 2293 92 door Liier Baeulius Jacobs mijnen baeck honder van

2050 1035 2284 123 hier  duyfent gulens (banco peenen

2059 1138 2253 81 brief deen meerdere fomme 6 deser vervallen

2044 1215 2306 121 tene laste Jean echerrenbergh sult in voorderen

2060 1312 2250 73 ender incomen sijnde mij daer voor crediteren en

2062 1367 2318 107 houden t mijnder diepositie dat tssel is en stil ier hopende

2063 1423 2232 95 door ue ontfangen te sijn doch in den geval dat bij

2057 1490 2278 102 gevolch van tijt ue quamp beordonneren van masse

2075 1546 2266 133 remitteren soo suft gelieven in te staen voor de

2056 1618 2328 116 wissel brieven en vermete ue beleefde presentatie

2055 1704 2247 126 van dienst soo neme de vrijheyt, daer lanste

2073 1797 2192 119 proufiteren en ue noch een moegelijck sallen

2071 1828 2238 134 overfeeme saecke die ue messchiet noch mach

2073 1924 2301 114 andactich sijn waer over d heer verachter ul swaegeh

2083 1984 2121 151 vans ashier ue foor desen noch maels heeft

2064 2070 2253 129 geschreven op ons slersoeck om de goetheyt te

2068 2165 2297 153 slissen hebben van Ainformeren naer berfgenaemen

2070 2252 2299 126 vjn dheer Bensamen Poulle heere van berckenrods

2063 2362 2311 95 ende sijne trouswe ccompagne die geloove volgens mijns

2066 2399 2305 118 memorie gedraeckt genaemst heeft geweest Clisaboth

2067 2493 2312 106 theesens the naer dablijvickeert Ilast haeren voorschrevn

2053 2557 2307 127 eersten Jan in tereelen houwelijck is getreden

2070 2628 2255 168 teweest met. dheer borgemecoter Tup debonenke

2052 2704 2297 178 binnen amsterdam en alsoo mijn voeder dheer

2051 2794 2279 184 Jacques de lannoij heere van bwijndrecht is se

2055 2890 2281 134 Schuldich. gebleven per flot van rekeeninge aen

2065 2988 2262 144 ditto heer af houlle der tich betober leven thien

2078 3069 2257 164 hondertelf de sompie van blijfthien ponden

2062 3148 2301 131 acht schellingen en drij grootene laems hiseel

2055 3213 2311 172 gelt ten Essaete ditto heer t boullen dese somme. hadt

2080 3322 2263 154 qujt gescholden aen mijnen boopchreven laeder en

2085 3433 2069 99 pert winst en verlies afgeschreven op sijn boecken in consideratie van alle de

2078 3516 2293 83 indeyelijck heden die het gehadt hadde over t vervolgh van een proces alhier t antwerpen

2079 3561 2269 98 regarderende ditto heer Poulle tegens dassuracers vant schiip genaemd la H. famille

2096 3643 2266 93 waer voor wijlen mijnen voorschreven vaeder noynt iet in rekeninge gebrockt hadde

2085 3657 2269 97 als het verschot van gelde niet tegenstaende de groote moeyte die hij daer mede gehadt

2113 3738 2260 110 heeft en in den gevalle van neen dat het tot dien eijnden niet gelemiteert oft quytgescholden

2093 3774 2277 131 soude sijn soo wenschte dat derfgenaemen van ditto heer Poulle heer van derchepro

2085 3824 2269 141 ende van sijne voorschreve vrouwe compagne de selve voorschreve somme geliefde te

2099 3892 2215 122 ontfangen ende op de boecken van citto heert aen te leeckenen mils gevende quitance

2094 3927 2240 130 op den voet gelijck het hier inliggende prot ot bij resus van 2 selve te willen ontfangen

2095 3986 2247 127 van tordonneren bj signature aen derfgenaemen van ditto hier Jasques de lannoij heere

2096 4034 2238 139 van swijndrecht de voorschreve somme van vijschien ponden aent schellingen en drie grooten

2083 4084 2252 127 vlaems wisselgelt uijt le rijcken aen den armen tot verdiensten van die het soude mogen

2097 4144 2245 134 raecken raecken ofte aengaen om dese rekeninge op de boecken van wijlen mijnen vaede

2097 4207 2226 120 te connen sluyten en en den gevallen sijde selve somme geliefde t'ontfangen en geven

2089 4264 2281 144 quillenee op den voil gelijck het nliggende propel soo versoecke ue mij het plaisier

6860 184 110 79 10s

4564 223 2339 106 te willen doen van lselve hun te willen doen betaelen mij daer voor debiterende op

4558 249 2287 113 mijne rekeninge vraegende ue excusie voor de moeye die ick ue aen doen doch

4562 323 2437 116 wenschte van dese penningen ontslaegen te sijn op deen manier oft dander aen de rechte

4552 372 2424 93 erfgenaemen vermits ick wel geinsormeert ben hier tselve is bompeterende ende mij

4563 451 2318 77 oock bapabel vindende ue hn eenige occasie dienst te doen gelieft lieberlijck te

4573 520 2370 94 commanderen aen die oprechtelijck is blijvende met veel achlinge in verwachting

4552 544 811 103 van deer van ue antwoort

4561 632 2337 175 dit onderstaende is de copije van t propct van de quitancie gesonden aen d' heeren

4559 762 2417 116 henries boecy en philippe barbou tot amsterdam op 21 meert 1776 als is blijckende

4559 814 2445 141 door de Copye van mijnen brief hier boven vermelt aen hien geschreven dien dat um

4569 923 2428 192 bij onderschreven als erfgenaemen van wijlent d heer Beniamin Poulle in sijn leven

4566 997 2444 211 heere van Berckenrode ende van sijne vrouwe compagne die sedert sijn aflijticheyt in

4566 1059 1490 146 tweeden houwelijck is getreden geweest met d'heer

4577 1126 2372 190 woonachtigh tot amsterdam bekennen ontfangen te hebben van d'heeren henrico

4588 1189 2423 215 oecg en philippe Barbou van Amsterdam betaelende per ordre van Anna Maria

4587 1265 2381 195 Josepha de kannoiy vrauwe van ewijndrecht Douariere van wijlent dheer damel

4590 1359 2393 175 Gerardo Melyn woonachtich tot antwerpen voor rekeninge van derfgenaemen

4579 1405 2411 205 van wijlent dheer Jacques de lannoij haeren vaeder in sijn leven oock heere van t

4560 1458 2451 220 voornoemt dwijndrecht en woonachtigh geweest binnen de voorschreve stadt antwerpen

4560 1517 2403 182 de somme van vijschien ponden acht schellingen en drij grooten vlaems wissel gelt

4575 1578 2435 207 sijnde het gene aen ditto heer coulle was commende per slot van rekeninge dertich

4574 1681 465 101 Amsterdam den

4565 1629 2420 217 october seventhien hondert elf hem toegesonden door ditto heer de lannoij telum in

4465 1780 1359 158 Gund Mons: CBoppens vay diucken brughe contealles

5924 1813 758 163 Anvers le 29 mars 1746

4608 1908 862 170 Monsieur et tres chere frere

4568 2042 2457 289 ie vous suis bien oblige de la parte que vous prennez en ce qui ma regarde par l'honneur

4558 2102 2424 228 de la votre du 10 de a mois depuis le sils de pierre de laet mest venil adviser qu'on n'at

4558 2181 2374 224 plus coupe a vos arbres ie sui ai dit que dans la suille. sil arrivoit encor quil devoit

4546 2215 2448 270 s'inforimer de quelle regiment, et compague quils surent pour y pouvoir mettre ordre

4550 2288 2430 198 dont Mons. le drossart van hessel auroit warle a Monsr. le General montiony sil lauroit

4561 2359 2435 252 seeu a condition que le payssurit auroit estez avec lur a banecroy qui disoit quil ne le

4564 2417 2417 243 savoit poin et quil n'en estoit plus question puis que ceux qui lavoint faites ettoit

4568 2471 2382 235 ctions desia parties Mons. le Baron van hessel nest poin encor arriv iu mais il

4581 2521 2467 261 est sur son retour sa commission estant sny et je croiz que vous auroit laureiz bien &

4560 2563 2442 275 tost chez vous a gund et que vous prendres la resolution de venir puen sa compaie

4580 2630 2437 239 avec Mons. votre chere hes pendant ces vancances de paques lorsque je vous prie de me

4557 2691 2457 226 ladviser au plustes estant suyet de la presente pour avoir le loins de mettre un peluse

4556 2757 2449 229 liet en bas puisque vous dit de ne pouvoir monter en hant et dans l'agreable attenl

4559 2846 721 112 hele et de considerations

4561 2798 2416 232 davoir le plaisir de vous recevoir chez mor jai lhonneur desere avec beaucoup de

4434 2981 1079 126 BRhuslel Lons. Jan Darto thensens

5808 2985 810 156 Antwerpen 30 meert 1746

4597 3049 1042 120 bedienelijcken gresfier van swijndrecht

4711 3136 310 115 Monsreur

4576 3205 2436 169 lsoo de resolutie hebbe genomen van te laeten planten op mijn landt gelegen onder

4568 3314 2438 148 beurcht en swijndrecht op maendach boecomende wesende 4 april soo is desen dienende

4575 3383 2425 141 om ue te versoecken van door uwen soone soo te willen laeten spreecken en versoecken

4553 3436 2419 144 eenige schepenen uyt mijnen naeme om de boomen te willen voeren in sijnen theyde

4535 3484 2468 161 maer den bosch tslachter van de eerweerdighe paters balhuysers mach daer van niet

4552 3540 2436 134 te vroegh verwitticht sijn alsoo hij de selve kan op voordeel is uijtdoende ende door

4536 3598 2431 169 de minste vorst oft regen de wortels geraeckt worden ende oorsaecke is de selve niet

4552 3653 2448 154 wel wasschen die hij oock naer sijn goestre is uijt doende moetende daer van mijn

4552 3723 2450 153 wercklieden bij sijn om de grootete dickste en rechtste uyt le soecken doende oock

4543 3782 2426 153 maer soo veel uyt als men in eenen dach can planten en twijffelen niet oft

4564 3838 2415 134 Jan Backeljan heeft volgens mijn  orders ue dese advertentie al gedaen van

4551 3895 2445 156 voorleden maen dach ue soude gelles flangers oock bonnen laeten vermaenen om te

4546 3959 2483 185 helpen putten maecken in dien ue oordeelt dat hij daer toe bequaeniheyt heeft andersiren

4553 4017 2468 164 sij sullen geseosen sijn oin dese plantagie te voltnecken soude hem maer employeren om

4536 4068 2474 195 gelt dat hij mij schuldich is te verdienen want gelooven eenen reegen werckman te sjn

4544 4138 2460 170 hebbe ue desen geschreven in dons d'onscterheyt oft uwen soone soo in shadt soude

4557 4200 2446 180 commen en alsoo het condt weder ons nu schijpt verlaeten hebben soo verhope ue ne

4561 4253 2352 185 haest in gesontheyt hier te sien ende in dese hver verwachlinge blijve simeerelijck

4567 4342 2315 82 naer mijne hertelijcke groetenisse gedaen te hebben aen ue beminde in soone soo
