8029 4671
1019 208 2272 190 votre v fils mon cher sseveu que iai receu avec beaucoup d'estime

1027 289 2205 174 et de rendresse chez moi, ou il ne nous manque que voire ayreable

1034 373 2131 180 compagnee, dont nous aurions voulu avoir le plaisir de pouvoir

1042 447 2289 231 provsiter, aussi en meme tems, et quoy que jen suis prive presentement

1036 549 2190 143 ie me disespere pas de joir de e bonneur aux vacances de paques

1040 650 2205 142 en moins si lembaras des logements vous quittent mons vottre sils

1047 729 2247 135 et arrive ji en bonne sante grace au leneur, et en couit encor de

1035 815 2273 113 mesme il ny at ir rien de nouveau a vous a vous mander, ce nest

1036 898 2219 107 celles dont ie crois que vous est informe qui est que mons. van Hessel

1053 960 2205 96 notre seveu est devene bolonge au regiment du prince de salins

1025 1031 2225 127 et le mariage de Mad. recandele avec Mons:. Peeters de Merchtom

1034 1110 2199 131 la mort de Mons.: Peef vander vorst et ladelle colin on est venu

1038 1170 2266 119 demander hier par ordre de Mess. du Magistrat dier les clep de votre

1039 1272 2288 158 maison vinde dans la heer stract et en cas de resus quon enfonceroit

1026 1345 2171 167 la parte ce que Mons: voire fils at prevenie endonnant les bless

1021 1453 2260 131 apparement que cest pour des logements militaire quon s'intorme

1039 1518 2202 143 des maison veude mons: voire his mat priex de vous assurer de sa

1038 1633 2331 145 parte de sestres humbles respect, que mes filles ioignent jer parcillemen

1016 1711 2183 163 avec votre permission, comme aussi les demoiselles van hessel nos

1015 1805 1585 135 Nicces, et ie suis avec beaucoup destime et zele

1021 1926 2256 195 le receveur boom apres avoir rendu compte, et fait paiement de sa

1024 2049 2239 121 recepte a Mons.: votre fils at rendu les blets des maison vous c

1005 2146 2278 127 de sous pretexte que vous avez escrie a Mons ieur verbuch souchant

1015 2200 2303 85 langlois que vous n'ignorez point a cause quil avoir loue la maison

1012 2285 2307 125 dans la heer stract a des payssans par hambre pour y mettre leurs

1025 2378 2322 124 grains qui l'at toute fait deloger en peu de tems pour y faire entrer

988 2464 2386 122 langlois qui est change en apres de sentiment et at prise  tre maison

2440 2549 51 51 14

1019 2578 2301 113 au rapesiers pant, et que alors la maison, reste veude mons. voire fils

1010 2655 2345 135 sest informe chez gaesbeeck, de livre jutitule le manege des cheveu

1000 2723 2302 129 ete, dont vous luy avez fait mention qui dit que les livre du premies

1009 2803 2026 105 imprime ne sont plus a obtenir mais pour ceux de la secorde

2930 2811 308 77 erigs virrie

2981 2841 355 116 on tenkerot

1013 2851 2341 149 sen informera, comme auisi du prix pour veue que ce mons sen conterai

1014 2934 2316 172 sur quoi Mons: voire fils souhaitteroit bien un mot de responce pour

1023 3013 2281 146 faire en suitte des devoirs, et il mat priez ausii de vous cererez quil

1017 3107 2243 121 y at occasion de vendre votre maison veude jeapres de la boucherie

1005 3179 2348 132 pour veue quon puisse convenir du prix, en vous priande lui en vouloir

1024 3238 2210 121 marquer le dernier prix, quil pouraite laisser il est a diner ce midy

1020 3315 2261 140 chek Mons: Peeters de Merchtem, een bontre festin de son mariaye

1017 3403 856 109 avez Madelle secandele

837 3507 2220 139 Culloo Mons. Jacobes de Mmeyen Antwerpen 28 Januarny 1746

1169 3584 260 111 Monsr

975 3604 2341 163 desen is dienende om ue indaehtigh te maecken dat het jaer brois

1011 3726 2277 101 van de kente die ick ben hefsende buwen laste ende ten laste van ue

1011 3792 2303 98 vaeder soeur Joos de maeyer van acntien hondert guldens Capituel wissel

1010 3854 2323 90 gelt verschepen is van a seplember 1145 waer over versoecke uijten eersten

1021 3923 2284 131 te willen commen voldoen en in dese verwachtinge blijve prechtelijck

781 4009 2590 171 gand Jott p  de la Phapelle Anvers le 9 sevrier 1746

981 4028 1033 160 e de Eifrscillet oppens

995 4151 1380 137 Consieur et tres cher Wevece

993 4191 2370 176 Jac reccu avec toute le plaisir priaginable vos deux

965 4320 2408 134 agreables lettres dn 2et 6 de see mois voiant par la premiere

5808 195 99 77 199

3527 214 2342 103 lotre heureuse arrive en dante chez ous mais tres

5905 225 106 128 lo

3541 261 2326 138 mortisiel d'apprendre le terrible frond que vous avez

3541 352 2278 133 couffert en spartant & ia pour beurchtt cependant

3549 450 2463 107 come le reste eu lloiage est passes a blstre satisfactionale

3527 530 2485 102 et que vous avec trouve monsr eotre, Pere eft touten

3536 589 2470 122 la parente en bonne sarite cela soisavoir contrilinge

3534 646 2469 138 a vous faire oublier les rconveniances passe je su

3544 726 2417 133 reevie que lous est retourne contente, de l'acceuil

3529 795 2215 147 vous faites de meelleur cooeur  monde, ne

3522 878 2414 143 meritant pas cependant les remerciemens que

3528 956 2421 123 tous m'en factes, comme aussi Monsr. V'otre cher

3518 1031 2483 184 Dere, a quil nous aurions souhaitte de pouvoir

3524 1133 2270 140 donner egalement les mesmes ternoignages d'gmitie

3518 1191 2331 139 mais je me pourrae proufiter a vec ies filles, &'ar

5671 1271 92 42 en

3515 1268 2480 134 loceurence presente des gavitations quil vveux nour

3513 1328 2437 178 faire, pour la toire prochaine, lee escant cependant

3549 1412 2377 167 et vous bien oblige de os civiles offres, donst je ne

3530 1486 2371 158 suis pas moins eharmee nes reconnoissante vous

3534 1568 2460 199 priaht en eschange: si ous vous est bien troue

3526 1642 2284 205 chey moi, dy retourner pour les lacances de

3522 1774 2446 138 paques, en rompagnie de Mons. Votre cherbere

3522 1821 2416 197 len: sollicitant de ma parte, de qui jai trouve

3529 1927 2342 162 en votge seconde lettre susmenttionne un

3536 2001 2265 182 billeet de la main: et tous la signature

3541 2119 2350 131 contenant que je piusse faire retirer les trois

3528 2186 2408 164 coffres avec des papiers antisques, apper tenant a

3541 2278 2393 146 las maison mortuaire de feu mon Dere Jacques

3514 2369 2441 156 de lannoij, sug. de Swijndrecht volre grand Pere

3523 2458 2424 129 maternel, consin a la requisition a la retse

3519 2583 2511 110 de la maison de ville dje, qui ne de peut effecthier

3522 2638 2363 121 dans la conjoneture presente, que je nemetterac

3515 2701 2361 140 encor pour quesques tems, mais je vous prie de

3519 2754 2543 197 me mander par occasion comment guson feroit

3517 2852 2399 175 en cas quils demandions lovage, die temo quils y

3514 2997 2402 103 ont cotee, comme ils ont merace a devant, me

5446 3049 418 73 comma moi

3510 3062 2418 148 filles vous sont et a Monsr. otre CPere,tres oblige

3530 3117 2335 176 de vos louvenirs, en vous priant d'agreer je

3499 3204 2373 154 joignante, parcillement nos complirrienc, comme

3531 3319 2491 132 aos2 touss les amys, et armies de gand, il est terae

3525 3440 2430 106 ue javois dit as vos boysines, que vous avieez desja

3513 3488 2405 107 giibve toute la parente d'anvers, puis que vous ne

3522 3562 2453 141 longre plus a leurs faire seulemenst un spetit complimat

3518 3684 2383 103 gesagre gependant que vous ne mesterees poin en

3497 3716 2466 159 couvlie, comme vous avees fait a sille, la recommandation

3501 3794 2469 135 que je vous ai factes avec tant d'pstancer de bulou

3514 3861 2479 151 appriendre a chiffrer, estant une chose donton net

3498 3978 2353 141 peyt de passer, pour pouvoir vouverner son bien

3525 4066 2504 150 ce pour quoi ne lefface s poin de letre memoire puis

3521 4172 2482 109 gieet ouous en repentirez par apres, mais prennee

3481 4242 2501 158 les secons que je vous donn a ce suet pour une significatie

3498 4360 2457 90 d'amitie, et bienveellance envers vous nes souhaittant rien
