7727 4651
712 205 2484 132 de ne gotier a vre plus grande avant age dont ie vous donneray avis, en son tems

722 334 2433 101 J'ay parle a mons. michel au voay qui est prese pour vous transporter le ƒ ƒ6000:-

726 388 2453 150 de change quil at dans la rente de mons: desjaunaux mais comme il dit que le

734 501 2427 125 transport quil pourroit faire icy, ne seroit point, peut estre a vre gray, il vous

738 576 2406 182 prie de m'envoyer un formulaire, ou project, fait p un de vos nolaires de lille

734 674 2359 188 quil le passera icy, pu vous donner une satisfaction entiere ce quil vous

736 779 2463 183 plaira de faire au p lustolt car si longtems, que le transport n'est pas fait

713 866 2370 169 linterest coure a son profit la rente eschue le premier novembre & mons.

711 977 2301 158 desjaunaux a payez l'interest jusqu au premier novembre 1728 passe

727 1053 2430 180 ie vous suis dire chez tres oblige de vos offres obligeantes & soyez persuade

729 1180 2487 155 ma chere tante, que dien ne m'est plus agreable, que de vous pouvoir rendre

728 1287 2401 177 mes services, vous priant de ne point esparquer celuy qui le dit en tous

714 1410 1133 137 occasions estant lies sincerement

731 1478 2443 165 mon espouz a vous fait & a vre chere famile bien de compliments, & vous este

731 1613 1097 102 bien oblige de vre cher souvenir

627 1686 2570 173 PP. J'ay negotiez vre remise de £400:- sur bruges a   de vre perte, dont ie vous

2634 1822 566 145 Ady 22 janu 1729

729 1809 984 139 ay credite pour £398:10:1 et

539 1902 939 171 Lille de wed: theodor van Zeller

748 2001 2445 145 ie me referre a celle que ie me suis donne l'honneur de vous escrire le 19 courant

722 2096 2439 117 celle ne servira que voiour vous donner avis, que jay negotiez vos remises sur

737 2184 2353 154 amst a 2  de vre avance dont ie vous ay credite comme en suite

732 2277 2430 139 pour les ƒ1500:- banco sur wittent & de vos a 2  pe avance £256:11:3

2626 2375 543 137 „ 256:11:3

732 2387 1576 149 pour les 145005- ditto sur les dits  2

2688 2475 492 118 „ 49:8:10

727 2486 1748 155 pour les £57:- sterlin a 34  £ 96:18 ƒ1w 29 ...

1355 2608 1828 161 faissant en semble en argent de change dicy £612:11:4

719 2691 1525 182 ce quil vous plaira d'annoster de conformte

729 2844 2490 121 mons Michil au vray prepare tous les donments necessaire e pour le transport

734 2906 2474 172 de ses ƒ6000:- quil at dans la rente de mons: desjalunaux & dabord que l'auray

740 3059 2470 130 vre project, il faire le transport p quelque not adre dicy, & j'auray soing, que

738 3115 2115 173 tout sera en bonn for me requise, estant avec bien du respect

2609 3195 553 171 Adij 22 Jan

573 3211 1340 171 brussel floris simons meetter geel gieter

750 3303 2469 188 ue brief van 15 deser wel ontfanghen, oock is het copere werck daer bij gementioner

752 3421 2413 162 mij oock verhant gesomen, ul moet sigh soo niet presseren vermits onk wers

726 3512 2465 189 luyden, door den grooten voorst belet sijtn te wercken, oock om dat het verguden

726 3631 2416 134 met scoude oft voeghtigh weder, soo goedt niet is. hebbe de groote gespe voor

742 3704 2437 178 darnassuren an den kant gesien, & bevinde dat het loper al niet te wel

722 3811 2457 169 geeffentis, & ue: was door den sael masier gerecomandiert dat de gelpen

692 3911 2531 151 wat voogen souden, tgene niet is, daerom bidde daer op te letten, aer ul de

724 4007 2494 146 andere toekent voorders versoecke van den schrder eens te spreken, oft hij

722 4081 2482 193 mijne galleve nier soude willen comen schederen, & voor wat prijs, &oft hij

756 4214 2332 158 mij wel eenige teekeningen loode willen laeten toecomen, die nu het

3507 144 583 198 den sase Jn

3505 191 2467 235 soude oock wel een creppien van seyde, goudt couleur noodigh hebben voor het

3504 333 2361 158 binnee van de gallere, & voor het stussen van den hoetsier dogh alles op het

3506 408 2412 177 modernste, & vermits my by nimant beter adresseren cen dan bj ue du alles

3513 511 2336 202 besient is, soo wenste wel, dat ul de moeyte wilde neme van sigh te

3518 599 2376 187 informeren, op hoe veel, soo een reppien monteren sodde, oock de twee

3515 714 2424 177 toppen & lume  van blouw oft roost kemels aen gelijck het meeste

3509 786 2408 192 int gebruyck is sult mij verobligeren. het schijndt dat den vrindt die mij

3489 877 2505 245 de 8 bollen & de 6 leen aen geboden heeft de selve niet wel sal willen laten

3509 1001 2428 168 volgen, om dat hij gaerne de creppine oock soude quijt sijn die mij niet

3495 1096 2457 163 dienstigh, con sijn, om dat te te sort is, soo soude ue mij noch wel eens

3511 1192 2453 177 2 a 3 modellen van lien connen toesenden oocs van de bollen, tgene

3510 1275 2420 214 echter verwaght hadde, vernits ue tselve mij gelooft hadde te doen, ul

3494 1360 2407 205 ane woords chier op deen & dander verwaghtende blijve naer groetenisse

5243 1461 723 191 Ady 25 Janu 1729

3290 1530 788 167 Brussel floris Simons

3435 1580 2563 204 referrere mij aen mijnen voorgaende 22 desers, sedert heeft den voindt mij de tollen

3488 1742 2515 186 en leen, thuysgesonden, derscalven het niet noodigh is, dat ue mij eenige modellen

3495 1805 2493 173 Jan de selve soude toesenden, waerom ue desen schrijve, om moeyte &oncosten te

3508 1906 2491 172 sparen, echter tgene iuk: versoght hebbe van den schilder en voor de creppene als

3491 2019 2502 172 andersints, blijft ue: hertelijck gerecomandeert, & sal met groot vetfangen

3507 2096 2443 173 ue antwoortt hier ontrent afwaghten & blijve naer miusame groetenisse

5338 2208 619 184 Ady 28d. 1729

3320 2254 1015 144 Lille de wed: theodor Van Zeller

3508 2304 2433 208 J'ay receu a hier lhonneur de la vre de ce mois sans date, a quoy ie vous

3505 2453 2369 158 diray, que la rente sur mons: desjaunaux est en son entier de ƒ32000:-

3510 2567 2381 149 argent courant dicy a raison de 56 pattars p escus dont mons. auvray

3498 2638 2445 181 avoit ƒ16000:- pour la moitie, & mons. de Lwijndrecht aussij ƒ16000:-

3509 2742 2452 171 pour lautre moitie argent courant & ce que vous avez remarque qu'elle

3506 2853 2439 140 est au vachat de trente deux mil florins, en argent de change, est un

3510 2962 2471 152 erreur de celuy qui at couche la lettre de vente, il auroit due mettre

3501 3103 2404 131 au rachat de ƒ32000:- en espece de change, l'escus a 56 pattars

3491 3206 2398 129 & non pas en argent de change comme il y est mise nous faissons

3507 3291 2506 148 toujours mettre icy dans les lettres de ventes de faire le remboursement

3495 3372 2509 179 En espece de change, quoy que le capital est en argent courant a cause

3510 3496 2483 165 qu'on ne doit point alors recevois de lorny des demie escailins quand

3517 3578 2388 174 on vend le capital mais des bonnes especes en argent, comme en

3495 3683 1526 179 escailins escus  c'escus a 5a patters

3516 3775 2490 181 mons. des jaunaux at vendue quelques terres a mons: de Lwijndrecht passé

3512 3897 2492 161 quelque annees, pour la somme de ƒ4000:- argent courant les quelles

3502 3985 2515 140 out este payez a mons: auvray en diminution de son Capital de ƒ16000:-

3484 4088 2534 162 courant lutre le dit l'auvray at transporte a mons: de Lwijndrechs

3490 4197 2519 153 de la ditte rente, la somme de ƒ5000:- argent courant de sorte que

3512 4292 2506 161 ne luy reste que ƒ7000:- argent courant dont le transport vou
