7810 4678
899 243 2389 140 us achterstellige packten te betalen, dogh niets van ue vernome considerent

859 289 2420 214 den ul nu 3 volle deren packt ten achteren is, & dat is seer uyt spongle

907 427 2383 183 waerom din andermael p desen come vermanen van gelt te bienden

902 523 2383 164 want bj faute van dden sonden genooitsaeckt sij, andere middelen te

891 637 2392 196 gebruycken, die ue niet aengenaem sonden sijn, daerom moet ue

844 761 2442 168 sulx voorcomen, met gelte te brenge ue dan met groote impatientie

915 881 787 158 afwaght ende blijve

2509 873 732 220 Ady 18 meert 1730

779 979 787 213 London Samuel Swinstte

2060 1092 137 99 me

937 1083 2349 178 J'ay receu l'honneur de la vre du 20 passe V.S. avec avis que vous aviez

917 1232 2317 172 aschette pour mon compte & sur mon nom,  £100:- Capitall des

909 1306 2290 173 anwities de la comp. du sud a £105:15 p porant avec vre provision

937 1427 2252 178 courtage  £106:8:1 et pour les quelles vous este credite, & ie ferray

907 1513 2337 149 fout honneur a vre traitte de  £42:- a 2 usances a 35:2 et en

909 1612 2333 186 faveur de mons: Judoins goithals, dont vous seray debte en son

923 1712 2346 205 tems, & ie vous ay debite, pour le divident d'un demy annec de

906 1813 2389 209 la Comp. du sud eschue le 25 xbre 1729 a 2  pour  £20: de

895 1928 2386 183 met £1000: Capitall, vous estant bien oblige de vre information

907 2053 2392 135 a ce suject, & e me serviray du proieet de procuration que vous

895 2145 2398 163 avez eu la toute de m'envoyer en cas de betorieg ayant l'hanneur

906 2283 1131 174 d'este tres parfaittement

2597 2278 702 201 Ady 24 meert 1730

780 2372 903 209 doe de wedue le page

2573 2434 719 208 Ady 29 meet 1730

768 2508 964 201 Raerloos Michiel Cools

930 2604 1971 230 vermaendt om sijn intresten te comen betalen

2622 2769 648 220 Ady 14 april1730

804 2875 1173 195 euldrecht de wedue Jan dhoogh

934 3006 2293 131 sedert 16 ianu. lest lede hebbe van ue niets vernomen, al hoe nl

926 3124 2293 140 volgens uk geloste ue verwaght hadde, om het restant van het jaer

923 3224 2284 148 lant packt verscheven kersenmisse vl 28 t comen betalen het is

924 3349 2377 183 seer onredelijck dat ue doo lanck tardeert waerom ue de te schuijee

929 3456 2196 188 versoeckente van met den eersten te comen betalen weant soude

937 3528 2358 211 genooddsaeckt sijn, andere middelen te gebruyken consederert den

887 3663 2407 198 schoonen oost & dat ue timegeeren ten achteren is, dat soo niet sijn

935 3787 2324 192 en mogh & mij vetrouvende dat ue geene moeyelijcke lheden en

928 3898 1529 201 soeckt sot sal ul veerste verwaghten

759 3995 891 184 Leldrecht Jan Luycke

921 4083 2374 226 vermaenst on hat restant vant jaer pacht vp banu 1728

927 4249 1171 195 te brenget, sijnde £6:6:8

4965 191 820 148 Adj 10 may 1730

3340 209 1011 158 Lillveuve theodor Van Zeller

3489 313 2485 160 mon espouze qui est dans la derniere confasion d'avoir differe si longtems

3495 401 2345 138 a respondre e l'honneur de vre agreable du 4 du mois passé p des

3493 507 2345 166 affaires indispensable sur venu, y joint celle du menage & de les

3496 592 2317 133 enfans, et estant presentement occupe a la Cessire, m a quilz

3490 709 2475 167 de vous y faire la responce, en vous demandant mille exeuses a ce

3481 804 2478 127 suject, & a legard des ventes des bient de lille ie vois encor fort peu

3491 926 2456 163 d'apparence quelles loient expose en vente, du moins si long tenis

3503 1009 2484 137 que mons. Coppens ne change de sentiments, si cependant il arrivoit

3504 1126 2491 140 que nous tomberions d'accord la dessus, avec luy, vous en seray tousours

3490 1217 2503 151 informe de mon cotte, nous avions espere que mons: van Zessel avont

3505 1323 2339 132 pu avoir quelque force sur sen espres leu vacances delpasques

3497 1454 2484 117 lers quil fut icy, pour faire une accomodement, ce qui n'at reussie

3503 1536 2349 180 nous ne souhaiterions que les moins de finir agreablement

3511 1688 2401 135 mais encor faut il trouver des gens du mesme sentiment, nous

3508 1769 2457 153 vous sommes tres oblige de ce que vous luy en avez bien voulue

3507 1867 2436 172 escrire, ie vois que vous avez reccu le 23 mars dernier du 1 courat

3498 1962 2454 174 ƒ120:- pour la moitie de 6 mois de loye eschue au noil 1729

3494 2124 2467 128 p4:6 ½ pour trois mois de loye a schue de mesme pour la

3518 2228 2422 141 'ave comme n'avant este fait qu a la tremis, en la quelle

3510 2295 2456 130 fut compuse un billiet die vitrier de ƒ4:6¼ qui man quot encor

3500 2424 2286 140 en leur entre, que mons: pour ville nw'at voulus laisses faire

3512 2515 2382 197 malque les devoirs que vous avez fait pour cela & 6 pattars

3517 2634 2451 157 que vous avez donne a la sevante, qui vous at porte l'argent

3509 2750 2385 161 reste aportet en compte en argent comme vous dite ƒ219:14

3491 2866 2256 142 £19:19:0 et que j'ay annote & mon espouze aura soing

3492 2981 2376 187 d'anotter de conformite sur les livres de feu son pere elle

3497 3100 2392 192 vous assure de ses respects, & fait bien des compliments a vre

3497 3217 2367 154 chere famile en vous remeriant de tous vos bon souhaits

3510 3331 2400 167 & couhaitant davance les sestes de pente coste tres heureuse

3493 3503 2383 133 & salutaire agrecez sil vous plait, que j'en fais de mesme

3513 3554 2472 210 vous persudant que ie ne cherche tiens d'avantage que loccasion

3501 3701 2500 190 de vous faire plaisir pour vous pouvoir tes moigner avec combien

3519 3787 1600 209 d'estime & gele, j'ay l'honneur d'estre
