7933 4651
2500 203 688 156 Ady 5 mars 1732

772 212 888 134 London Isaac despech not

935 321 2276 207 J'ay bien receu l'honneur de la vre du  du passe, j'point les deux

946 491 2255 135 certificats, que nous avons examine, ie trouve que le mien est juste,

942 565 2276 149 mais en celuy de mons: van haire vous y avez oubliez de mettre

946 670 2248 175 les £1000:- quil doit encor avoir dant la comp. des judes, le

939 761 2157 198 reste estant bien, ce pour quoy ie vous renvoye son certificat

952 916 2288 165 pour mettre l'attestation de ses predits £1000: - au pied du dit

963 1002 2297 182 ce quil vous plaira faire, que le renvoyer, avec un exacte notice

954 1102 2328 188 des frais, scavoir ce que mons: van haire vous doit en son particulier

957 1223 2187 192 comme aussij de feu mons: piere melijn, qui estoit ma frere

963 1345 2236 177 estant mort depuis un an, & le predit van haire at espouze

945 1437 2347 199 sa fille ma Niece, vous auray la bonte de faire trois quittancy

959 1584 2279 143 quand ie donneray ordre, a mons. tatnall pour vous faire payer

955 1677 2239 196 tant lun que l'autre & En attendant le predit certificas de

958 1800 1137 182 retour, j'ay l'honneur d'estre

2502 1819 729 221 Adij 5 mars 1732

798 1906 1084 193 Lille de Lannoy de la raiere

969 2027 2297 195 le 7 janvier de lanne courant vous fut ma derniere depuis sans aucorne

969 2154 2256 217 vre ayant cependant payez plusieurs de vos traittes sans autre

979 2311 2239 163 avis, & comme ie trouve d'avoir paye quelque bagatelle plus

962 2440 2291 121 que ie vre vous suis devable, & que depuis long tems nous n'avons

970 2518 2213 215 point sode ie vous envoye cy joint vre compte courant p le

974 2637 2261 211 quelle il me reviend pour  ƒ44:9 ce quil vous plaira

969 2750 2276 217 examiner, & le trouvant d'accord de l'amoter de conformite

968 2888 2212 208 qui'en donner un petit mot d'avis. bien des compliments

987 3008 2231 197 a madame vre chere comp. & suis avce offres de mes services

981 3148 690 180 tres sincerement

2617 3162 678 188 Adij 8 mars 1732

791 3244 989 219 Lille wed: theodor van Zeller

984 3342 2309 202 ie me referre, celle que ie me suis donné l'honneur de vous escrire

986 3471 2301 216 le 4 jesme courant, & En suite ie vous envoye cy joint vre compte courant

960 3623 2343 191 p le quel il vous reviend pour solde du dit £43:2:2 et dont vous

989 3720 2300 167 este credite a vre compte nouveau, vous priant d'avoir la bonte se

978 3842 2328 218 le faire examiner & le trouvant d'accord, de l'auorer de conformt

983 3975 2309 206 soyez cependant persuade, que ie suis toujours prest a vous ventre

987 4099 2304 216 service en tous occasions, & eEn vos propres affaires la provision

981 4224 2316 173 gratis d'ane & de coeur, entre tems j'ay l'honneur d'estre avec bien

1875 4368 725 94 un petit mot d avis

978 4359 656 116 de coms livrents

5219 195 676 180 Adij 8 mars 1732

3364 199 969 156 Douay le comte de tenelles

3449 326 2478 179 diverses affaires de famile, m'ont fait differer a respondre a la premiere

3495 427 2402 155 lettre, que vous m'avez fait l honneurs d escrire le 15 fevrier a la

3500 517 2337 200 quelle, comme aussij sur celle du 29 ditto, j'ay celuy de vous dire

3505 647 2355 185 que vre proposittion de moderer le capital, est hors d'usage, & non

3503 744 2368 218 recevable, la perte sur le change est quelque chose de Caswelle,

3484 883 2380 199 & quand il vous plaira de remboirser le Capital, au nom & pour

3498 1007 2417 199 mons: vre pere & madame vre belle mere ie ny feray au'cun gain,

3516 1169 2368 154 plus que ie le receveray dans cette ville, au mesme prix, qpue

3495 1254 2304 189 comme fui mon beau pere l'at compte. ie vous suis bien

3489 1378 2341 165 oblige du partie de plaisir, que vous nous offre, que nos

3500 1514 2292 173 affaires de famile ne permettent pas, d'accepter, j'ay

3485 1608 746 215 l'honneur d'estre

3505 1699 2371 238 madame melijn at l'honneurs de vous faire ses compliments

5264 1873 678 173 Adij 17 mars 1732

3363 1874 1047 199 Lille wed: theodor van Zelle

3501 1989 2408 207 ie receu l'honneur de la vre 13 courant avec avis, que vous aviez trouve

3493 2076 2384 237 le compte courant, vous envoye, accordant, & que vous m'aviez debite

3496 2209 1864 205 pour solde du oit, pour £43:2:2 et ce qui est bien.

3498 2271 2422 272 vre remise de ƒ114:12 ½ sur amst est negotie aujourd huy a 2

3471 2420 2353 220 de vre avance, quoy que le change est a 2 ce que fait la

3507 2546 2399 206 petites e du la somme vous ayant credite, pour la ditte lettre

3484 2640 2409 224 de change en ƒ116:18 ½  19:9:9 et j'auray soin pour le velour

3497 2799 2341 190 de madam Crombien, & ie vous prie de faire un fin, avec

3509 2886 2390 198 boussement, ayant annote: tout de conformite, & ie trouve aussij

3493 3023 1175 193 qu'il ne doit plus que ƒ300:-

3506 3120 2368 210 on dit que mons: Coppeus sera president du Conseilen flandre

3517 3228 2359 217 pour lla somme de ƒ40000:- a quoy vre argent viendra bien

3500 3366 2380 193 a propos, le partage n'est pas encor fait, a quoy vous devez

3496 3487 2368 183 prendre vos mesieres, & particulierement a sa contract de

3506 3611 2382 190 mariage, c'est asse dire, vous porant de n'en pier dire a

3501 3748 2325 182 personne, & croyez que ie suis toujours avce estime et

3514 3838 557 181 veneration
