7817 4678
2373 185 801 199 Ady 12 janu. 173

741 213 834 206 Doct de wedue le page

932 301 2339 227 op 2 iunij & 22 septenber van het gepasseert taet 12 30 hebbe ue geschreven

933 462 2245 170 om dat mij de vier viertelen taruwe die ue my schuldigh is vant iaer

942 572 2321 150 1728 & 1729 soude toe senden, ende en hebbe sedert van ue niets vernomen

929 646 2306 172 nochte geen taruve ontfanghen, waer door ul prejuditie geleden hebbe,

946 801 2307 101 om dat daer op staedt gemaeckt hadde en dat de tarive vijf guldent

909 864 2242 190 & twee stuyvers de voertel hier op de mart hebbe moeten betaelen

920 980 1856 173 die in den somer voor  3:10 hebbe connen coopen

935 1036 2357 205 den cost tnt jaer 1230 heeft ue, nu genoten, soo dat het seer redelijck is

925 1190 2267 194 dat ue mij leet jaer lant pacht come betalen, verselienen banus 1729

943 1299 2264 140 waerom ue deser andermael sclijve met versoeck van niet langer

918 1414 2308 175 uyt te stellen van d'een en dander te voldoen, tgene met verlangen

935 1509 2267 188 sal afwaghten ue: versoeckende van noet langer uyt te stallen

929 1629 927 199 blijve noe groetenisse

2453 1634 688 226 Ady 12 d. 1731

765 1759 1014 187 Elverseel adriaen hejndrickx

934 1823 2290 192 alsoo het meer als redelijck is, dat uk: soude comen betalen, het jaer

925 2002 2260 172 lant packt verschenen banus 1729, vermits als dan het iaer 30

945 2062 2242 224 noch ten achtern blijft & dat van ue noets verneme soo come

921 2197 2230 190 met desen ue versoecken van niet lange uyt te stetlen, om

939 2317 2254 190 geene moeyelijc heden te rescontreren, ul dan met den eersten

898 2447 1711 182 met gelt afwaghtende blijve naer groetensse

2373 2522 767 222 Ady 12d 1731

764 2547 818 223 TEndrigcht Jan Luyckot

935 2677 2170 212 op 27 sber van het gepasseert jaer hebbe ue al noch p mijn brief

923 2793 2261 211 vermaende van ue packten, die ick aen het stefhuys van dheer de

936 2962 2295 141 lannoy saluges schuldigh is de soman voldoen, & by man quement

939 3027 2336 178 van dien, den wegh van recht soude ingaen om betalinge te becomen

932 3146 2291 125 sedert van ue, niitt verkomen hebbe noch wel consideratie willen

942 3294 2335 162 gebruycken, & te waghten, tot dat ul de vrighten van den gepasseerden

911 3401 2270 179 bost soude hebben sin des te beter te connee voldoenn evenwel en

925 3498 2286 191 comt ue niet waerom ue met deser andermael vrindeljck come

927 3612 2258 194 te vermaenen considereert als dat niet costen, geen betalinge

943 3723 2254 205 en cont doen, mij vertrouwende dan, van goeden wille sult sijn

875 3855 2420 190 & diet int scort sult overcomen & gelt brengen, dit dan met verlangen

926 3950 1272 224 dan us: verwaghtende blijve

5834 94 118 183 14

5257 185 560 152 Ady 12 janu. 1731

3343 195 952 169 ipel monde cormtis schaeters

3503 222 2385 212 sedert dat ul over eenigen tijdt mendelinte, hier synde gesprosien hebbe

3508 411 2441 128 ven ue niets vernomen al hoe wel in afwaghtinge geweest hebbe dat ue

3494 503 2422 139 het half jae packte van de visserije van tuyndrat soude hebben comen

3499 593 2422 152 betalen, ingevolge ue: geloste, & vermits niet weete om wat resen ue

3479 692 2479 199 tardent soo come ick p desen versoecken van de voors pecht te

3503 799 2329 196 come betalen, ck dan met verlangen afwaghtende blijve

3573 935 272 110 widijne

5206 931 744 193 Ady 12 jann. 1731

3328 962 834 191 sildricht voos laureys

3499 1043 2420 188 hebbe al in af waghtinge geweest dat ick soude g somen hebben

3504 1196 2366 183 om ten mintten dlet ian lant pacht verschenen  te 1229

3490 1298 2413 180 te voldoen, tgene ick: aen het sterfhuyt van dh de Lannoy Saliges

3485 1403 2479 178 schuuldigh sijdt, & vermiss van ue niits verneme, soo come met deser

3487 1520 2478 209 ue versoecken vant selve te comen voldoen, om ulle moeyelijck neden

3498 1691 2423 169 te voorcomen, soo ven voorders schrijven, als andersins ul dan

3501 1755 2106 204 met den eersten verwaghten de blijve naer groetenist

5280 1880 470 205 Ady 12d

3324 1925 1188 184 tanbroeck Joseph sremers schouthhet

3497 2077 2419 143 op 22 sber van den gepasseerden jaere, wat aen ue mijnen laetten, waer

3505 2156 2359 178 bij versoght hadde het jaercrois van mijne eute tot ue laste verss

3499 2295 2469 146 9 janu. 1730 te comen betalen sedert van ue niets vernoe daer sijn

3499 2375 2478 194 nu al twee gaven verschenen, dat buyten schick loopt come andermael

3496 2516 2484 167 ue: p desen te vermaenen, van gelt te senden, op dat niet genootsaectien

3506 2622 2428 186 en worde, andere mesieres te nemen mij vertrouwende op ue sorge

3519 2725 1866 193 blijve met wenschinge van een salige iee jaer

5336 2797 618 219 Ady 14 feb: 1731

3345 2821 1102 220 Lille de wed: theodor Van Zeller

3507 2925 2417 238 nous avons receu avec bien de lestime vis de ux agreelles lettres du 2

3413 3085 2516 206 du passe, & p du courant ayant l'honneur de vous dire, pour responce a

3511 3212 2414 182 le premiere, quil nous et fait beaucoup du plaisie d'aprendre que

3482 3343 2448 159 vous jonissez dune parfaite sante, & nous avons anoite le tout, qun

3509 3433 2435 136 vous avez reccu pour compte de la maison mortidaire conformemen

3495 3595 2466 98 a vre memoin y joint, ie ne peu vous encor rien marquer touchant

3511 3647 2248 162 not affaires avec mons. Coppens j'espere cependant d'obtenir

3505 3791 2423 175 sentence s'il ne viend point a un accomodement il est certain

3513 3887 2448 174 que tait on tard les biens de lille devront estre voudue, si non, que

3488 4004 2457 200 mons. Coppens les voudroit prendre a luy sur certaines conditions

3504 4097 2321 210 nous vous sommes infinement oblige de vos offres obligeantes

3486 4231 2376 190 feute poicelle, & nous avons l'honneur de vous presenter de
