8063 4671
2513 208 793 150 Ady 2 meert 1742

916 191 1115 214 swijndrecht van berlo procureus

1052 320 2217 211 mons. mocnssens heeft mij toegesonden net duplique van soos

1051 450 2192 186 van bossehe twelck aen den advocart gesonden hebbe die mij

1047 546 2211 200 met sijn brief van gisteren schrijft dat hij niet resolveren

1049 685 2264 169 can voor al eer de voorgaende proceduren te hebben, daerom

1053 792 2168 203 gelieft mij die soo haest mogelijck tie te senden, segge de

1066 947 331 147 Copyen

1043 982 2256 179 voorders ue heeft mij hier geteydt datter originele schriftiuren

1074 1107 2285 164 waeren onder den advocaet in de sake segens hendrick heftens

1072 1229 2235 191 waerom geschreven hebbe, & tot antwoordt becomen, dat hy

1047 1329 2200 222 giene originele stucken hadde maer alleenelijck de copye

1062 1447 2108 192 ue moet weeten wat daer van is, & wat ul noodigh

1067 1575 2235 221 heeft om dat alles wel soude sijn, nu die laske gesloten

1065 1698 2210 180 is, ue antwoordt benevent de versoghte voorgaende

1065 1849 2226 166 proceduren in de sake van Joos val bossche afwaghtende

1061 1974 919 141 blijve naer groetenisse

2427 1935 716 242 Adij 5 meert 1782

885 2067 829 204 indt aovoseet bosilius

1059 2158 2133 217 ingevolge uk: aengename p deses, soo sende hier inevens

1050 2295 2098 186 de voorgaende procednier stucken daer bij vermelt om ue

1041 2407 2193 171 vervolgens te reguleren, ick masse daer swarigheydt in om

1046 2493 2247 150 datter in het afdragen van den hedt maer eenen schepienen

1054 2612 2272 193 biy geweest it, wat belauckt de plaetse tot het doen van den

1042 2721 2205 199 hedt tis noyt een ander gebuijch geweest dan den selven te

1035 2837 2006 191 doen ter plaetke daer den bitten pant gevraeght wijrds

1033 2958 2201 162 sor ue soude bevinden, dat niet wel in dese sasie gerecht ben

1038 3057 2302 205 ofte gefondeert ick soude lieve trachten van die te accomoieren

1046 3187 2205 149 niet om de osten, maer allenelijck om dat doort velus van

1013 3285 2245 205 dusdanigh proces, het gesagh & niet ortheydt van den heere

1034 3402 2183 204 sterck soude verminderen niet te men referree mij geheel

1031 3530 852 153 aen ue goedt oordeel

1055 3615 2270 185 mijn procurens eght oock dat de stucken onder  bernstende

1037 3731 2220 170 en de lake tegens hendrick herftens, maer de dobbelt syn

1027 3839 2325 180 dogh dat hij die noodigh heeft om sijn fouruussement complet

1037 3993 2162 117 te makeng derhalven verloecke dan die over te senden

1031 4075 2250 192 genevens met het gene uf: oordeelt noodigh te wesen in

1028 4176 2248 158 de lalte tegens joos van bossehe & blijve op rechtelijck

5009 199 930 153 Ady 7 meert 1722

3421 220 1176 202 twijndrecht procureur van berle

3490 328 2370 170 ingescoten sende ue de dobbels die heden te rugge besomen

3489 412 2273 180 hebbe van den advocaet soo die Jan de proceeduren tegens

3491 503 2403 189 hendrick herfsens als die tegens joos van bossche, welcke laette

3481 640 2396 176 Jan Joos van bossche, seght rijpelijck oversien te hebben, ende

3489 741 2384 216 niet en vindt noodigh te sijn daer inne voorder te schrijven

3496 892 2452 207 oock dat hij seyde dese laken oordeelt vastelijck mij moetue

3478 964 2465 208 toegenwesen worden soo sijn die beyde maer te doen fournieren

3506 1083 2343 200 ende te laeten weijsen, waer vooren het noosigh gelieve

3488 1236 2445 191 te besorgen, & geen tijdt te versuymen, op dat soo haest

3498 1328 2319 211 mogelijck daer over sententie, become, waer mede naer

3474 1482 1273 202 Cordiale groetenisse blijven

5097 1510 782 218 Adij 44 april 1742e

3387 1597 1014 201 London Joh d wantt & soon

3480 1738 2388 170 beyde ue seer aengename Jan 19 sxber 1741 & 11 jane7 124 ƒ op hun tijdt

3494 1852 2366 163 wel ontfanghn, volgens den cersten hadde ue gedebteert voor de

3489 1917 2456 190 ontfangene snt resten bij den selven vermelt, met jen laetten become

3478 2079 2309 144 mijne rekeninge courant, waer bij tot saldu der selve mij was

3478 2162 2358 163 comende  £278:3:0 et hebbende de selve geexaniueert swel

3492 2242 2379 203 bevonden, alles lonform genteest qul:op m'uu rek. gedebitat

3481 2346 1464 199 voor de geuede somme Jan £232:8

3470 2463 2366 188 hebbe nu langh in deliberatie genomen ue profeet van mijne

3493 2611 2397 144 bneffen partijen oude hujs anneties en suyts ce aetien dit effen

3486 2677 2416 140 £s000 oude anuities  500 suytl: actiea te vergrooten de tijdts

3471 2801 2466 185 bujecture heeft mij tot hier toe daer intrent weder houden altijdt

3492 2908 2397 160 in gedactten geweest hebbende, dit die fondt sen & celle andere

3480 3027 2401 136 louden gevallen hebben, sijnde noch in drecke dat de annuities

3477 3115 2404 199 Jan thet tot tijdt, gerembourseert sullen worden & dan sonde daer

3490 3229 2453 167 gerlies op tallen, echter de somme tot sopplement van £1000

3486 3392 2441 113 is niet groot &om reden die ue: alle geeet soo ben eijndelijckk dar

3479 3460 2370 194 toe geresolveert der halven gelieft voor mij tot lopptement

3472 3569 2413 177 Jan de oude luyfree anndelies il te coopen £68:6:8 ende

3479 3682 2434 159 £265:12:657 tit supplement van £:500:- suyp tetien, somp

5659 3768 225 102 rat de

3479 3828 2413 141 twijfele niet oft ue: sal ontfanghte hebben £20: voort ½ jaer orde

3483 3929 2447 126 nuue suyteannuities  £4:2ƒ ½ jaer Luyydez: comp. vervallen

3479 4010 2455 123 25 xber 174: oock verhope dat de banck. hher divident tes. 25 mert ick

3468 4130 2385 147 sal doen, & de intresten Jan de odde julijfz amuities, oock bj tijde sult

3468 4217 2481 152 ontfanghen, dogh in gevalle af de noodtge peiingen noet te laste hadde

3484 4308 2462 119 cont t seene e: de sort soude sonneny op my freessen waer tmese nair sur monsp

3487 4387 787 78 gretenisse blijve

4598 4409 248 70 Verte
