7762 4671
840 232 2367 107 ende uijt spordgh is, waerom ue desen andermael schrijve voor

819 288 2413 126 de laette vermaninge & ingevalle des tusschen heden & viertien

819 412 2343 137 daghen niet overccut en gelt brenght tijdt verseliert dat ul

827 508 2371 182 pacht brief naer gent sal versonden worden daerom waght

830 599 2414 198 ue van schade, & ue p nersten met gelt verwaghtende blijve

2561 700 686 200 Ady 16 gber 129

694 695 859 208 Sendrecht Jan Luycke

845 850 1246 156 vermaendt om gelt te brengen

670 935 1216 222 Ewerseel adviaen hejndrickx

841 1085 1436 180 venmaendt om gelt te brengen

2569 1135 633 226 Adij 17 fber 1729

691 1212 716 188 Gandt raedt Coppens

841 1328 2409 180 referrere mij een mijnen vooigen 14 deses sedert geene van ul ontfange

829 1419 2399 183 desen dan alleenelijck tot advies, als dat aen ue heden p wagens van

818 1513 2387 212 gendt die morgen vetreckt toegesonden hebbe de 30 bockies dobbel

809 1631 2262 217 goudt in een packie aen ue cadvis waer vooren betaelt hebbe

818 1742 1356 164 als volght te weeten in wisselgede

2725 1798 332 186 ƒ 42:-

842 1812 1680 208 aen JLamoen voor de 30 baeckies a 28 st: p ps

2747 1927 407 197 „0:7

837 1955 1608 189 aen den tolgriddertol 8¾t: court: is wissel gelde

1713 2035 1437 196 Gant leven in wissel gelde ƒ 42:7

855 2159 2305 173 waer vooren mij gelieve te crediteren wille niet twijfelen, oft ue

830 2285 2323 169 daer van content sult wesen, & den vergulde sal oock wel sien, wat

838 2384 2300 170 voor soort van houdt het is, & warime ul: voorders capabel ben

839 2518 2378 133 dienst te doen, versoecke liber te comanderen mijn holffte versoecken

830 2605 2401 136 siverkaer complimenten te alreeren, benevent mevrou. comp

846 2697 2248 191 haere lieve lulter & mij hie ue broeder & ick de mijn daerby

846 2802 1368 193 voegende blijve met veel estime

795 2873 2407 218 Pt bidde van een letterseen advies te geven, op dat gerust magh

826 3032 2401 145 sijn het boven p packie ul wel ter hant is gecomen, als mede

830 3125 2078 176 as cresolutie ontrent de verpacktinge van de calteyde

2714 3185 461 215 Adij 23 d

667 3291 1010 158 milsile Bracy procureur

853 3383 2325 179 us seer aengename 13 deses wel ontfanghen, waer bij verneme dat de

821 3492 2395 191 ad volaten van gendt van sleghte oninie sijn, ontrent de lalie van mijn

830 3617 2404 183 broeder, hij heeft hier geadverseet & dopinie is in sijn faveur daerom

833 3717 2386 196 wenste ul te spreken voor sal eer de versoopinge a fel van chier

831 3838 2415 195 soude geschoeden derhalven versoecke van mij te comen besoecien

839 3971 2294 155 soo uk in stadt comt on mondeliux te consulteren, tijme

839 4102 2215 132 verwaghten de blijve naer sier minscame groetenisse

5151 182 649 156 Ady 30 gber 1729

3345 197 636 168 Gendt raeet Coppens

3529 310 2395 110 op 17 deser was aen ue mijnen laesten met advies van de versendinge van de

3523 376 2435 128 de boeckies goudt sedert besomen ue aengename van den selven dato dien

3518 466 2309 180 volgens sal de calseye trachten te verpachten ten betten mogelijck

3503 614 2481 93 lieve de smet solude nu oock ƒ 400:- geven, maer oordeelen sier prejuiial

3518 660 2453 179 soude sijn voor het toecomende aen hem de preferrentie te geven, de calsye

3518 757 2419 133 en de bruggen, sijn nu in goeden staedt, & men is doende met vijfgrijkens

3510 876 2435 108 te slagen aen het vlaems hooft, alle dese reparatien sullen vrij wat

3518 975 2376 152 gelt costen, daer is niet eenen schepenen van wijndreckt die savel heeft

3497 1051 902 174 willen voeren als rottier.

3505 1169 2472 127 hebbe aen de pachters van lidrecht geschreven dat sij souden comen betalen

3526 1288 2395 144 doch tot nu toe niemant et omgesien, pauwils. van geent is bij de vier seeve

3513 1369 2472 158 packt schuldigh, soo dat dien wel mochte betrocken worden, dogh het ware hoodig

3531 1469 2365 156 dat men sulst wijstelde, tot dat het lant besaeydt was, Jan luijckn moet

3512 1562 2480 156 noch sedert het jaer i827 dat niet ten vollen betaelt is. den grooten packten

3520 1664 2471 131 is wel, hebbe oock geschreven aen den pachter van elverseil, die men leght

3526 1748 2444 123 doodt te sijn, den vader is als borge principael, wat ue geraden vindt ontrant

3515 1851 2441 105 dese pachters sal geirne vernemen om vervolgens te reguleren, in gesloten

3506 1952 2383 112 lopiye van eenen brief van mevroun van Zeller, waer bij sij laet wieten,

3532 2029 2416 116 dat mons: desping dreyght. laisissement te doen, ingevallen de verheffen

3528 2166 2352 129 niet gedaen worden, tgene soude connen geschieden voor het gemeyn

3514 2253 2462 116 sterfhuys, sonder prefuditie van ider syk gerechtigheijdt waer over versoecke

3546 2308 2401 154 aen matante van Zeller te schrijven als mede tas ende den boone putte

3534 2420 2330 160 op het stedesien van puere villers het waer te wenschen, dat onse

3530 2535 2413 150 scheydinge & deylinge gedaen was want het is sekerlijck seer prejuditiabel

3534 2616 2383 161 voor ul & voor ons, de heeren arbiters clagen, dat ue sijne pretntie

3527 2761 2463 83 niet over geeft nochte antwoordt becomen, op den brief die dheer advocaet

3538 2808 2336 171 vinckk aen ue geschreven heeft vakende ul: belangen over te geven,

3531 2910 2404 114 versoeckende het selve op het spoedighste te doen, ingevalle noch niet

3544 3029 2364 126 geschiedt is, dem eens een eynde te hebben, tot contentement Jan ons

3513 3108 2374 142 beyde voorders hebbe vernomen van dh van Ressel, uls dat het goudt

3519 3216 2386 119 ue wel is ter hant gecomen, & heeft aen mijn liefste, eenige paren

3514 3289 2475 116 seinder hantschoentiens ter hant gestelt die wy surelief bevinden & sullen

3533 3404 2453 127 de selve met danckbaereijdt voldoen, & waer nme capatel sijn, iue diente

3534 3449 2460 186 te doen, gelieft maer liber de comanderen, de mutsskens voor sils, sijn

3528 3581 2393 158 noch niet gesomn hebben differente reysen daerom gesonden, waer

3539 3696 852 156 mede blijve sinserelijckx

3533 3741 2399 170 mijn liefste doedt ul &me vrouw ue beminde benevens mijn heer ul

3534 3863 2381 151 broeder versetieren van haer respect, gelijck ick mete ben doende

3522 3978 1115 172 & groeten uey uyter harten

3558 4035 2423 200 mevrouw van merchtem, is met hare geheele familie int sterfhuys

3506 4178 1051 191 & ue provisie is daer noch,
