8104 4651
1682 1474 1694 218 sont en arriere quoy que iela n'ait aucunn

1704 1599 1653 188 dependu de moy ay de mon priedecessseur ma

1693 1710 1661 196 uniquement des Tuesoniers et receveus de

1670 1827 1694 167 la ville d'anveze, avec les quels l'on n

1682 1921 1668 194 pie obtenir la Liguidatin de ce quil ond

1686 2067 1654 182 recu de leur core depuis l'annee 1701, et

1684 2166 1687 183 quelques uries de suiste qu'il y a eu unpoit

1666 2291 1695 209 sur t en quoy la Ma1 est de memd

1688 2411 1598 213 Interessce d'aurant que vou douzieme

1680 2521 1651 209 denier s'en doit deninier ou augmenter

1674 2654 1636 185 et que sans ee lire

1668 2768 1699 232 je ne puis lonner ay delivrer les comp

1663 2907 1208 219 d'un maniere pertinente

1644 3064 1710 225 R cette fin sai leurs as Communique la

1669 3216 1698 205 ditte serne de vos seig luor ines Sud

1653 3356 1694 208 la quelle l mons assure de snir cend

1669 3501 1682 193 affaire en peu de temps a quoy de continudied

3770 1471 1705 222 mes divoirs entre temps j'espere que 8o

4161 1607 89 71 40

3764 1617 1658 142 seig- lus me voudront bien tenir

3759 1720 1665 221 diligent pour quelque terme raisonnable

3770 1860 1660 140 enant l'honneur detre avec vien du

3764 1998 353 169 hespoet

3815 2575 929 220 aDeigneurs

3436 2875 1484 201 e Vos seigneuries n

4231 3381 1196 203 Le treshumblo, et tres

4348 3560 943 213 obeissant senviter
