8097 4644
1036 188 2189 118 ue: sn daer ontrent doen naer ue goedt tunckn dit sijn de

1031 304 2260 136 het noodige deses, & dat blijven naer onse ordinaire cmplin

1045 397 730 145 met genegintheyer

2402 413 711 216 Ady 4 meert 1739

852 500 916 183 Melsell Jan B. Mocussens

1010 620 2066 149 vernume uyt de antwerrpsche gasitte, als dat seinie cune suis

986 668 2283 236 doet vercoopen alle sijne landen gelegen in borgerwveerdt messe wel

1037 790 2229 210 spiculatie om eenige daer van te coopen, ingevalle die tot laegen

1043 909 2075 211 pries souden verkoght worden tis orlent die soo ick sin, die

1040 1019 2176 198 commissie heeft, syn de morgen, segge heden den tweeden tot dagh

1046 1132 2203 135 ondersoeckt eens met tierschavre wilcke perseelen van lansen

1004 1241 2249 180 de best sijn, wie die en pachte heeft ende tot hoe veel po gemet

1014 1349 2220 180 gebliet eens door de derde, ofte viende hant hoe veel p ider gemet

991 1462 1576 185 geboden is met de verhooginge te weeten

985 1569 894 190 de 5 gemet. 258 4.

986 1673 2214 196 de 4 gemet „ 113.R oock waer dese landen gelegen sijn

1027 1795 808 179 het t gemet „ 258:0¾:

970 1898 879 160 de 6 gunet „ 42:

1016 1992 506 196 de 8 gunity

1018 2049 2240 246 laet aen nmnant blijken, dat ick daer naer doen in gditeren als

1014 2220 2312 182 aen terschaire allen, & hen versoecken dat hij die landen nausieurich

1018 2327 2253 144 besiet & ondersoeckt, & ick wenste, dat ue met sierschanre toe somende

1023 2407 2282 218 vrijdagh, oft een stadt quant on daen over te spresien ofte ten laaghsten

1024 2516 2201 200 toecomende sondage, sonder faut laet mij op vrijdagh weete, wat

1022 2669 2020 172 ue hier ontrent don sal, waer op mij betrouwende blijven

2459 2749 541 206 Ady 8 mert

849 2824 774 173 Brussel Carel de Vos

976 2878 2297 223 alsoo ul: geschreven hebt aen dh verdussen, dat ul: voorsien is van

1019 3041 2180 211 lustoire de liglise p mons: l'abbe de chossy, in elf tomen,

985 3166 2268 206 & dat die souden moeten costen thier patta cons ingevalle dit wercke

1019 3272 2126 220 net gebonden is, & wijnigh gebruyckt en fin in goede ordre

1008 3404 2271 206 soo sal ue de tien pattacons daer vooren doen betalaij dogh

1023 3539 2193 190 ue: soude mj eerst eenen tome laeten toelomen,  brenger deser

1010 3670 2167 160 Jan braght bode von autwe peu op brussel, op mijnen cost

1012 3734 2310 239 ingevalle dien wel beviende, & dat ue mij verseliert dat alk te

1000 3908 2220 152 andere soo wel sullen sijn, sul de resterende ue ordonneren op

989 3984 2264 241 sijn naeste reyst de senden, & die weirde door hem doen baelen

1003 4124 1352 203 wat belanght den monfocoy

5809 199 155 89 1596

3442 202 1268 159 twijndiecht Balliae borgend & schepenen

5286 209 468 126 Aey 13 meert

3494 315 2414 127 tis niet genoech te verwondere dat gijlieden geen beeter achte en slaet ontrent

3504 406 2291 139 ue ontfanghers tot het doen betalen der croissen dan renten, waer mede e

3504 523 2317 165 prochie beleett is, tis ul. besient dat aen de selve prochie op 18 pbru. 1707

3493 596 2433 190 geavanceert hebbe £100:- Capitael wissel gelde, nu over de twee jaeren geleden

3478 719 2454 146 waer van tot nu toe noch geene de minste intrest ontfanghen hebbe, walckk

3511 852 2377 140 aen ul in de kersdagen noch meeels mondeliux geseydt hebbe, iouff. van der

3510 929 2370 165 vort is oock 2 gaeren verachtert sedert 18 febru. 1737 als voors & alsoo dit

3509 1047 2377 163 niet anders, sen strijsken als tot discrediet van onse prochie, soo sonne

3493 1179 2399 175 bij desen ul te vermanen van ul ontfanghers aenstonts te ontbieden,

3496 1293 2238 188 en dat hunnen ontfangh boeck sulln hebben over te brengen, om te

3511 1411 2395 158 examineren, waer nijt gijlieden sien sult dat sij in plaetse van de venten

3515 1494 2405 195 & andere lasten te betalen, de penningen anders imploieren, tis ul bekent,

3504 1593 2347 206 dat de conditien van de verpachtinge van den boeck luydt dat sij sullen

3515 1738 2284 131 moeten aen voogende & schepenen, tallen tijde van hunnen ontfangh

3495 1791 2450 250 inspectie geven geloove niet dat gij lieden sulx iet gevraccght hebt

3482 1955 2465 165 tgene niet en Jan stijken in gevalle iets aen de ontfanghers quanne

3508 2090 2431 109 te ontbreken, dat godt verhoede, als tot ul eygen schade & tot die van

3478 2200 2350 115 de prochie, sijnee me intentie niet anders alt de sorgen voor het

3512 2271 2352 184 wee vaert der selve soo ist dat desen aen ul schrijve om de noodige

3454 2387 2507 148 deroiren te doen ingevolge ulsplicht pobligatie dat de croisen van

3498 2520 2434 139 venten die soo verachtert sijn, worden voldaen, om quade oncosten te

3502 2611 2433 159 voorsomen, & hut goedt crediet van de prochie te menticeere, dit tt

3498 2723 2329 177 ul: naeright & mij betrouwende, op ul isorge & goede direcke blijve

5007 2827 729 165 ul. seer geafseld:

5151 2953 734 166 Ady 25 meert 1739

3407 2933 877 165 Melsale Jan B. Moeussens

3496 3074 1855 154 ul: brief van 22 deser vant vlaems hoof geschreven &

3490 3171 2420 150 gitteren vermeme uyt de gagette, dat siinnie op 2 april naer noem ten een ure

3465 3283 2455 152 abboliutelijck sonder op houden de landen ul sal verfoopen, waerom ue dete

3490 3376 2416 184 schrijve, om te invigileren met cerschavre, op de twee geprojecteerde stucken,

3492 3497 2316 173 volgens. wij mondeliurt daer over gesproken hebben, eijnder noch ander

3485 3583 2394 178 hespers tot die 2 stucken, soo sal het beste sijn, van de iustellinge te

3497 3687 2412 184 don, gelijck ul gepresenteert heeft, & daer naer te selve te calangire

3474 3780 2443 216 dogh op icts meer en sal het niet aenomn laete dat aen ue recti

3493 3934 2384 115 laer ny dunckt dat twee hondert gutens wissel gat  gemet voor

3482 4026 2274 163 het betre gelt genoech is, dier te coopen waeh een dollig heydt

3493 4101 2414 218 als edet 4 d b7 gelt sonde trecken, soude het lant mit begevele

3477 4237 1576 198 ot ue naeight & blijve naer groet enisse
