8097 4630
2552 192 701 183 Ady 12 aug: 1736

864 211 1000 164 Melsele Jan B. Mocussins

1052 355 2253 171 hebbe gisteren den tijdt niet gehaet, ue lanck & breedt te spreken tis

1055 449 2228 181 we dat ue ensche het lant aengenomen heeft a ƒ8:10 e gemet

1001 562 2324 187 dogh al soo ue mij gesejdt heeft, dat shij eenige stucken voorts verhiert

1035 667 2281 140 heeft, & dat sij al aent labeuven waren, soo is mij ingevallen, dat

1029 764 2293 169 de vervoedtheydt eerst moette geschadt worden, vermits de conditie

1038 848 2183 214 soo is daerom sal ul door schepenen het selve aenstonts doen

1051 975 2269 205 priseren, voorders alsoo sien dat door mijne goedtheydt geen gest

1032 1089 2247 143 en besome van esbeeckt, soo sende aen ue hier ingesloten mijne

1032 1203 2275 219 quitantie gelieve hem voldoeninge te vraghen siul can hm dte

1040 1306 2257 219 wesie noch tijdt geven, & soo hij in more blijft van te betalen

1046 1465 2190 169 soo sal ul de salie tegens hem in spannendde toecomnde

1040 1529 2271 187 wesse, om met den nechte voldoeninge te besomen hebbe den

1046 1685 2139 181 dato op de quitantie open gelaten, die ue can in vullen

1032 1767 2303 225 als hij betaelt hope ul middelertijdt hier te sien, tgene verwaghten

1047 1908 957 162 blijve naer groetenisse

1022 1982 2246 207 bewaerdt te qutantie wel dat sij niet verloren woort

1050 2115 1577 220 de pachte is ses & negentigh goldens sjacs

2620 2171 688 214 Ady 28 aug: 1736

860 2281 1340 202 Brugge wed. laurence Van ventergen

1032 2377 2217 231 referrere mij aen mijnen laesten Jan b juny saelt desen hht

1042 2515 2204 182 advies dat us: toegesonden hebbe ge voorman advoiture een pack

1063 2639 2175 190 D.N.72. inloudende hondert stucken tijken, twelck vervolgens

1041 2755 2174 168 gelieve te verclaeren, & seerste vertreckende schip op London

1007 2872 2266 149 te versenden, & t'addresseren aen dhr Jobhn tatnall & son, & de

1039 2997 2198 175 oncost rekeninghtie mij cito te lleten toecomen, benevens het

1037 3140 2293 171 cognossement twelck af waghetende blijve naerminsame groekusse

2529 3232 703 177 Ady 22 aug: 1736

858 3260 1018 194 Merille Jan B. Mousseus

1034 3353 2296 210 tot vrindelyck antwoord op ue aengename van heden, segge dat wel te

1056 3478 2215 144 vreden ven met het gene ue oordeelt te don ontrent de boecseweyp

1039 3578 2235 169 mij gans betrouwende op ue goede directie dogh mij dunckt dat

1039 3674 2189 186 coppians, daer ontrent moeste geient sijn, oock soude ue moeten

1053 3794 2235 189 respreken, op de quantitijdt van vier gemeten, on begrepender mate

1029 3903 2266 179 sonder die ten vollen moeten presteren tot ick naeright, geve ick

1026 4032 2269 157 volle macht van hier ontrent te doen gelijck ue gereden sal vinden

1047 4118 2222 149 niet twijfelende, oft den persoon dat satisfactie is, het wijn gelt

1038 4262 2201 167 can ue daer bij besprcken, ofte de contante betalinge. ick hebbe

5807 122 113 182 14

3487 210 2326 110 sbeeck opt vlaems hoost gesien die mij niet eens en sprack van

3477 292 2351 117 betalinge, daerom soo hij dese wesie niet en betaelt soo sal hem

3485 392 2369 123 tegins dijnsdagh toecomende weste, op doen roepen sonder eens meer

3477 479 2290 183 e deniken van langeren ujt stel te geven, soo can ue hem

3471 566 2309 167 daer van kennisse geven soo hij niet en betaelt waer mede

3488 700 835 171 naer groetenisse blijve

3493 739 1910 249 bedayckn ck door alle de moeyte die ul is nemende

5425 849 172 81 met

5197 857 613 182 Ady 0 sbre 1736

3381 916 830 157 London John Satuall & son

3473 987 2427 155 En suite vre ordre du 19 jullet dernier, J'ay envoyez les 100 ps. sotils pacte dans

3480 1096 2421 213 re baullot  .N.72. a bruges les quelles sont charge dans le bateau de John

3468 1219 2425 159 handityde, avec vre adresse suivant le cognossement cy joint incluse aussij la

3471 1369 2405 156 facture montant en argent de change ƒ1045:16 vous y trouveray que les

3488 1437 2381 169 3 seales, sont miser 3 pattars moms, que mon ouvrier m'at diminue

3483 1561 2369 183 pour vous auiner pour des plus grands ordres estant toutes les pieces de la

3487 1668 2363 153 melieure qualite, qu'on peut faire. le predit handisyde est prest pour partier p le

3497 1830 2325 129 premier end favoirable, dieu veullee, vous les recevoir bien conditionies & sil y

3468 1886 2295 196 a d'autres chosis a vre service comandez celuy qui at l'honneurr d'estre

5027 2002 632 172 Adij 2 sber 1736

3376 2014 984 179 Brussel Severinus Josephus Jonet

3438 2111 2460 149 op 30 jusij laest is mij p bode ter hant gestelt eenen missive van de wethouderen

3463 2234 2414 157 der shadt brussel onderteckent I:b: de fraye, bij den wulcken ick my beschreven

3471 2344 2357 148 vinde, om te compareren biennen icl weken ten comptoire van de greffie de

3473 2435 2415 149 selve stadt om te ontfanghen de hoot penningen, met de verloopen van eene

3485 2512 2357 178 erfelijckx rente sant sal en viforgh goldens sjaers, die ick ben hebbende ten

3456 2619 2424 180 latte de selve stadt als sijndel de bselnn rente, door ue vernadert & dat by faute

3478 2721 2393 145 van comparitie, ues de capitale penningen met de verloopen van diel sonsde

3467 2827 2396 189 consigneren, & om sulx voor te comen, op dat ue flijnde prejuditie  geene

3463 2919 2399 165 abuiysen soude begaen, soo wille wel p desen uls laten weeten dat dese

3469 3061 2409 136 rende gecrecert is met expresse conditie, dat sij de selve rente sullen mogen

3394 3170 2472 134 af lossen ende quyten thunal geliefte, ente dat binnen de stadt intwerven

3400 3231 2427 172 pott tselve drijmaenden te vooren adverterende, alles sonder cost oft last

3463 3319 2372 202 van den ventier twelck oock sal moeten geschreden, op den selven voedt

3462 3454 741 184 bij vernaederinge &

3469 3536 2403 148 voorders hebbe ordre gegeven dan dese rente bij requeste te pretenteren

3476 3666 2359 176 tet minderen intrest tgene soo geloove, ul sal gensuieert worden, soo

3467 3738 2416 213 niet gedaen en is, &engevalle ul de selve rente oock met de gepresenteerde

3465 3847 2438 188 reductie wilt behouden, soo sal ul de capie ale pemiinge met de intrestten

3472 3947 2407 172 alhier bienen antwerpen, gelieven te comen betalen waer op d'eere

3476 4050 2083 166 van ue: antwoordt sal verwaghten, & blijve oprechtelijck
