7782 4692
4158 1295 1561 123 sijn, ende in gevalle dat ul den welcken alleen

4161 1379 1442 101 daer toe geinsunieert en besclireven sijt

4148 1418 1560 117 n manqierent blijft van het voors ver heft

4114 1503 1608 105 te doen doen volgens dat het ende

4115 1590 1592 86 brieven uyt gedruckt stael waer toe ick ande

4088 1634 1632 92 mael van uijnen cant verclaeve te coutenteren

4103 1695 1603 98 ende te iede te syr dat sulckx geschiet soo

4068 1752 1589 113 aft dat ick in diee gevalle van alsnu voor

4078 1832 1614 86 als dan daer over tegens uz ben protesterende

4078 1860 1546 94 van alle costen schaeden en intesten die

4080 1946 1573 81 wy daer door alneede sodden mogen geleden

4059 1985 1498 99 hebbe en uo souden comen te lijden

4051 2034 1649 122 ende weet aeugaet het fransporteren van de boec

4047 2098 1679 102 ken en paupieven uyt het sterff huys daer van

4027 2155 1597 107 sal ick eerst den cuessentant laeten voltrecken

4028 2222 1629 97 ende de selve as danr laeten comen onder den

4024 2279 1678 99 dnolans die de meentaris sal voltrocken hebbe

4028 2331 1618 103 alsoo ick va geeve intentie een ben die te

4011 2390 1671 109 laeten com ouves, nuant van de maerschap

4016 2481 1630 82 dit diewe tot ul ganderuo blijve met

4020 2524 1666 126 presentatie van duist en ordeuaire complievet
