8043 4623
4832 418 148 147 oockn

3950 468 1833 187 de winter ende die mischien sal gepresenteert worden

3993 566 1146 198 door de voor blisabette de bruyle

5335 649 325 140 & moeten

3986 742 1784 161 en welcken gevalle oft sij oock niet en souden verclaere

3981 824 1763 195 sonder hede dat sij noynt cangen orderlingen contraet

3987 917 1737 202 van vertoopinge oft mangelinge ofte andersints met

3985 1025 1685 194 elcanderen houden gedaen ofte gemaeckt hebben tsij

3972 1156 1780 168 met woorden als andersintk direetelijck oft indireckelijck

4530 1309 131 147 6

3992 1431 1751 170 principailste is te noteren, ofte sy glisabethe de bruyn

3983 1533 1745 184 niet gehouden en is geweest de beleeninge van naer

3982 1635 1739 195 bedde & peulem te moeten aengeven ende te laeten

3985 1751 1762 199 annoteren ten Coreffie van Lwijndrecht & aldaer onder

3966 1873 1647 178 bede te comen verpaeren dat het selven bidde in

3968 1988 1816 193 propricteydt haer was competerende ongelooft &on verkog

3979 2097 1791 202 & daer van te doen doen de publicatien bij sterck gebode

3978 2222 1772 180 in soo danige voor tallen gerequireert het welck

3994 2329 1764 202 noynt geschiedt en is, & oft by faute dier het selve

3984 2437 1752 162 bidde ende peul bij den nure van swijndrecht voor

3973 2576 1612 199 het besten hooft ofte sateyl wel ende te rechte is

3981 2705 1230 188 gere lameertt ende mege genomen
