7823 4699
892 206 2398 202 de brabant le consentement n'est pas encor donne, p le maubre dicy

947 324 2331 194 mon frere l'eschevin est le premier de ce membre de sorte que tout

925 434 2279 199 doit passer p les mains & que ie pourray avoir asse dinstruction,

934 541 2279 212 ie crois que l'employe serat bon, mais il ny da rien seur dans

935 670 2253 189 ce monde. ce qui regarde les reparations, qui je doivent faire

955 778 2205 171 chez boissement & de le piere, il faut avoir patience il est

945 870 2261 221 mien, que cela le fait au premde a fin quil n'arrive pas

912 982 2282 231 de plus grand malieur, le temps ne me pernet plus

888 1094 2330 224 r'eserin d'avantage puis que la poste parte yant

936 1231 2297 221 lhonne d'estre comme dess Ady 16 mees 1732

795 1371 1046 214 Rijsel wed: theodor Van Zeller

961 1416 2315 233 J'ay reccu avec bien de la recomoissance vre agreeble du 12 courant

953 1634 2321 125 nous vous sommes tres oblige de la part que vous prennez en

964 1721 1929 166 ce qui noys touche comme aussij a vre chere famile

948 1810 2334 195 J'ay negotie vre remise y mentione de ƒ 300:- a 102 et sur la

963 1919 2321 169 veuve egodio Cloots a amst. faisant banco £127- a 2- ƒ

895 2079 2362 172 de vre avance, de sorte que ie vous ay credite a vr compte

962 2211 1767 150 pour £130:3:6 et en argent de change dicy.

941 2268 2343 218 le consentement pour la leve de l argent, en question se ferra

939 2391 2196 203 la demaine prochaine, les estrangers ne seront pas admis

962 2528 2147 186 avant que les iuhatitants seront pourvue, cependant

951 2634 2227 220 J'ay asse damis pour obtenir une somme sill est faissable

973 2751 2288 222 ce pour quoy, ayez la bonte de me marque la somme

968 2904 2312 193 jutte, que vous voule y avoir & sur quel nom vous sou hade

955 3031 2279 162 qu'on la mette, pour me reguler a ladvenant, vre somme

966 3161 2287 169 est deja accepte a l'interess que les mess. des estats pourront

948 3261 1156 156 l'obtenir soit a 3½ ou ½

967 3330 2310 150 mon espuize vous fait bien des compliments & a toute vre chere

933 3451 2007 213 famile, comme noty qui at l'honneur d'estre

5864 204 102 75 dd

5101 199 724 172 Ady 23 mars 1731

3344 214 743 148 Brussel Ballieu

3455 316 2466 188 ie ne doute pas, que j'aul, porteur de cette vous aura informe que

3504 414 2303 157 J'ay une seconde galere entre les mains, & a ce quil m'at ditt

3517 515 2392 204 que vous inclineray bien pour me faire plaisir a la peindre

3526 637 2405 196 mais ie veu bien vous dire, quelle ne doit servir que pour la

3485 756 2454 206 cmpagne, & En ville, quand il fait salle, ie ny veu mettre

3520 889 2433 193 dor laulement une petite peutire agresable, dans une couleus

3514 1024 2438 156 grisallie dans le gout comme celle de mons: de Cleves & mons:

3468 1109 2474 217 packens, que vous avez paint a bruxelles ie y veu mettre

3535 1214 2419 234 que cincqion six piestolles tout au plus & comme paul m'at

3513 1357 2380 208 dit que vous me ferray pour ce prix quelque chose de

3495 1482 2402 175 josu qui ne devera pas cedes au predit votures ie vous

3496 1587 2435 212 envoye en pasier les trois panneeux, vous priant dy faire

3524 1718 2300 170 vre dessin, & mes les renvoyer, quand vous l'aura desinne

3528 1834 2438 201 pour prendre mes mesitres le seillier doit avoir fait son oudviage

3510 1949 2428 198 a las fin du meis prochain ainsij vous pourriez comence

3517 2078 2345 203 a pindie au comencement du nogs de may ma table

3523 2191 2385 215 seaa vre service, comme aussij vre logise vous priant

3507 2335 2355 188 de m donner un petit mot de responce, si vous me

3509 2463 2223 193 pourriez servir pour ce tems la, jEn l'attendant

3511 2562 2089 194 comme aussij vre dessin ie suis ventablement

5266 2692 694 177 Ady 24 meert 1731

3388 2709 663 166 London John Edwans

3516 2814 2422 203 op 22 gber 1730 pass. was aen ue mijnen laetten, waer aen mij gedrage,

3519 2939 2371 171 sedert geene van ue ontfanghen ben geinformeert als datter a costy

3515 3071 2392 184 door het perlement een lotterge sal worden opgerecht van 800

3517 3179 2444 190 duysent pouden sterlinx a t hier pouden ider let waer af van

3523 3312 2425 137 de noeten sullen betaelt worden, de intresten a 3  p anne

3524 3409 2392 137 soo tijnde gelieve voor mijne rekkeninge te besorgen thien

3495 3533 2484 138 soten, & de lot briefies op den name Jan daniel Gerardo melijn

3498 3669 2404 140 antwerp te laeten stellen & de selve mij toesenden, ingevalle

3520 3754 2392 156 mon de let briefies op den namen oft andersints stilt op de

3513 3839 2481 209 nimeros alleen sonder naemoft davies versoeckende op de de

3482 3997 2334 147 loterije te invigileren op dat daer noet bayten en worde

3496 4100 2377 188 geslloten weleronm bij tijde ue: dese schrijve twijfele niet

3499 4189 2410 182 oft de banck sal han divident te verschijnen 25 meert 6:3

3507 4255 2467 221 desis haest betalen dogh in gevalle de loterije eerder geschiedt
