8029 4651
2082 213 827 116 Antwerpen 2 Julj 1745

832 220 314 194 Melccke

1730 286 415 152 Moenssens

1052 273 682 221 Mons Jean Bapte

1159 487 398 159 Monsieur

1076 583 2143 170 desen is dienende om ue te versoecken van door uwen soon be

1044 686 2159 138 willen doen seggen aen Corneles van Bogaert mijnen packter

1060 776 2165 140 dat in den gevallen hij mij geen jaer packt en comt te voldoen

1047 846 2190 120 tusschen dit en acht daeghen dat ick sal schriftelijck last geven

1052 923 2266 156 aen den procureur van Berlo am hem te betrecken tot voldoeninge

1035 979 2237 88 van de stwee jaeren packt die hij mij schuldigh is t lest verschenen

1052 1046 2212 107 te bamis seventhien hondert vier en veertigh want ick niet meer

1063 1112 2105 90 daer over dilayeren wil en sal  beven dien sien wat met

1048 1180 2169 133 mijn landt bj hem in packt voorders doen sal en gelieft oock te

1059 1228 2130 144 recommanderen aen uwen soone van de schuldenaers van de

1034 1301 2181 125 verkochte boomen op burght te vermaenen tot betaelinge van

1024 1386 2213 104 de selve vermits den theydt geexpireert is van 5t Jan die als dan

1053 1454 2122 122 moeten voldoen want anders soude genootwaeckt sijn hen daer

1035 1535 2219 129 toe te praemen willende mij soo niet meer met veel beloften laeten

1045 1645 2156 91 contenteren maer Cornelis van Bogaert en mach sondagh eerst

1034 1678 2131 135 commende niet overcommen alsoo met wel wete oft ick dien

1064 1768 2169 119 dagh uytter shadt sal gaen maer ben ten uyttersten verwondert

1072 1826 2176 153 geweest dat  en doon soo in stadt sijnde op gisteren tegens den avont

1024 1884 2193 182 maer is, gecommen als wanneer niet thuys was terwijlent hem over

1042 1984 2265 128 differente saecke ofte affairens van importantie geirne soude gesproken

1025 2066 2291 123 hebbe hier te lanck on te melden twelck schicke ue te communiqueren

1051 2123 2106 125 op ue overcomote eerste van de toecommende weke twijffelen de

1031 2192 2187 130 niet oft ue sal volcommen aen ue beloften en cont den packt brief

1036 2291 2114 84 van Hcylaert en de cepye van den particulieren actt om het

1044 2361 2184 110 landt effen te leggen dan mede brengen in welcke verwachtinge

1026 2428 686 141 blijve sineerelijck

2124 2458 768 153 antwerpen 5 Juliy 1745

988 2538 1694 170 Wijndrecht Cornelis van Bogaert & achter

1008 2675 2150 190 aAlsoo ul: diffiente mael hebbe vermaent ende doen emaenen

1008 2784 2133 149 tot betaelinghe vande tce jaeren lands pacht NB. behendt dogh

1014 2867 2162 148 voor als noch geene betaelinge becommen hebbende, soo dient dessen

998 2962 2131 109 om uB. voor de leste reyse te adviiteren, dat inden gevalle NB

999 3039 2095 132 voor vrijdagh toecomende mij niet comt voldoen ick mij sal

998 3098 2074 171 genootsaeckt vinden VB: te doen betreeken om den oudt bij

992 3202 2089 127 provisie te mogen by  vercoopen, waer naer v6: si9

987 3263 990 135 kan reguleren, ende blijve

2223 3358 1058 135 Antwerpen 16 Julij 1745

789 3379 2168 176 Bracht Mons. hendrick bouters boverneester

1042 3500 779 121 eer eersaemen

1009 3507 2255 212 alsoo naer ue tlertreck bevonden hebbe een

1018 3619 2146 142 as us begaen te hebben tot mijn preeditie

1011 3674 2198 152 ean twijfen twintich guldens couvant gelt

1003 3783 2271 173 te tlleten ice hebbe over het jaer Crois van

1020 3836 2197 156 de Aente Jan hijf duysent guldent

1012 3905 2266 156 Capitael bllissel gelde die ick ben hetsende

998 3998 2213 129 to4 laste cant forp en groote gegoetde

989 4066 2336 147 van gracht ontfangen voor 2 saert verschen

1095 4155 2153 169 ƒ 867& 1744 ƒ150:- courant gelt sijnde

1025 4213 2251 165 tegens drit ten hondert bourant gelt en t selve

1019 4251 2298 217 moet noch sijn ƒ175:- courant gelt als oo ndch

4679 200 1310 134 p sermits je maer 33p

3510 220 1108 130 de as croiserends tegens

3517 319 2413 112 geconsenteert hebbe in de reduitie Jvan drij ten houdent

3517 344 2369 172 p September 1744 ijn te gaen 15 sbra 1744 asselck jaer

3517 413 2457 164 mach soude verschijpent 15 obre 1745 en geloove dheeren

3516 470 2395 178 wethonderen ue t selve ooc soo genotteert hebben

5924 506 58 100 6

3515 558 2337 147 soo versoecke ue mijne quitanceer te rugh te

5934 604 50 63 e

3504 613 2472 188 brengen en mij de tijfentwintich guldens op te leggen

3523 669 2275 205 als s anneer ue aen onder quitanste sal geven

3512 763 2398 172 als  mede eenen drinck pennienck lloor ue twecke

3498 825 2429 192 te nemene moeyte, tmant ue slel van dien dat

3519 880 2424 205 het een begaen &bus is anders ints soude genoosaeckt

3514 965 2450 184 sijn te chrijven aen d heeren twethouderen van

3516 1070 2466 187 lloon noemt bracht en in de verwachtinge datc

3513 1160 2431 174 ud t selve sal voor commen en iij met aen eersten

3544 1239 2254 199 commen voldoen blijve sincerelijck in de

5924 1290 51 94 e

3560 1320 2315 228 ser wachtinge van ue persoon oft antwoordt

4959 1473 1001 148 Antwerpen den 13 ugiusie

3556 1524 312 151 Mehele

5658 1569 224 107 1 795

3550 1591 1513 193 Monsr Jean Bapte Meenssens Greffien

3603 1707 553 136 van Swijndrect

3556 1745 2266 192 alsoo de spraecke hier gaet dat men misschien den volden van

3601 1857 2158 107 borgerweer mocht gronderen ende coapeeere maecken in mijne

3526 1909 2382 110 salseyde den welcken als dan daer door goude connen verloren gae

3486 1978 2417 112 en in de grachlen vloeyen soo door slroom van t' waelen als ander

3478 2026 2445 129 soo versoecke in dat gevalle van daer naer om te willen doen pen

3467 2085 2448 119 & door uwee goon soso imployerende gemank om den selven calseyde op te

3495 2153 2297 81 raepen en weghte doen voeren door schepenen, taij bij marlinus

3490 2198 2420 111 boddinghien tot beuretht oft bij fransus martin op het vlaems hoos tyn

3498 2281 2423 88 den gevalle het de moeyle weerdich waer als oock ue recommandenende

3501 2334 2429 103 mijne voordere intresken wel gaede te slaen verwachtende oock den vrij

3491 2386 2398 93 brief van de over ledene anna hellegheer huys vrou van peelen van

3486 2439 2423 88 beyen verhopen ue len eersten herselt sult sijn van het flersjn

3493 2523 2401 87 en bonnende geschieden sal ue hier verwachten in sijnen cheyde in

3484 2568 2432 99 bij spule dies ue soone sso en naer hem mijne groeeni gedaen te

3506 2644 1669 96 hebben en aen ue beminde huys vrouwe blijve

3390 2712 2550 191 hulleo AHenisfan raptea Aaenaien Antwerpen 2 2 agpulij 17168

3512 2828 1195 141 gressier van Dwijndrach t

3514 2890 2415 153 tsoos vergeten, hadde aen ue doon soo te versoecken

3472 3013 2399 158 can eene allettelijcke attestatie te lichten hoe

3507 3128 2397 114 diet door ordre wa haere Maye teyt op 16 augustj

3592 3208 2253 110 45 is door leker getal ronners over dander

3499 3246 2442 173 sijde het sort aent hoef ijtser een coupiere gemoeete

3534 3324 2331 171 in mijne c'alseyde liggende in den polder een

3532 3490 2398 123 Borgerveert kan onfnent s roeden lanck waer

3521 3530 2454 141 doon iet alleen mijnen oteenwegh is onruyckbaer

3509 3633 2445 153 geworden maer voo daer voor gestremt is ae passagie

3505 3723 2366 129 recht can de selve b'alseyve afs oockk mede te

3517 3813 2348 146 passagie van ewiers leer oor antwerpen

3514 3878 2470 152 naer het tlaems hooft illaer in mij de  paertkt

3493 3995 2464 117 sijn competerende maer Jan niet 4 ontfangen

3517 4062 2297 110 is alsoo alle llegen sijn op gegraven om mij

3495 4128 2482 108 naer maels can te betienen in de betaelinge van

3499 4217 2463 114 den twelfsten pennincse ende anders ints soo is desen

3507 4331 2382 72 dienende on ue t selve te versoecken van dat

3504 4379 2445 85 te  illen effectueren blijvende naer mijne groetenerse
