8029 4658
2509 204 674 147 Anvers le 30 aoust 1746

839 241 1061 157 Marquette Pheverende dame de Lannoy

1105 319 918 141 meligense a labbaye de Marquette

1016 424 2260 210 Malgre toute la bonne confiance que javois en votre chere personne et l'inclination

1041 540 2255 185 de mettre me filles sous voire direction pour se bien persectionner je nai pai me surmonter

1028 604 2239 188 n'en aiant que deux de les risquer a la campagne a des atteration pendant la fatalite de la

1029 664 2219 195 guerre aiant mise mafelle aisne au couvent des dames de berlaimont a bruxelles cependant

1020 703 2253 225 comme Madelle henssens portense de cette potime amie de ma fille caditte m'est venu et a elle

1030 778 2260 216 presenter ses services en allant demeurer en voire abbaye je n'ai pie me dispenser de proufiter d'une

1028 851 2209 203 si belle occasion pour vous donner des marques des plus sensibles de mon estime et de lamitie

1029 903 2276 223 sineere que je conserverai toujours pour toute la famille, esperant que Mons. votre pere et Madame

1026 949 2206 213 volre Mere mon cher onele et ma chere cante oleur famille jouissent d'une parfaite santé et en

1022 1018 2285 200 eschange je vous prie de vouloir bien m'honnorer aussi de la voire en prennant a ma suppluation

1027 1069 2311 228 sous voire protection et avile catte ainable dernoiselles plan de meriles avec deux de ses cousines qui

1021 1126 2326 168 y vount demeurer en sa compagnu en leurs procurant le plaisir requis et lassistant des vos soins encas

1010 1154 2331 254 dinde  dijndisporition en m'en donnant avis s'il vous plaist du moins la chose estant remarquable

1028 1228 2320 235 et esperant que vous voudrez bien m'accorder cette grace en attendant aussi l'occasion de vous faire

1020 1283 1277 121 plaisir je suis avec une siniere attachement et zele

1027 1354 2231 166 Mon reven le sieur Coppens fils du conseiller a gand qui est jeu vous fait faire ses complimens

1017 1462 2210 144 comme aussi ma fille baditte et nous vous prious dassurer mons. votre pere et mad voire here et

1018 1515 2251 155 famille de nos tres humbles respect par occasion esperant que Mons. votre frere nest oupris

1023 1573 2219 161 entre les blesses in diant fait le plaisir des dinir deux fais chez moi comme il estoit ait camp de

1025 1604 965 107 bouchaet que je seroit ravie d'apprendre

774 1688 230 117 hengene

1032 1735 884 106 Mijn heeren Billiye Bargenmcertej en

2362 1739 522 152 Antwerpen 2 ber 746

1051 1803 527 82 schepene der prochie en

3150 1777 153 111 :1

1634 1809 258 93 erelijckheijt

1041 1833 643 99 van ongene hingee

1019 1930 2319 144 hadde vastelijck betranwt dat ul: achter volgende de beloften gedaen bij misswe vanden 21 februarij

1033 1997 2312 148 lestleden aen mij ende consvorten souden commen voldoen de twee jaeren crois verschenen 21 gbre

1041 2063 2177 111 1746 aen PC: bekent ende alsoo het derde alreede verre geadvanceert is soo wil gelooven ul. de

1033 2099 2330 126 noodighe ordonnantien aenden ontfanger behandight hebt ende vervolgens eene negligenke vanden

1053 2175 2263 109 ontfanger souden connen weten wient aengaende ul versoecke te voorsien alsoo de slechte

1037 2224 2238 108 betaelingen oorsaecke soude donnen geven om 22: prochie in tijdt van noode buyten credit

1029 2277 2331 138 te bringen ondertusschen ont hier ende aent daegen de voldoeninghe dor gemelde huel jaeren

1028 2327 527 97 verwachten blijve

837 2384 1100 143 Mellee Monnieur Jan Bapt. JManseys

2417 2444 770 137 Antwerpen den 7sber 17 46

1014 2474 894 118 bodienelijcken gressier van swijndrecht

1281 2549 237 95 Monsieur

1035 2595 2243 120 voomits het tegenachtich weder soo ben niet verwondert dat ue mijn hout niet gesonden

1028 2670 2281 90 hebt maer hebde verhopt ue ondertusschen tmijnen huysen volgens beloften van ue sont

1025 2710 2315 94 soo te sien ende te spreken over daffairens ue bekent als oock alles te effeke ende te leguideren

1004 2758 2287 58 swent het soo niet mach blijven staens maer wl ten eersten een eijnden gemaeckt hebben van

1021 2807 2281 112 d'een en dander tot welckers offectueringe ick ue sal verwachten vrijdagh oft maendach

1035 2855 1611 61 toecomen de sonder faute blijvende altijdt niet veel genegentheyt

1041 2905 2159 133 versoecke ie indachtich te sijn van mij den vrijbrief van Pieter Raes overledene

1020 2990 1021 78 schepene van swijndrecht te besorgen

2379 3042 952 176 Antwerpen den 15 sber 1746

794 3089 1648 135 Londen d'heeren Johan Edwards en Soon

1013 3166 639 202 sijn heeren

1030 3299 2285 156 ue aengenaemen lan 28 meerten 29 passato wel

1034 3409 2216 105 ontfauden en gesien de gaeaverringe van de

1017 3458 920 135 2v0 gend Renten

1706 3505 1558 125 12 van £500:-2uyt8actie a 4 p tot

1027 3548 777 148 £20:-:- 00

1493 3594 533 105 24 Junij laert

1035 3632 2318 139 £40:-: voor ½ an £1000:- nieuw & uytsce ane. a 4 p C tot 24 ditto

1024 3727 2348 142 £20:-:- voor 6 Jan £1000:-onde guytgie ann. a 4 p. Ctot 25 aertlaert

1013 3789 2249 151 £55:-:- voor  van £2000:- banck actie a 2 ¼pl tot 25 ditto

1016 3866 2366 207 £135:-:- waer & soon ul heb gedebiteert mede voor ue traite

1131 3959 2216 157 de £115:- a 372 deorder frans en lan ertborn in

1079 4042 2276 157 tegendeel heb ue gecrediteert £200:- voor op gevraechte

1061 4102 2315 170 10 p. C jan de banse actien waer door mijn bapitael

1047 4190 2300 149 nee. 2s op £22000- van uld remise de £50:- a 368

1025 4276 2272 100 op Eglauti Auvray by mech lluvouy a £ us0 sal het noodich

1029 4374 2312 71 coorderen en naet pcasseringe ul dooese voor crediteren en blijve

1017 4413 498 54 naer groetenisse

5890 203 116 97 209

5115 198 680 117 Anvers le 22 sbre 1746

3445 188 1278 152 Sand Mons. C. f. S. Coppens de la chapelle

3579 267 605 127 chez Mons sonpere

3717 357 851 134 Monsieur et tres cher sleven

3604 425 2417 122 sai veue par l'agreable votre du 10 de ce mois que vous avez trouve a voire arrive Mons

3577 515 2434 85 volre Pere horgde la porte en tres bonne dan les que iai estez tres ravie d'apprendre avant aussi

3582 567 2428 71 toute sujet d'esperer par la que vous en jourssez parcillement mais je suis tres confusionnes des

3570 618 2447 90 attenlioms que vous faites et sui a me faire des pareits remerciemend pour le bon acceuxx que je

3553 665 2460 102 vous ai temoigne durarit voire sciour ui du meilleur coeur du monde et que jaurois souhaitte

3569 716 2435 92 de pouvoir eghlement temoigner a Mons. votre Dere et quoi que la fortune n'ait voulu

3573 772 2454 81 seconder presentement a mey disirs je n'en disespere pas pour les vacances prochaines en vous

3566 826 2398 46 priant de le persuader dy vouloir genir en votres compague mais comme vous ne me

3536 859 2487 104 donné aucunne nouvelle de votre char de triomphe achetes jeret sil at pleust a Mons. volre dere

3552 927 2468 66 ie craigne fortement que vous naiez faites avec celle la culbutte ou pour mieux dire la chule

3532 965 2480 92 de peaeton dont jaurai estez charme d'apprendre lavanture sil est passe sans grand malheur

3553 1051 2419 71 et danger d'antant que son ne sauroit prendre plus de partence qui vous regarde que je ne

3550 1092 2407 97 fais mais pour aller voir ma fille aisne a bruxelles avec ma fille caditte et les amiener

3555 1138 2434 95 ensemble a gand cela est trop prematere et lui ferait double peune ce pour quoi je vous

3545 1205 2477 92 suis bien oblige comme aussi a Mons. votre Pere de vos oftres obligeantes a cette esgard car

3550 1261 2453 82 au contraire jaurai plus tost resolue de mettre ma Lille baditte a malines ne fut que je

3553 1327 2447 83 me trouveran sei schile sans aueunne compagnie durant chijver qui me scroit extleme

3563 1366 2450 88 ement enneyante et dailleurs ne sachant ce qui me pourroit survenir et je croe que mons

3554 1422 2453 96 voire Pere differera egalement voire voiage de paris pour le printems prochain pour jouir

3538 1498 2419 97 pareillement de votre compaque pendant t'hijver lorsque j'espere de vous recevoir lyu

3539 1540 2469 85 ensemble aux vacanees de woel qui nous procurerez le moien de vous te moigner et a lui

3546 1616 2459 90 de bouche avec combien destime et d'inclination je serai voule ma vie apres vous avoir

3550 1669 2462 107 demande excuses davoir differez si longtems a vous repondre par des affaires in dispensables

3549 1724 2469 92 me survenu et une desluxtion sur la joue gauche qui sut extremement ensle par un mal

3538 1788 2463 99 de dento excessiss qui commence a diminuer et dans lattnte de vous recevoir comme dessus je

3539 1892 768 93 suis toujours beritablement

3558 1947 2468 136 Mons. le chanoine et Mons. le Drossaert et les demoiselles van hebsel et ma fille baditte vous

3540 2043 2447 109 sont bien oblige de lhonneur de votre douvenir et amitie en vous faisant pareillement

3554 2098 2395 116 bien des complimens et assurant Mons. votre Pere de leurs tres humbles respects aux

3553 2150 2454 127 quels je joigne les miens et sont egalement airieuse d'apprendre l'avanture vous arrive a

3558 2220 2462 109 legaitd de wotre chaise ma fille aisne mat priez part lettre de vous faire reciproquement

3564 2286 2300 115 ses complimens en assurant mons.  son onele des ses tres humbles respecte

3537 2352 2453 101 depiis cette mest venu parler une homme incognu disant de se nommer mons. Jean

3549 2453 2447 93 Baptist Ravelli et de demeurer dans une potite maison a la ville oielle bourse estant la

3553 2512 2395 54 maison de derriere de Monsr. Mertens gantois demeurant sur le haes ruy qui oit davoir

3554 2558 2456 90 estez clereg autre fois aupres de Mons. ferarrj sur le minder broeders ruy savoyar ou nalien

3545 2615 2481 112 qui voudroit bien lover voire maison de plaisance a morssel pour veue que Mons. wotre

3541 2676 2484 96 Pere le mit aucunnement en estat par le premier pour y pouvoir jouir du tems de la

3555 2744 2469 94 chasse quil le loveroit presentement pour un ans et dans la suitte pour uncy ou six

3784 2769 49 53 u

3558 2802 2422 72 ans et ce Mons. voire Pere voudroit avoir pour louage pour cette année et quil le

3548 2836 2482 127 paieroit plustost davance si vous ne lui consierez poin cela eot bon mais il me paroitt

3554 2916 2431 84 trop petit compagnon pour prendre un pareil jardin en louage ou il faut quil y eurt

3553 2967 2462 114 dautres quil lui serions compaqie ou quil est envou par Mons. de detter car ce mest pas

3560 3030 2484 119 la conveniance d'une homme qui fait des affaires et a une petite maison en ville denvirons

3548 3083 2459 116 £9. a £10: de gros parans et davoir une grande maison de plaisance et destrez toujours

3557 3145 2419 103 a la chasse je ne scai sil coh  je une homme ou sil cot marce sur quoi on viendra

3560 3207 2466 125 me demander responce de Mons. votre Pere je croie cependant quil auroit estez bon que vous

3559 3255 1020 94 laairiez quarantie de pluye et neige

3786 3318 140 80 Zelle

3424 3310 420 128 Bruxelles Mad:

3882 3320 658 116 Ribadeo Beligense au

5362 3352 667 131 Anvers a 24 sbre 1746

3546 3400 978 109 Couvent des Dames de Berlaymont

3748 3463 490 125 Mademoiselle

3550 3535 2475 131 je dois commencer la presente par mille excuses d'avoir differes si longhems a repondre

3550 3614 2465 131 a la lettre obligeante dont il vous a pleust m'honnorer le 7 de ce mois mais considerante

3549 3678 2478 136 que ce dilay provient par l'actablement des affaires continuelles et indispensable que jas sur

3539 3739 2487 123 sur les bras jespere que vous voudrez bien me faire la grace de le pardonners faulement et a legard

3539 3803 2456 138 du maitre despinette il me paroist que ma filla differez mieux pour apprendre a jouer jusqua ce

3539 3873 2470 122 que Mons. Boutni aura le tems et curt hen disciple qui quitle soit chez vous ou en ville mais

3549 3940 2486 107 il me paroist quil de contente d'un pistole pour vingt secon chez vous quoy que je convient que

3540 3978 2410 118 cette somme excede beaucoup a dautres m'aitres mais mon mary detant qui estoit grande

3541 4070 2477 92 a mateer de la musique et sur toute de lespinette regrettoit fort du maitre quil avoit employe

3549 4112 2477 87 ici a la faire apprendre par ce quil disoit quil ne regloit pas bien a prendre les doight

3544 4159 2480 125 dont il dependoit beaucoup pour bien jouer quelle a redresse aveunnement a malines ou

3548 4243 2477 92 cestoit encor un bon maistre d'espinette et sa elle en at encor une de mesme ce seroit encor

5004 4310 369 58 ce quelle a sec

3538 4297 2490 126 de largent perdu il se peut quelle at oublie aveunnement mant apris bien 3 a 4 anselle at

3538 4383 2453 83 neglige de lexereer et moe des l'en persuader par mes affaire et aussi a lui faire pours uivre
