7789 4678
891 218 2338 140 om ue voorders mondelint te spreken, tgene afwaght ende blijve

886 319 955 137 naer Cordiale groetenisse

873 376 1737 166 het verschot van den segel, sal ue vertitueren

905 493 2346 212 met laet weeten van wegens derfgenamen, van wijlent

902 610 2030 220 den neere deser prochie van Lwijndrecht &

2664 709 607 179 Ady 15 xber 1729

693 788 715 145 Douay desjaunaux

885 830 2399 180 J'ay receu en son temp celle que vous avez bien voulu m'escrire le premier jour

902 961 2316 176 de lanne courante vous estant bien oblige, de tous les bons souhaits que vous

905 1043 2280 188 nous faite p jcelle, de mesme a madame la presidente, depuis ce tems la

908 1148 2399 163 mon espouze at este heureusement accouche d'une seconde fille, la quelle se porte

917 1278 2386 152 bien, comme aussij la premiere, j'espere mons: que le ciel donnera a mons:

906 1347 2404 179 vre fils un suritier dont madame son espouze estoit en ceinte, & quil s'elevera

913 1457 1616 152 a la satisfaction, & a celle de vre chere famile

906 1584 2361 133 mens. pottier de lille m'a remis pour vre compte onze cent & vingt florins

915 1639 2407 131 argent courant dicy, en lettre date de Lille le 2 xbre 1729 a 6 jours de date, sur mons.

900 1777 2126 133 florentis pauli, les quelles sont paye & vous en este credite a vre compte

902 1842 2244 182 ie ne doute pas, que vous este asse informe, que mons: michel auvray at

924 1947 2333 138 transporte les sept mil florins qu'il avoit dans la rente en question a

912 2029 2315 161 madame Van Zeller de Lille, tellement que les interest depuis le dernier

912 2170 2320 149 octobre 1728 doivent estre payez a la ditte dame Van Zeller, faissant

922 2229 2382 195 nnnuelement ƒ280:- argent courant dicy, sans prejudice de la stipulation

897 2402 2403 114 la quelle somme vous pouvez tirer sur moy en fireur de la ditte dame

925 2455 2286 171 Van Zeller, en vre propre lettre, ou assignation, mon espouze vous fait

924 2541 2326 185 bien des compliments de mesme as madame la presidente, comme

922 2649 1671 120 celuy qui a l'honneur d'estre tres sincerement

2624 2698 638 185 Ady 17d. 1729

752 2752 1002 153 Rijsel wed: theodor Van Zeller

919 2859 2394 176 J'ay apris avec bien du plaisir, p l'honneur de l'agreable vre du 10 court

929 2999 2351 111 que vous aviez reccu la copie autentique du transport de la rente que le S

916 3054 2298 141 hauvray vous a cede, ie ne doute point que mons: desjaunaux en aura sa

914 3179 2379 123 satisfaction, mons: pottier ma remis la somme ordinaire pour compte de

923 3271 2317 170 mons: desjaunaux a qui j'ay donne part que largent est en caisse

900 3368 2351 174 & En mesure sans ie luy ay marque, quil ie ne doutois point, qu'il

926 3448 2323 171 n'estoit asse informe, que le s.  avoit transporte a vre chere

928 3560 2366 188 personne, les sept mil florins argent courant, quil avoit dans la rente

899 3660 2416 187 en question, tellement quil devoit vous payer les interest & errierages

919 3791 2397 160 depuis le dernier octobre 1728 faisant annuelement ƒ280:- cournt

914 3851 2348 208 dicy, sans preiudice de la stipulation, & quil pouvoit tirer sur moy

903 3980 2301 177 la predite somme de ƒ280:- courant en vre faveur en la propre

908 4072 2390 186 lettre, ou assignation. il nous paroit, que mons. son fols est charge de

918 4167 2379 210 la ditte rente, peut estre, quel luy sera donne a mardage la serg.

3467 205 2503 123 de tenelles a mariage a charge de la preditte rente & nous ne voulons point

3514 285 2459 161 avoir le moindre changement a j celle, puis que nous ne comissons d'autres

3504 396 2453 147 debiteurs, que mons: desjaunaux & madame de lannoy son espouze

3487 479 2472 148 & sil arriveroit que mons: son fils feroit sassignation, ie vous prie de

3495 584 2477 110 la renvoyyer, & de mander un autre de la maing de mons: desjaunaux

3516 692 2455 123 le president le pere, puis q uil est credite sur mes livres, & non pas mons.

3515 773 1810 183 son fils & vous pourriez luy marquer mes raisons.

3510 917 2355 130 vous avez bien fait de marquer a mons: Coppens quil peut tirer sur vre

3522 1014 2437 117 grace, mais le m'ettonne, que vous luy ordonne de ƒ1500:- courant de

3511 1093 2425 114 Lille, & autant a moy, puis que la maison mortuaire vous est devable

3504 1239 2431 120 a vre compte £72:12:1 en argent de change dicy, que vous auriez pue

3506 1304 2478 101 ordonner de mettre sur le compte de mons: de Zwyndrecht le change celon

3519 1377 2419 181 quil est, pour vous faire payer avant que nous en prosions cependant

3526 1502 1304 155 cela le pourra rencontrer p aprers

3533 1566 2385 197 ie vous recomande ma chere tante, de ne plus payer a mons. Coppens

3525 1694 2398 147 que la moitie, de ce quil reviendra a la maison mortuaire, il ne

3528 1775 2457 187 cherche que de tirer de largent p tout on quil peut, & il n'en tienne pas

3537 1890 2366 136 notice, que sur une salle caite, comme il m a marque luy mesure,

3534 2029 2407 105 ainsy ie vous laisse a considerer comment il convendroit mieux de

3511 2105 2459 133 correspondre plusstoit avec luy, qu'avec moy il a droit de mander la

3533 2186 2428 136 moitie, mais il n'est pas le maitre du totale, & j'espere ma chere tante

3516 2319 2425 158 que vous auray la bonte d'avoir autant degards pour nous, que pour luy

3516 2401 2438 187 dont ie vous seray pour toute ma vie redeuable, de  a toute vre

3520 2504 525 124 chere famile

3525 2619 2345 132 J'ay fais un livre particuliere, de toutes les biens de Lille, ou ie credite les

3539 2748 2320 132 payesans, quand vous avez la bonte de me marquer, ce quon vous

3527 2804 2400 174 paye, & ie vous y debite en l'encontre, de sorte que vre compte y est en

3510 2916 2463 147 toutes ses formes, ou ie vous crediteray pour les ƒ1500:- de lille quadd

3526 3049 2410 142 mons. Coppens les aura tirez de incline pour ƒ1500:- que vous avez

3505 3137 2398 154 la bonte de m'ordonner pour moy, le change a 168  faisant en

3530 3244 2354 146 argent de change dicy £148:16:2 et pour les quelles vous seray

3515 3307 2451 203 debite a vre compte sur mes livres sur les remises que vous m'avez fait

3532 3441 2358 171 il ne se presente point d'occasions presentement icy, pour placer de

3508 3524 2471 172 largent, jay mesme des grosses sommes que ie ne scay ou employer en engletterre

5519 3641 82 72 16

3539 3618 2391 214 a Londres il y a des fonds asse sollides, la bancque donne 6  p an, la

3526 3755 2390 172 comp: des judes donne 8 pcent, mais ces actions sont trop haut, il ny

3516 3822 2414 191 a que la comp. du sud, qui ne donne que 4 pcent, & les annuities aussij

3493 3957 2484 123 4 pcent les annuities sont le plus solides, puis que ce sont des tentes

3545 4055 2439 171 dont le parlement en est garand & ce quil y a de melieur, est, quil ny

3529 4158 2411 184 a jamais confiscation, en temps de guerre, j'ay passe les ƒ45000:-

3525 4269 2439 182 en ces actions, scavoir dans la bancque dans la comp: du sud  en
