7933 4644
2541 198 685 147 Adj 23 mey 1732

831 206 1078 199 Rijsel wed: theodor Van Zeller

927 297 2287 199 J'ay receu l'honneur de la vre du 16 courant a la quelle ie

962 387 2267 196 n'ay peu respondre plustoit, a cause de lambarat que nous avons

969 505 2281 205 au suject des preparatives, que nous faissons pour faire nre entre

959 581 2272 219 dans nre g de l wijndrecht, qui le ferra le 28 du courant

971 729 2249 187 jay dont l'honneur de vous dire, que ie vois que boussement

967 788 2278 247 vous at payez les ƒ300:- restant, pour le parfait de la

956 940 2284 160 depoulle 1730 p les petit extrait de mon compte nous avons

986 1046 2034 174 credite sur les livres de feu mons: de Lannoy le dit

971 1110 2211 257 boussemeent pour les ditt ƒ300:- & vous y en este debite, il

935 1262 2263 192 faut scavoir que le toutt en entiere y doit estre porte pour

951 1398 2162 190 compte comm & comme il ne reste plus rien a recevoir

978 1476 2255 231 pour la comunote ie vous prie de m'envoyer un extrait du

980 1613 2191 163 ompte courant de la ditte comuiote en entiere, qui celon

987 1711 2225 210 mon calcule de vra estre, comme l'incluse menmoire estant

984 1839 2248 189 sur le pied des comptes precedantes, vous priant de grace

965 1955 2218 170 d'avoir la bonte, de me l'envoyer sur ce pied la, & aprez

971 2093 2281 167 l'avoir reccu j'esxamineray l'esxtrait de mon pet it compte

975 2201 2222 200 plus facilement & en cette attente j'ay l'honneurs d'estre

970 2331 2151 160 avec bien du respects &oftres de mes services en touts

981 2434 1136 185 occasions d'ame & de soeur

2648 2462 615 213 Ady 2 juny 1732

819 2580 912 166 Loceere Auna Keppens

985 2604 2293 266 ul: brief van 11 pass: uyt lokeren pschreven hebbe op 29 ditto eerst

965 2770 2300 212 ontfanghen, welcsken jnhoudt wel was & soude het gelt uyt laeste

984 2880 2293 210 van dese mecenst van een jaer crois van de vente uk: bestent verwagh

993 2998 2212 211 hebben op 30 ditto besome eenen naderen brief uyt tensche

988 3122 2231 192 van den selven dato door icelter pieter sceppend lij behandight

975 3229 2304 214 seer verwondert sijnde over die subrte veranderinge hij quam met

985 3341 2281 228 de penningen van capitael om die rente de quyten, tgene buyten

990 3478 2085 205 gebruyc is vermits men eenige daghen voor de quytinge

949 3586 2340 193 advertentie moet doen, waerom die niet ontfangen hebbe, I hebbe

995 3703 2295 200 sedert den rentenbrief naergesien, waer bij bevinde, dat de heft van

989 3816 2296 184 dese rente, ue hier broeder franciseus sceppens is rasi ende, dien

990 3927 2281 200 volgens too soude hij oock sijn ordre tot de sassatie moeten

982 4045 2308 216 geven, voor al eer die penningen soude ontffanghen daerim

986 4168 2189 204 gelieve aen voor pieter seppens te laten weeten

1011 4283 2239 170 op dat hij met het gelt wederom & een verloven reyse

3512 207 2411 100 doedt, & als ue die capitale penninge noch gelieft te laten

3498 246 2335 175 Croiseren als vooren ben wel te voeden ut antwoordt hier

3497 353 1728 228 op verwaghtende blijve naer groetenisse

5041 434 687 178 Ady 7 juin 1732

3357 499 706 174 Lille Jan B. pottier

3503 618 2335 162 je ne doute pas, que vous este asse informe, que mons: le concte de fenelles

3506 735 2365 180 m'ist fait le remboursement du qu'ait que j'ay dans la rente sur mons:

3505 816 2394 203 desjaunaux son pere, & somme il mat escrit, quil devoit partir pour paris

3486 914 2335 208 & que ie voudrois vous envoyer l'acte de cassation vous le trouveraij cy

3492 1000 2372 172 joint pour en suivre les ordres, vous priant d'en luy donner part de

3489 1125 2355 206 la reception. il m'avoit mande outre la cassation une quitance

3509 1250 2287 187 notariele, ce qui n'est pas necessaire, puis que le tout est compis

3486 1364 2330 179 dans se predit aete ne doutant point, que vous trouveray ie tout

3517 1457 2240 190 en bonne forme, ayant l honneur d'estre tres parfaittement

5343 1574 500 165 14 Juny 1732

3376 1585 1003 185 Siverton thomas en chemarnk

3515 1682 2396 224 hebbe de livertijt gebouycht van door dhe uythoven ue te versoecken dan

3508 1818 2365 193 voor mij eenen schiftesen caes te willen senden & het import van den

3500 1939 2339 182 selven aen hem te noteren & op sijne ick te willen brengen ditto

3498 2043 2411 154 laes hebbe over langen tijdt ontfanghen, & seer costelijck goedt bevonden

3517 2159 2411 196 voor welcke sorge ue  edesen some hertelijck te bedancken voorder

3500 2300 2398 175 hebbe aen dh. ujthoven soo menighmael gevraeght ner het impert

3512 2402 2423 185 van deser saes  heeft mij iderbreyse voor antwoort gegeven, dat

3513 2498 2356 199 ul aen hem de notitie noch moet gesonden heeft & dat hij

3425 2655 2527 160 daer over noch schrijven soude, tgen wederom elnen geneymen tijt

3510 2767 2349 151 geleden is sonder daer iets van hem te vernemen waerom de

3497 2831 2324 202 libertijt getrujcke ul p desen te versoecken van mij het

3496 2993 2292 151 imporrt van den selven saes te noteren om met alle

3473 3082 2355 195 danck leggengene, de waerde aen voors het ujthoven

3508 3207 1044 185 ter hant te stellen &

5114 3232 721 196 Ady 18d. 1732

3417 3282 780 244 London John Edwards

3519 3453 2302 174 ue mij seor aengename Jan 15 pass S. wel ontfanghe mat

3515 3563 2355 198 advies dat ue genpasseert hadde de P. nenten van mijn f 1700:

3497 3684 2358 125 banck actten vervallen 25 meert laest a 3 x voot hhet half

3508 3795 2427 211 saer hebbende, dien volgens ue gedebiteert voor  £51: waer tegens

3506 3910 2439 197 us1 my remitteert  £50:- a 36:2 et op twee cisos ten casse dh

3522 4035 2418 226 pietre proly, welcke remise is reacceptent, & betaelt sijnde werst

3530 4167 1647 208 k rekkeninge daer vooren gecrediteert

3509 4276 2444 166 hebbe noch eenige intresten in de luyddce comp. als mede inde
