8022 4651
1007 208 2263 115 onthaelirige to ½ ijn d abduillan sot mechaels jouff. herrij

986 265 2243 127 blijf t haer baemen noch houder jouff la Herre Gaet

939 329 2355 116 trouv den heer marcse greve alhier geleeft aen cheer ue

948 410 2254 121 llaeder te seggen als dat pieter van sehaever beke

978 485 2179 124 ijn houwelijck met de oegue Jan luyesese van

988 550 2159 152 sailoreght hier geweest heeft om gelt te brengen

985 598 2239 172 seggende dat hij eerder soude gecommen hebben hadbe

998 684 2212 161 hie geweten dat ue hier gewee t hadde doch dat hij

975 768 2279 156 ieee gewerst heeft en maer in staet a van

987 815 2275 180 £4:- ponden groote Jllaems courant gelt te geven

981 883 2226 213 het gene ick niet tllelde ontfangen bermits de

988 978 2223 187 Clijne do kme in den gevalle & heer ue claeder

986 1048 2247 211 wilde wachten tot half oost dat hij dan het

993 1130 2050 199 tolle jaer soude betaelen onder turschen

998 1208 2251 215 versoeckeen ue aen hem mijne comp limente

996 1321 2193 146 te doen als die van mijne oresex doschten

998 1383 2175 158 de seteleke ue hier benegens Jan gelijcke sult

982 1451 2251 201 vinden blijven met alder teers te liefde eende

991 1574 1497 161 eene colcomme genegentheyt

761 1688 2181 189 Rust amer Ames eamans Jaspent Coppenin Aanepen aen ded

2826 1770 333 126 mj 1745

1000 1816 622 104 de ha Phapelle

1023 1821 1114 197 Mijn heer en seer beminde Aeve

1069 1977 2103 177 Ick hebbe ue aengenaemen van 15 deser maent in sijnen theyde

1032 2072 2131 154 ontfangen en met plaisir daer door gesien ue goet arrivement

1037 2180 2135 113 tott Rijssel hebbende ue logement genomen by sou frouw tiron

1053 2274 2090 111 a la rue de la grande chaussie en aldaer tot ue contentement

1053 2341 2136 161 tijt gelogeert dat apparentelijck een jouff is die persoonen

1064 2447 2145 107 in den Ccost neempt maer ue en mett niet van de dispositie van

1055 2510 2173 150 mijn heer ue vaeder en oft ue al daer in sijn geselschap gecommen

1061 2578 2148 154 sijt noch oock oft ed een comptoir ampleateert om te schrijven

1073 2656 2035 143 en ue tyt te passeren tot ue avancement het twelck mij

1072 2723 2159 149 lief soude sijn om hooren als oock dat ue trachten eenen goeden

1057 2808 2234 140 eijfser meester te nemen om ue in dese bonste te persectionneren

1062 2887 2139 168 want ue daer van niet veel en can en sonder dat in capabel

1067 2952 2149 127 sijt ue eijgen goet te regeven dat wel een drovich dingen voor

1080 3038 1990 106 ue soude sijn t'selve moeten sien vernegligeert te wordenn

1073 3132 2117 105 neempt en danck en eyt lierde aen het gene ue daer ontrent

1056 3178 2111 132 segge want het uyt geen ander intentie geschiet al hebbe ick

1067 3272 2026 110 wat lanck gewacht van ue te antwoorden met mijnen

1083 3331 2096 141 wasch soo heb ick nochtans met de alder teerste genegentheyt

1085 3406 2212 136 ontfangen ue brief benevens dae complimente van alle de vringen

1078 3467 2156 98 van Rijssel die ick esien in een volcomen gesontheyt die u abe

1753 3535 148 57 oc

1095 3535 2172 123 gevonden heeft als myne  oom ende matante de lannoy du potit

1101 3633 2136 126 lambraij dat mij seer lief is om hooren het isseher dat wijnige

1089 3732 2093 126 persoonen die de jaeren van onsen oom bereycken de sterckte

1087 3770 2104 168 ende hracht hebben om soo te connen trappen op en afgaen

1088 3851 2197 169 gelijck ue volgens ue seggen want gelooves al diep in de negentigh

1116 3936 2202 165 leeren te sijn, wenschten selver hem te bonnen sien en mondelincker

1093 4041 2167 128 te verscheven van mijn respecht doch mijne dochters aldaer te

1084 4107 2136 175 marquette in deese gelegentheyt van oorloge te bestellen vinde

1081 4164 2145 198 ick gansch ongeraeden en soude hiun alsoo nmet risgueren mij ne

1090 4253 2126 168 oudiote dochter is seer content, en wel te passe, in het clooster

3532 201 2375 109 der ursulinen tot mechelen als mijne ioncliste glhier de welcke ue 199

4259 273 78 60 e6

4311 252 1642 107 e versoecken oock te willen den ue onse

3518 263 704 107 uijtter herten e

4268 310 59 50 2

3513 335 2317 94 oomplimenten aen alle de vrinden tot Rijssel en d heer ende Meurou de

3503 388 2363 128 lannoy du petit chambray ensen oom ende Matante te verscheren

3513 436 2387 114 van ons respect en verhopende ue ons wel s ult willen paert geven van

3506 507 2433 113 ue dispositie van tijde tot tijde en blijve met veel achtinge liefde en

3505 554 693 135 ende genegenthey tij

3473 661 2437 185 BRrijssel dheer Charles S. S Boopens Antwerpen den 16 Juny 1 45

3489 752 1861 236 Mijn heer ende seer Bbemende Sleve

3490 874 2422 163 Ick hebbe ue aengenaemen van 27 der voor lede maent

3480 994 2407 125 sijn sijnen theijde ontfangen enge gesien ue tat ue

3478 1060 2450 138 bvorgenoegen  gelogeert als oock de reijse die ue gedaen

3490 1123 2401 203 hadde om dornics naer to vergaen te besichtegen

3476 1188 2431 175 als wanneer ue 4 soldaeten seven beproeft haede

3480 1301 2457 141 can int hoey te blaepen, int camperment r een

3479 1344 2453 157 kente van t'heer Kheek, in hountelijck met fouffroag

3490 1433 2334 183 firon dat maer een leeker bettien is en wel

3499 1510 2427 202 can behaegen, maer in een battalle te sijn

3490 1617 2457 164 soude ue soo illel niet aen stoen dat ick geloove

3482 1693 2460 166 derhopende oock ue daer toe niet sultqnelineren

3490 1780 2377 163 het is mij leet geweest te verstaen dat papa

3491 1854 2421 189 noch geaffligeert is met het flerceyn, &saer van

3484 1983 2430 154 wil gelgeven hij nie herstelt is soude ue eerder

3495 2047 2380 198 geantwoordet hebbe ten illaere mijne affaerens

3483 2128 2340 196 en eenige daegen en parseljckhejt, mij teselve

3476 2223 2468 224 beleth shadden mijnes oudrste dochter is oock la

3507 2329 2437 171 geneomodeert geweest maer is ne beter hebbe haer

3500 2400 2366 178 op 11 deser gaen besoecken to4 mechesen mjne

3506 2503 2398 192 nescoete as godit lof tlel te passe en ben de

3498 2588 2402 176 vrinden illel erplicht voor de goede sorge, ende

3511 2664 2349 192 bestieringe dge oij boude illen aen nemen

3504 2737 2420 184 over hae beijve, 't wijffelende niet aen hier sorgh vuldichey

3490 2821 2349 178 maer desen tijdts gesteltenisse van Corlogh can

3477 2900 2336 182 mij animeren om hier op dien theafer te

3499 2975 2433 233 rirqueren geloovende als heele benouten pensconnaere

3492 3088 2425 216 in dor nie geweest sijn ende ben blijve ue mijne

3507 3134 2331 213 dermaeninge aen neempt uyt leefde, en afleetin

3484 3237 2366 214 gelivede sijne gedaen worden, en verhopende, ue

3474 3312 2440 214 a ult aproliqueren to4 ue avancement ende de taele

3500 3384 2431 231 loonmende seenen bijfser meester sult nemen alsoock

3495 3500 2388 164 om ue het fransch otinstruerer  om te leeren

3488 3554 2437 202 schrijven dat door geen assemblee can geschreden

3478 3670 2387 128 onder esschen versoecke ue mijnen bok ende

3487 3759 2378 116 Ma Tante de Lannoij du peti ambray te

3509 3817 2356 129 verscheren van mijn respect als oock mijne hertelijcke complinenten te

3514 3888 2343 116 doen aen alle de vrinden tot Rijssel int particulier gelijck oock is doende

3496 3949 2391 93 mijne conchste dochter mede aen ulien sjt versehert dat ick ue beoe

3518 3998 2426 141 waerlijck beminnen als mijn eijgen kent en sal thoonen te sijn in alle

3524 4105 1753 125 occasien ende e verwachtinge van ue tijdinge blijve
