8049 4630
946 202 2210 117 van tijet tot tijdt mij te adviseren wat ontrent allen het voors

939 295 2252 139 sal sijn gepasseert daer bij ul oordeel ten regarde van de fonotsen

924 383 2277 204 stelle alles in ue handen, & goede directie, mij vertrouwende myn

953 490 1914 204 intrest sult waernemen, als eygen waer mede blijve

2435 590 653 172 Ady 28 gber 1733

782 618 708 153 London John Edwards

933 720 2271 209 ul: mij seer aengename van 9 deser 8.s. voorgisteren wel ontfanght

923 801 2312 239 daer bj notitie Jan in coop van  £300:- Capitael banck aithe ƒ129:6:

933 930 2297 215 bedragende met oncosten & provisie  £390:14:3 en waer vooren

929 1037 2288 221 ul treekeninge gesrediteert is, alhoe wel een sijn erreuntie van

932 1146 2264 197 9 e7 in de provisie ue 2 traitte van  £50: te betalen aen dhi

937 1266 2273 222 michiel auvraij, wordt ter presentatie voldaen & sal oock alle

936 1387 2282 212 eene bewijsen aen ue tratos die noch voorders sult somem

928 1481 2269 229 te doen, sien dat de niuwe luyttee annuities sijn van de

927 1601 2252 182 selve qualiteyde als de bidde, soo gelieft voor mij noch in te

936 1710 2226 220 coopen twee hondert ses ynegentigh ponden sevent hieu

930 1822 2310 253 schellingen & ses grooten £296:17:6. om mijne £203:2:6

943 1979 2264 194 te vergrooten tot de £1000:- dogh boven den pan niet

944 2097 2269 171 te foopen, ue moet sigh niet presseren want alle de sonsten

954 2195 2283 182 die ni wederom gemonteert sijnn sullen sekerlijck noch al

949 2343 2295 201 eens vallen & wil hopen dat ue die niuwe sufxie amditi

941 2451 2254 231 becomen sal a 96 ¼ gelijck ul noteert mijn orddre tot den

946 2569 2262 233 in coop van de gerembourseerde 6 te oude anuities

945 2703 2284 194 blijve uy gerecomandeert te voltoecken als vooren dit alle

964 2800 2275 233 volbraght sijnde, sal mijn intrest bestaen in £2000: banck kotu

941 2940 2277 182 £1000:- oude annoities  £1000 ditto nuwe & gelieft op mij

945 3048 2281 234 te trecken tgene ue is comende, sbeste mijnde profijte

949 3208 2267 163 als dan mijne reteninge burant te laeten to comay

941 3323 2296 184 om dit loopende jaer te sluyten de sujtae comp. is aen

944 3441 2289 212 de geintresseerde seer schadelijfck soo die maer 2½ te uytdatt

965 3506 2270 202 sullen del actien noch earder vallen, soo dat daer ontrent

956 3643 2166 218 tot alder tijds sal afwaghten hoe het sigh voegen sal dit

947 3737 2276 268 sijnde het noodige de let & blijve naer ten mijnsame groetd

5131 196 748 152 Adij 4 xber 1733 d

3345 208 846 171 Turnhoudt Puilt: Sanen

3436 307 2429 182 op 14 aug. laest was aen ue: mijnen laesten sedert van ue niets

3439 447 2418 158 meer vernomen, ben verwondert dat ue van het gelt tgene ue schuldig

3437 553 2319 216 ben niet en compt te disponeren, twelck p eerste gelieve te doen,

3445 694 2340 180 voorders ben noch meer ver wondert dat ue mij het versoght stuck

3442 799 2304 205 tijck voor mijn eijgen gebruijck £ 3 segel smalle stogge, noch

3452 972 2390 142 niet toegesonden hebt tgene mij achter dencken doet geven dat

3462 1067 2380 160 ie het selve noch niet in de maeck hebt bestelt ick weete niet

3471 1153 2408 213 wat deneken, nochte om wat reden tis een slechte consideratie

3458 1301 2366 170 van soo een bagatele niet te willen voldoen, aen oen gene

3463 1380 2437 180 u preferentie geeft, in de voorvallene comissin ut moet siglte

3459 1513 2372 186 niet imbilden dat de selve ue niet betalen soude, want heb be

3471 1654 2341 114 in die gedachten, ue die niet geordonneert sben bij het selve

3437 1736 2342 184 stuck nu seer verlegen, om dat het bet waer toe dese tijcte

3460 1833 2365 220 geordonneert hebbe desen nacht open geboetten is, & alle de

3452 1968 2438 203 pluymen de camet en gevlogen dherom laet mij op ontfang

3455 2095 2407 185 deser weeten, oft ul het selve stuck sal laten mallen ofte

3462 2230 2451 153 niet om mij vervolgens te regusera, & ul antwoorrt af waghtenie

3447 2318 1087 214 blije naer groeteniste

5191 2380 687 195 Ady 14 xber 1733

3303 2476 1456 166 Buusssel den Heere adviraet van der vorst

3435 2609 2472 182 alsoo van intentie geweest hebbe, heden de goedense &rtfenisse dan

3449 2720 2436 131 het speel hof in questie, te laeten doen, als mede de ventten van ƒ3000

3454 2815 2356 195 ƒ1500:- te quyten met de intretten, voor laten van berchem

3458 2962 2380 184 waer over den greffier gesprosien hebbe, die mij tot antwoordt heeft

3471 3075 2359 197 geseydt dat het noodigh is, dat den heere raedt procuriur generaet

3454 3168 2424 226 daer inne consentere, om reden dat het aen een gelijck kenbaer is

3455 3328 2335 199 dat si maden, door den selven heere is geapprekendent & dat ter

3443 3438 2454 224 decretarge alhier, aengeplackt & verboden is eenige aetens te passeren

3443 3562 2374 192 ofte veralicnatien te doen, ten regarde van ditto madon soo

3471 3699 2408 172 name de libertijdt van aen ue hier benevens tot te senden den

3470 3832 2389 210 notarialen transport van het voors hof, met versoeck van den

3458 3976 2438 209 heeve raedt procureur generael voors te bewisligen sijn consent

3472 4098 2389 217 tot het effectueren vant voors op den notanalen transport te

3455 4266 2331 135 willen stellen, & soo haest hier alles sal gepassert wesen
