8077 4637
1003 222 2119 107 een comen op dijnsdagh toecomende om te accomoderen

979 259 2198 170 waer op aen ditto ballingan antwoorde, dat partje onse

997 371 2205 145 cotten betaelt, & de resteninge eenighsents vernindert dat

941 482 2231 161 dan wel eenighsints acquiesceren soude, hy antwoorde

965 573 2261 211 dat gaet soo met dat is om elck sijn costen te betalen

984 706 2179 173 waer op repliceerde, dat tulst te schandalens soude sjn,

969 804 2243 177 liever alle de costen allen & het weysdom te hebben, want

983 884 2264 209 soo ballingan wilt seggen soo sonder geseydt sijn, dat het

983 993 2038 192 al te strengh is over dusdanige rek cest te doon

984 1109 2054 194 dusdaniga saken, sijn ue beter bekent eels aen mij

991 1214 2283 213 wille geirne ue sentiment hier ontrent volge versoecke

987 1349 1839 169 ass antwoordt om vervolgens te reguteren

962 1441 1716 226 de fellesiens doen met den breysche

940 1611 1842 203 Ps copt thuyten deses, heeft den postillion

939 1720 2283 189 den feutel thuysgebroghst, daer is geen gelt in de casse

973 1828 2262 204 bevonden soo datte alleerelijc 65 st: tiever dispositie

2445 1959 645 189 Ady 20 sber 1734

987 1994 519 148 over blijven

851 2082 544 207 Gendt Copsiens

984 2112 2239 254 ue ons seer aengename van 5 deser op sijn tijdt wel ontfanghen

918 2252 2219 235 daer uyt verstaen ue goeet arrivement. a costij tgene ons seer

968 2359 2235 201 lief is geweest te vernemen ick sal met wijnige woorden

2040 2474 725 119 van danckteggenigk

985 2504 2123 206 alle ul: menigh vuldige complimenten beautwoorden met

990 2576 2290 242 wijnige woorden, & int te seggen, ten is niet waer van wen wil

984 2713 2269 200 blijvende van onten cant ue ten hoogesten verplicht over alle

987 2792 2211 236 ul goede offoes, sullende bij voorvallende occasien, daer

974 2906 2265 253 van profiteren ue moet niet qualijck neme dat op alle

994 3047 2244 206 ul lestreulen niet antwoorde de reden is dat het schrijven

989 3180 2248 197 mij seer moeyelijck valt hebbende voorleden dondersagh

1003 3280 2128 213 een sware vallinge gesregen, waer naer aenstonts ben ader

966 3396 2134 216 gilaten, t gene mij wel wat verlight heeft doch noch niet

993 3486 2249 233 erstelt naer behooren, het blijft my in den hop noch hangen

943 3636 2332 195 jous aune mosie is gelijck als vooren, even wel ondervinden

991 3756 2131 208 geen ergenisse wij willen hopen dat uk quade kele

971 3877 2210 177 oock teenemall sal verdvenen sijn desen principael

992 3999 2230 208 tet geleyde van de copye van de sententie, gegeven

1003 4105 2225 237 over het groet proces tegent herremans, d'ich eenen

977 4244 2168 210 dicken neus, & dander een diche lip, herremans heeft

3485 208 2406 145 tot ni toe, aen de sententie miet voldaen tot ue geuverno

3506 311 2315 150 waer mede blijve naer onse gedaene ordinaire complimet en

3482 390 1150 158 met presentatie van dienst

3486 409 2183 236 IS naert schrijvens deses besome uep aengename 9 beser

3486 582 2331 153 die ul hier mede beantwoordt vindt, propositie van a1coordt

3500 624 2361 215 was dder sijn costen, & de reke te laten taxeren dat on van can

3489 808 1200 153 niet geraden vout je acceptere

5101 801 734 175 Ady 6 sber 1734

3365 895 406 167 Gent Coppend

3503 982 2382 167 op 20 pass was aen ue mijnen laesten waer aen mij gedrage sedert geene

3493 1062 2401 161 van ue ontfanghen, ue sal mischien verwondert sijn, dat niet eerder aen ue

3505 1156 2422 197 paert gegeven hebbe van den uyt val der seke met herremans de sententie

3485 1274 2340 180 hebbe ue toegesonden & sedert is hij gecompareert voor schepenen om te

3484 1390 2382 137 doen den Gedt soo over syne vacatien, als over de denghdelijckheijdt van

3490 1489 2394 123 sijne rek. soo dat aller uyt is, & hebbe aen hem het import van sijne

3486 1587 1825 157 rekeninge betaelt bedragende te samen in courant gelt

5542 1618 285 154 191:15

3490 1670 2021 196 ende dat sonder spreioitie van de posten voor menooie ingebroght

3506 1792 1129 166 volgens sijne gegevene quitantie

3482 1877 1986 130 voooders hebbe oock betaelt aen den procureur ballingan het smport

5470 1969 406 143 „ 28:4 ¼

3486 1987 739 161 van sijne rek. voor alles

5457 2078 383 170 „ 6:14

3494 2055 1457 194 ende de rek. van den advocaet van Jan beloopt

3481 2166 2001 157 die noch niet betaelt hebbe alsoo hij noch is on betaelt van sijne

3509 2274 2028 179 uren, schrifturen & vacatien, over de sake tegens den heere penlionans

3487 2378 2020 173 van hessel twelck hem te gelijck sal betalen uijt mijne caste

3471 2474 2052 168 het qmejn sterfhuys op mijne boecken daer vooren de biteren

3475 2577 938 143 dit alles tot ue naerigh te

3498 2646 2428 157 Ick ben goot danck tegenwoordigh tamelijck erstelt ons anne misse, drincke

3466 2795 2433 166 sedert 14 daghen de sleeen met soete melck waer door het piepen op de borst

3482 2885 2397 182 soo veel als gepasseert is oock het hoesten merckelijck vermindert dogh

3484 2986 2415 146 blijft noch seer bleeck sien, & is seer maeger, somiige dagen plaisent en

3486 3108 2388 164 gannge droef geestigh, soo dat noch niet al te veel, geavanceert sijn

3499 3244 2428 125 mijn liefste heeft wederom de pijne op de borst & Jan geheele naghten

3478 3324 2442 151 niet flaepen door de pijne, de droefheydt die sij daer inne maecht contribueert

3488 3463 2389 165 daer niet wijnigh toe, wil hopen, dat den goeden godt alles tot het beste sal

3477 3547 463 123 laeten sieeren

3482 3646 2437 136 dat belanght den salck voor mijnen bouwe hebbe mij van alles hier geinfor meet

3478 3760 2428 116 ick san den salcke hier becomen voor ƒ10:- heet truys, & volgens ue notitie

3489 3872 2350 131 soude den selven mij comen te lasten ƒ20:17. soo dat mijne resolutie

3484 3966 2451 181 hier ontrent is opgeschorft, & geloove dat mij van den colck onser coopliede

3480 4064 2424 193 sal bedienen te meer om dat den ongeblutten calcke, met het ruys, hier

3485 4171 2429 202 can becomen, & niet meer als noodigh hebbe te moeten ontfanghen

3460 4255 2446 211 & dun sullen sij my nogh sacken leveren, om den selven te transporteren
