8063 4637
950 202 2271 189 gelde, wesen soude, & dat aen hem de nitto notitie seude laeten ter

896 305 2341 118 hant t come derhulven, gelieve dese ingeslotene rekeninge

946 424 2280 149 aen den selven heere raedt te dom behandigen, & te laeten seggen

939 549 2287 166 dat soo haest de behooreljcke aete van de charge van madon

944 630 2280 199 sal hebben, 'tgee den heere vandt mij gelooft heeft te besorgen

930 707 2153 242 de consignatie aenstonts sal volgen & in afwaghtinge

952 866 2267 135 d'eere van ue  antwoordt ontient t'gene dier aengaende sal

966 997 1178 192 passeren blijve met respect

2478 1000 716 235 Aey 4 Janu. 1733

778 1128 1072 181 Brussel advoiaet van der vorst

945 1212 2220 202 op 20 pass. hebbe deere gehadt aen ue toe te senden, de rekeninge

966 1320 2220 176 oft notithe van betelinge gedaen op rek van den Coop somme van het

969 1432 2206 217 hof soo ontrent de renten waer mede het selve belast was als

964 1516 2260 207 van de verachterde croisen, om aen den heere raedt procureur qual:

979 1673 2250 190 te laeten behandigen, sedert het geluck niet gehadt eenige van ue

973 1757 2272 214 mij altijdts seer aengename te besomen, echter dheer jacomo de pret

975 1918 2206 168 heeft mij, uyt ue missive de 30 xber 1733 aen hem geschreven

963 2006 2272 214 laeten weeten, dat iel: bij den selven geliefde te noteren, dat den

982 2125 2203 236 heere procureur qual te vreden is dat de intresten van siyne

979 2274 2159 180 oen te souden gescort worden, dogh niet de capitalen van de

953 2355 2233 236 chijnsen hebbe d'eere gehadt p mijn laeste ue te melden, dat

981 2480 2252 191 de rentel van ƒ3000& ƒ1500:- gerembourseert hadde benevens

957 2658 2211 181 de vervallen croisen, als mede ƒ611¼ voor 4 iaeren chijns

998 2760 2224 172 verachtert sedert 1728 tot ende niet 1732 de welcke moesten

955 2858 2178 217 comen tot laste van madou soo dat sulte geen Capitael is

987 2962 2191 230 tgene hebbe afgetrocken, maer verachterde & onbetaelde chijus

977 3133 2217 191 oock is het noijndt dintentie geweest het capitael van de

970 3241 2245 204 Caijnsen te sorten ingevalle den heere raedt procureur qual

1005 3375 2120 180 niet te vreden is de ƒ6:1-½ wisselgelde, voorde verachterde

966 3526 2203 168 chijnsen in de overgeleverde notitie vermelt te laten coten

1011 3632 2198 158 wille op die baghtelle niet pertitteren, om een ciende van

991 3736 2107 213 daffaire te hebben, & vervolgens soude aen ditto madoin oft

983 3869 2235 187 sijns actie hebbende, p reste moeten betalen, ofte consigneven

985 3971 2171 212 de somme Jan duysent vifhie guldens aght stuyvers en

1001 4122 2192 150 halven wisselgelde die 6 ƒ 1015:8 ½, welcke somme ue

1001 4252 2257 191 by dh: vima vinden sal, om te consigeeren naer behoorelijke

3492 211 2438 160 otte van de charge, mij dunckt dat nt niet genoech en is, de decharge

3485 296 2399 179 van het hof alleen, maer oock dat het blijckt dat maden daer inne

3505 412 2305 181 consentait oft geconsenteert heeft, want volgens mij gescydt is

3495 499 2414 162 soo heeft ditto madou maer alleenelijck geconsenteert in den vercoop

3506 655 2417 158 van de Meubelen bidde hier ontrent goede acht te nemen op dat

3499 747 2426 199 int toecomende, van alle voordere moeyelijk heden bevrijdt magh

3505 867 2423 144 wesen waer mede naer ul: gewenst te hebben alle bedenckelijke

3499 978 2429 181 benedictien des hemels in dit loopende nus jaer, blijve op rechtelijck

4234 1120 409 140 Memorie

5422 1133 366 202 ƒ 5700:

3562 1192 1708 226 den Coop prijs vant hof bedraeght wissel gelde

4210 1387 716 210 betalinge gedaen

3480 1484 2380 176 Aen dheer Jacomo de gret de vente vaneu wissel gelde ƒ 3000:-

3474 1644 1906 195 Aen ditto keere voor int rest van de vooy ƒ 3000:- sedert

3483 1750 1909 188 14 iuly 13630 tot prima mey 1732 seynde 21 in aenden

3505 1843 2417 212 16 dagen a 4ƒ sjjaers courant ƒ215:6¼ is wissel gelde. „ 184:11¼

3502 1962 2336 169 betaelt aen menerouw blound de rente in wisselgelde.„1500:-

5522 2143 390 141 1684:11

4467 2176 484 119 Same

5532 2254 384 124 1015:8 ½

3542 2251 1924 219 comt p rest aen madou oft sijns actie hebbende .

4898 2348 933 226 samen ƒ 5700:

3396 2454 668 231 Sust Racot Coppens

5208 2511 170 165 t

4044 2565 1010 253 Ad Maiorem Dee

3666 2749 1576 239 Deipars que virgiuis marie

4002 2947 1132 210 Honoren Et glovian

3677 3117 1416 238 Anno Domini 1734

3445 3189 127 137 ƒ

5224 3263 712 213 Ady 23 Janu 1734

3383 3284 492 181 Gent Coppens

3481 3449 2451 194 beyde ul sier aengename van 17 & 21 deser op huen tijdt wel ontfangen

3493 3567 2374 190 den eersten behelsende niet dan complimenten van danck seggingen

3479 3697 2377 187 over uy. sogement 6 onsen huyse genomen, het is mij te coudt om op

3493 3797 2411 216 ider artiquel mijn tegen complimenten te maken, soo hebbe deere

3480 3936 2435 205 van ue te seggen in het cort dat mij int vervolgh sullen sien, oft het

3484 4097 2344 175 corement ick: aengenaem is geweest gost us gedachten met ue

3468 4202 2389 149 schrijven sijn corresponderende, & wy sullen oulde Van ue offres by

3466 4345 2466 117 occasien sroffiteren, om de sustersyke broeder sij ie liefte te trachten
