8036 4671
2029 224 1244 152 Antwerpen 28 no vember 1745

811 235 425 122 waer lodsn

1017 246 1729 180 Monsr. Michiel Vools soonende tot

1003 365 1553 142 El gerloos onder lsegen machesen

983 358 547 301 me

1036 556 2313 219 desen is dienende om ue te bermaeren van

1016 667 2225 155 my ten eersten te lcomman betaelen mijne

1002 801 2247 129 terschene lroisen van de rente dies ick

1007 842 2199 171 van hefsende volgens den Benten brief

988 912 2313 194 trewen laste en can ue over ledene huys vron

1019 1005 2096 148 Anna sscaria verhaegen in gevolgen

998 1138 2297 110 d'opsegginge met de losten daer over gelseurt

1006 1197 2237 196 hadde sal  erwacht ue mij de selve rente

1024 1277 2191 164 soude loommen afleggen hebbe ne met den

1011 1355 2217 160 intrest van dienvolgens ue belofte ende ul

1027 1415 2239 154 ten eersten sonder soute sere aschtemde blijve

2029 1551 1230 162 Antwerpen 8mo de cember 1745

823 1603 596 181 I wijndrecht

1006 1649 2110 192 seer eersaemen san seegelaer bedienelije ken

1045 1764 1208 163 Meyer van Swijndrecht

1027 1852 846 148 seer bersaemen

1012 1921 2236 209 desen is dienende ome ue te versoecken

1008 2014 2284 156 can rijdach toecommende my te commen

1014 2120 2225 188 preecken om het profeet van pacht te

1006 2211 2244 152 sien ue beendt aflo wanneer t selve daer

1006 2252 2282 210 naer sal doen int nette t tellen soo dat het

1009 2356 2315 235 moch niet noodich is dat lieur soos verstraeten

1022 2443 2257 208 nie mede soude over coommen om hem te

1011 2552 2226 213 aftellen als borge soor den selven packt en

1026 2616 2266 202 in de verwachtinge van ue hier te sien blijve

1973 2753 1346 186 Antwerpen pris december 1745

837 2813 641 195 dyndrecht

1022 2871 2231 188 Mons ieur Jean Bapte Moenssens bedienende

1187 2997 1234 120 g reffier Jan Die fijne recht

1032 3066 530 149 Epondieur

1060 3092 2314 189 alsoo sil gelooven ue soone soo apparentelijck

1016 3190 2291 192 door het quaet weder oft ander beletsel niet is in

1021 3283 2208 151 stadt gecommen volgens sijne gelofte om te

1032 3320 2269 166 wercken in den beyns boeck boo coomme ue

1023 3429 2289 132 door desen te vermaenen ende te versoecke

1014 3487 2342 158 can niet naer te laeten kan sondach toegenende

1036 3606 2298 133 ul es ende 5 deiember 1745 de seerck geboven te

1035 3657 2334 125 aaen piblieeren to4 swhndrecht t0 het ontfangen

1028 3717 2364 172 can den ceynsboeck aldaer op den der den kerswact

1038 3810 2329 161 alsoo daer nsseer vrij dondaghen meer en sijn voor

1040 3892 2318 134 seersmes en het selve te doen aenplaeken op het

1952 3952 1430 146 Tept Saresfagis emgecht

1452 3980 494 122 hooft door

2873 4024 168 70 Eu 3b

2557 4034 213 64 aent dudi

1851 4038 1513 121 ensmen n  ie

1070 4018 81 101 66

1306 4027 722 157 S Angzane it egels

1040 4081 266 104 dienckd

1035 4114 2195 156 geeeninge die iet sal restitueren met het gene

1027 4146 2329 182 ue voorders schieldich ven versoeckende ten selven

1037 4255 2340 126 eynde mij de selve te doen behandigen, in e

1050 4331 1157 84 2 verwacktringe en Jan

2060 4321 1281 137 140 p haest heer te sien in een

2342 4394 400 73 esmet seel

1575 4372 1806 118 seers resten u einke en voor de negenheyt naer

1027 4405 129 69 250

1036 4389 913 114 myn huslelije oe groiten

4900 190 1058 141 Antwerpen 3 reber 1745

3530 209 1706 157 eer vergaemen oorijn, vercasteren

3534 288 1707 132 alsoonende in een Polder genaemt

3537 352 1728 174 den oel op de hoeve den liphant

3514 470 875 152 leer cersaenen

3515 497 2350 234 desen is dienende in ue vermaenen ten

3535 613 2429 181 akan tenlommen voldoen  jaer packt

5214 686 672 148 baef misse 1744

5115 741 619 121 Crabientschemaet

3503 701 1626 232 battue mij scheeldigh tijt verschene

5493 811 394 78 Delpe jaer

3510 797 1850 178 als oock de tsier leertesen te we pover

3519 829 2445 221 ten effecte van welcken ne teneers ten denisachten

3526 1007 373 130 blijve

4747 1010 1228 241 Antwerppen dan 3 december 1749:

3524 1100 1896 240 eersaemen Jacobus Rogier ilbonende

3525 1215 1454 214 in den Cholder Van Balloo

3516 1372 836 183 seer versaepen

3506 1405 2468 203 tesen is dienende omue te tennaeren ten

3527 1505 2430 194 ejnde van ter commen volboen, t jaer packt dat

3522 1607 2404 167 ul mij escheeldich tijt bersehenen baesmesse 1744

3519 1691 2443 197 ten effecte van beleke ue ten eersten verwachtende

3514 1829 326 141 blijve

4764 1897 1188 217 Antwerpen 10 geber 1714

3489 2004 475 140 Beurcht

3537 2014 1554 185 seer Bersaernen Jacobue Battoir

3609 2113 1025 147 pachter tot borckt

3544 2203 834 122 Leer ersaemen

3555 2278 2294 135 desern is dienende om ue te termoenen tot

3564 2326 2342 187 betaelen g ien de twee jaeren packt die ue

3544 2428 2390 147 mij schalleich sijt t leste terschemens te Chaemes

3507 2515 2344 166 feventheen honder te wijfenteer tich, ende

3548 2598 2339 148 betraswende ue mij daer over ten eersten

3505 2678 1181 173 fult ccommen blijve

4806 2805 1122 193 Antwerpen 110 veber 171

3488 2817 643 186 mijn drecht

3515 2897 1873 181 seer Eersaemen Cornalis van Bogaertt

3553 3017 1373 161 pachter tot swijndrecht

3541 3107 814 164 seer versaemen

3525 3166 2377 198 desen is dienende om ue te hermaenen tot

3535 3308 2355 165 betaelinge I can de tiuce faeren pachit die

3524 3364 2345 160 ue mij eschuldich fijt tleste versschepen te

3632 3455 2283 169 faeries les tlegen teventheen honder te

3520 3541 2333 194 lijfen veer tick waer aen versoecke ten

3531 3633 2436 164 eersten te tolcommen celow anneer ly ooc

3540 3716 2425 147 eenen nieuwen packtbrief moeten passeren

3521 3831 2436 178 dagevolge taccoorpt dat u met mijnen overleden

3516 3914 2396 147 aan aengegaen, ende gemaeckt hebt, ende

3518 4034 2311 146 door hems selver schriftelijck op gestelt is

3518 4073 2060 199 in twelcke verwachtinge blijve
