<?xml version="1.0" encoding="UTF-8"?>
<alto xmlns:xsi="http://www.w3.org/2001/XMLSchema-instance"
      xmlns="http://www.loc.gov/standards/alto/ns-v4#"
      xmlns:page="http://schema.primaresearch.org/PAGE/gts/pagecontent/2013-07-15"
      xsi:schemaLocation="http://www.loc.gov/standards/alto/ns-v4# https://www.loc.gov/standards/alto/v4/alto.xsd">
   <Description>
      <MeasurementUnit>pixel</MeasurementUnit>
      <OCRProcessing ID="IdOcr">
         <ocrProcessingStep>
            <processingDateTime>2022-02-11T21:46:20.031+01:00</processingDateTime>
            <processingSoftware>
               <softwareCreator>READ COOP</softwareCreator>
               <softwareName>Transkribus</softwareName>
            </processingSoftware>
         </ocrProcessingStep>
      </OCRProcessing>
   </Description>
   <Layout>
      <Page ID="Page1" PHYSICAL_IMG_NR="1" HEIGHT="4678" WIDTH="7837">
         <TopMargin HEIGHT="0" WIDTH="7837" VPOS="0" HPOS="0"/>
         <LeftMargin HEIGHT="4678" WIDTH="0" VPOS="0" HPOS="0"/>
         <RightMargin HEIGHT="4678" WIDTH="0" VPOS="0" HPOS="7837"/>
         <BottomMargin HEIGHT="0" WIDTH="7837" VPOS="4678" HPOS="0"/>
         <PrintSpace HEIGHT="4678" WIDTH="7837" VPOS="0" HPOS="0">
            <TextBlock ID="region_1644584699586_2099"
                       HEIGHT="4185"
                       WIDTH="2580"
                       VPOS="173"
                       HPOS="674">
               <Shape>
                  <Polygon POINTS="674,173 3254,173 3254,4358 674,4358"/>
               </Shape>
               <TextLine ID="region_1644584699586_2099l1"
                         BASELINE="970,280 1074,280 1179,280 1284,280 1388,282 1493,282 1598,282 1702,282 1807,282 1912,282 2017,282 2121,284 2226,284 2331,284 2435,284 2540,284 2645,284 2749,282 2854,282 2959,282 3064,282"
                         HEIGHT="110"
                         WIDTH="2126"
                         VPOS="211"
                         HPOS="954">
                  <String ID="string_region_1644584699586_2099l1"
                          HEIGHT="110"
                          WIDTH="2126"
                          VPOS="211"
                          HPOS="954"
                          CONTENT="que sy joiqne aussij les miens, &amp; nous esperons que le seigneur"/>
               </TextLine>
               <TextLine ID="region_1644584699586_2099l2"
                         BASELINE="954,390 1067,392 1180,394 1293,394 1406,394 1519,393 1632,392 1745,391 1858,390 1971,388 2084,386 2197,386 2310,384 2423,382 2536,381 2649,380 2762,380 2875,378 2988,378 3101,380 3214,380"
                         HEIGHT="109"
                         WIDTH="2291"
                         VPOS="327"
                         HPOS="939">
                  <String ID="string_region_1644584699586_2099l2"
                          HEIGHT="109"
                          WIDTH="2291"
                          VPOS="327"
                          HPOS="939"
                          CONTENT="vous aura donhe la benediction pour que madame seroit en saiite"/>
               </TextLine>
               <TextLine ID="region_1644584699586_2099l3"
                         BASELINE="920,490 1028,492 1137,492 1246,494 1355,494 1464,494 1573,494 1682,492 1791,492 1900,491 2009,490 2117,488 2226,486 2335,484 2444,482 2553,480 2662,478 2771,476 2880,472 2989,470 3098,466"
                         HEIGHT="176"
                         WIDTH="2209"
                         VPOS="405"
                         HPOS="905">
                  <String ID="string_region_1644584699586_2099l3"
                          HEIGHT="176"
                          WIDTH="2209"
                          VPOS="405"
                          HPOS="905"
                          CONTENT="dem garson, a fin que le nom de lannoy he setende pas"/>
               </TextLine>
               <TextLine ID="region_1644584699586_2099l4"
                         BASELINE="944,602 1056,602 1168,602 1281,602 1393,602 1506,602 1618,602 1730,602 1843,600 1955,600 2068,600 2180,598 2292,598 2405,596 2517,594 2630,592 2742,588 2854,586 2967,582 3079,578 3192,572"
                         HEIGHT="161"
                         WIDTH="2280"
                         VPOS="522"
                         HPOS="927">
                  <String ID="string_region_1644584699586_2099l4"
                          HEIGHT="161"
                          WIDTH="2280"
                          VPOS="522"
                          HPOS="927"
                          CONTENT="ce que nous vous souhaitons d'ame &amp; de coeur, vous priant"/>
               </TextLine>
               <TextLine ID="region_1644584699586_2099l5"
                         BASELINE="900,706 990,706 1080,704 1170,706 1260,706 1350,708 1440,708 1530,710 1620,712 1710,714 1800,714 1890,716 1980,716 2070,716 2160,716 2250,716 2340,714 2430,712 2520,709 2610,704 2700,698"
                         HEIGHT="211"
                         WIDTH="1828"
                         VPOS="583"
                         HPOS="886">
                  <String ID="string_region_1644584699586_2099l5"
                          HEIGHT="211"
                          WIDTH="1828"
                          VPOS="583"
                          HPOS="886"
                          CONTENT="d'estre persuade, que ie suis tres pincerement "/>
               </TextLine>
               <TextLine ID="region_1644584699586_2099l6"
                         BASELINE="2568,796 2601,795 2635,792 2669,789 2703,788 2737,785 2770,784 2804,782 2838,779 2872,778 2906,777 2939,774 2973,773 3007,772 3041,770 3074,770 3108,768 3142,767 3176,766 3210,766 3244,764"
                         HEIGHT="217"
                         WIDTH="710"
                         VPOS="647"
                         HPOS="2549">
                  <String ID="string_region_1644584699586_2099l6"
                          HEIGHT="217"
                          WIDTH="710"
                          VPOS="647"
                          HPOS="2549"
                          CONTENT="Adij 17 aug: 17312"/>
               </TextLine>
               <TextLine ID="region_1644584699586_2099l7"
                         BASELINE="810,834 857,834 905,834 953,834 1000,834 1048,834 1096,834 1143,836 1191,836 1239,836 1287,838 1334,838 1382,838 1430,838 1477,840 1525,840 1573,840 1620,840 1668,838 1716,838 1764,838"
                         HEIGHT="186"
                         WIDTH="986"
                         VPOS="700"
                         HPOS="794">
                  <String ID="string_region_1644584699586_2099l7"
                          HEIGHT="186"
                          WIDTH="986"
                          VPOS="700"
                          HPOS="794"
                          CONTENT="Tuldrecht wed: Jan Luyckes"/>
               </TextLine>
               <TextLine ID="region_1644584699586_2099l8"
                         BASELINE="942,946 1055,946 1169,946 1282,946 1396,946 1509,946 1623,946 1736,944 1850,944 1963,942 2077,942 2190,940 2304,938 2417,936 2531,934 2644,932 2758,928 2871,924 2985,922 3098,916 3212,912"
                         HEIGHT="184"
                         WIDTH="2304"
                         VPOS="801"
                         HPOS="924">
                  <String ID="string_region_1644584699586_2099l8"
                          HEIGHT="184"
                          WIDTH="2304"
                          VPOS="801"
                          HPOS="924"
                          CONTENT="op 12 janu van desen dare hebbe ue andermael comen vermaenen"/>
               </TextLine>
               <TextLine ID="region_1644584699586_2099l9"
                         BASELINE="962,1058 1071,1058 1180,1057 1290,1056 1399,1056 1509,1054 1618,1054 1727,1054 1837,1052 1946,1052 2056,1051 2165,1050 2274,1048 2384,1048 2493,1046 2603,1044 2712,1042 2821,1040 2931,1037 3040,1034 3150,1030"
                         HEIGHT="156"
                         WIDTH="2221"
                         VPOS="931"
                         HPOS="945">
                  <String ID="string_region_1644584699586_2099l9"
                          HEIGHT="156"
                          WIDTH="2221"
                          VPOS="931"
                          HPOS="945"
                          CONTENT="van gelt te brengen voor de verloope pachten van het lant"/>
               </TextLine>
               <TextLine ID="region_1644584699586_2099l10"
                         BASELINE="946,1170 1049,1172 1152,1172 1255,1172 1359,1172 1462,1174 1565,1173 1669,1172 1772,1172 1875,1172 1979,1170 2082,1168 2185,1167 2288,1165 2392,1164 2495,1160 2598,1158 2702,1154 2805,1152 2908,1148 3012,1144"
                         HEIGHT="200"
                         WIDTH="2099"
                         VPOS="1053"
                         HPOS="929">
                  <String ID="string_region_1644584699586_2099l10"
                          HEIGHT="200"
                          WIDTH="2099"
                          VPOS="1053"
                          HPOS="929"
                          CONTENT="van dhi de Lannoy mijn schoon vader elles sonder effect"/>
               </TextLine>
               <TextLine ID="region_1644584699586_2099l11"
                         BASELINE="942,1284 1057,1286 1172,1290 1287,1290 1403,1292 1518,1292 1633,1290 1749,1288 1864,1286 1979,1284 2095,1282 2210,1278 2325,1276 2440,1274 2556,1270 2671,1268 2786,1266 2902,1266 3017,1266 3132,1266 3248,1266"
                         HEIGHT="214"
                         WIDTH="2337"
                         VPOS="1155"
                         HPOS="926">
                  <String ID="string_region_1644584699586_2099l11"
                          HEIGHT="214"
                          WIDTH="2337"
                          VPOS="1155"
                          HPOS="926"
                          CONTENT="considereert eens dat het jeeer packt 1727 maer en is ten vollen"/>
               </TextLine>
               <TextLine ID="region_1644584699586_2099l12"
                         BASELINE="932,1390 1044,1397 1157,1402 1270,1405 1383,1407 1496,1408 1608,1408 1721,1406 1834,1404 1947,1402 2060,1400 2172,1396 2285,1392 2398,1390 2511,1386 2624,1384 2736,1380 2849,1378 2962,1378 3075,1376 3188,1376"
                         HEIGHT="227"
                         WIDTH="2288"
                         VPOS="1270"
                         HPOS="916">
                  <String ID="string_region_1644584699586_2099l12"
                          HEIGHT="227"
                          WIDTH="2288"
                          VPOS="1270"
                          HPOS="916"
                          CONTENT="voldaen, &amp; alsoo vernomen hadde, dat ue man was comen te"/>
               </TextLine>
               <TextLine ID="region_1644584699586_2099l13"
                         BASELINE="968,1510 1079,1514 1191,1516 1302,1518 1414,1520 1526,1520 1637,1520 1749,1518 1860,1516 1972,1514 2084,1512 2195,1508 2307,1506 2418,1502 2530,1498 2642,1495 2753,1492 2865,1488 2976,1485 3088,1482 3200,1480"
                         HEIGHT="199"
                         WIDTH="2264"
                         VPOS="1381"
                         HPOS="951">
                  <String ID="string_region_1644584699586_2099l13"
                          HEIGHT="199"
                          WIDTH="2264"
                          VPOS="1381"
                          HPOS="951"
                          CONTENT="sterven, soo hebbe ul noch al wat tijdt willen geven niet"/>
               </TextLine>
               <TextLine ID="region_1644584699586_2099l14"
                         BASELINE="942,1632 1055,1634 1169,1636 1283,1638 1397,1638 1511,1638 1624,1638 1738,1638 1852,1636 1966,1634 2080,1632 2193,1630 2307,1628 2421,1625 2535,1622 2649,1620 2762,1617 2876,1614 2990,1612 3104,1608 3218,1606"
                         HEIGHT="216"
                         WIDTH="2310"
                         VPOS="1513"
                         HPOS="925">
                  <String ID="string_region_1644584699586_2099l14"
                          HEIGHT="216"
                          WIDTH="2310"
                          VPOS="1513"
                          HPOS="925"
                          CONTENT="getwijfelt hebbende, oft ul soude comen gelt brengen even wel"/>
               </TextLine>
               <TextLine ID="region_1644584699586_2099l15"
                         BASELINE="948,1754 1062,1755 1176,1756 1290,1756 1404,1756 1518,1756 1632,1756 1746,1756 1860,1754 1974,1754 2088,1752 2202,1750 2316,1750 2430,1748 2544,1748 2658,1746 2772,1746 2886,1744 3000,1744 3114,1744 3228,1746"
                         HEIGHT="162"
                         WIDTH="2311"
                         VPOS="1642"
                         HPOS="933">
                  <String ID="string_region_1644584699586_2099l15"
                          HEIGHT="162"
                          WIDTH="2311"
                          VPOS="1642"
                          HPOS="933"
                          CONTENT="en verneme van ul niets, waerom noch maelt desen aen"/>
               </TextLine>
               <TextLine ID="region_1644584699586_2099l16"
                         BASELINE="960,1864 1072,1866 1184,1866 1296,1867 1408,1868 1521,1868 1633,1868 1745,1868 1857,1866 1969,1866 2082,1866 2194,1864 2306,1862 2418,1862 2530,1860 2643,1858 2755,1856 2867,1854 2979,1852 3091,1850 3204,1848"
                         HEIGHT="202"
                         WIDTH="2276"
                         VPOS="1759"
                         HPOS="945">
                  <String ID="string_region_1644584699586_2099l16"
                          HEIGHT="202"
                          WIDTH="2276"
                          VPOS="1759"
                          HPOS="945"
                          CONTENT="ue schrijve, op dat int cort soude oversomen met gelt want"/>
               </TextLine>
               <TextLine ID="region_1644584699586_2099l17"
                         BASELINE="972,1976 1085,1976 1198,1978 1312,1980 1425,1980 1539,1982 1652,1982 1765,1984 1879,1984 1992,1984 2106,1984 2219,1984 2332,1984 2446,1982 2559,1980 2673,1978 2786,1976 2899,1972 3013,1968 3126,1962 3240,1956"
                         HEIGHT="207"
                         WIDTH="2300"
                         VPOS="1848"
                         HPOS="956">
                  <String ID="string_region_1644584699586_2099l17"
                          HEIGHT="207"
                          WIDTH="2300"
                          VPOS="1848"
                          HPOS="956"
                          CONTENT="ue sal anders sigh bedrogen vinden, als den wegh van reckt"/>
               </TextLine>
               <TextLine ID="region_1644584699586_2099l18"
                         BASELINE="958,2098 1072,2100 1186,2102 1300,2104 1414,2104 1528,2106 1642,2106 1756,2106 1870,2108 1984,2108 2098,2106 2212,2106 2326,2104 2440,2102 2554,2100 2668,2098 2782,2094 2896,2091 3010,2087 3124,2082 3238,2078"
                         HEIGHT="203"
                         WIDTH="2312"
                         VPOS="1992"
                         HPOS="941">
                  <String ID="string_region_1644584699586_2099l18"
                          HEIGHT="203"
                          WIDTH="2312"
                          VPOS="1992"
                          HPOS="941"
                          CONTENT="sal moeten gebruycken, &amp; met costen in can dal noch geen"/>
               </TextLine>
               <TextLine ID="region_1644584699586_2099l19"
                         BASELINE="976,2212 1085,2216 1195,2220 1305,2222 1415,2226 1525,2228 1634,2228 1744,2230 1854,2230 1964,2230 2074,2230 2183,2230 2293,2228 2403,2228 2513,2226 2623,2224 2732,2222 2842,2220 2952,2219 3062,2216 3172,2216"
                         HEIGHT="175"
                         WIDTH="2226"
                         VPOS="2096"
                         HPOS="960">
                  <String ID="string_region_1644584699586_2099l19"
                          HEIGHT="175"
                          WIDTH="2226"
                          VPOS="2096"
                          HPOS="960"
                          CONTENT="betalinge voorderen, daerom tracht sulte te voorsomen"/>
               </TextLine>
               <TextLine ID="region_1644584699586_2099l20"
                         BASELINE="952,2352 1017,2354 1082,2354 1148,2354 1213,2354 1279,2354 1344,2354 1409,2354 1475,2354 1540,2354 1606,2353 1671,2352 1736,2352 1802,2351 1867,2350 1933,2350 1998,2350 2063,2350 2129,2350 2194,2350 2260,2350"
                         HEIGHT="194"
                         WIDTH="1339"
                         VPOS="2239"
                         HPOS="937">
                  <String ID="string_region_1644584699586_2099l20"
                          HEIGHT="194"
                          WIDTH="1339"
                          VPOS="2239"
                          HPOS="937"
                          CONTENT="&amp; u afraghtende niet gelt blijve"/>
               </TextLine>
               <TextLine ID="region_1644584699586_2099l21"
                         BASELINE="2510,2428 2545,2431 2581,2435 2617,2436 2653,2438 2689,2438 2725,2437 2761,2436 2797,2433 2833,2432 2869,2429 2904,2428 2940,2425 2976,2422 3012,2420 3048,2418 3084,2417 3120,2416 3156,2416 3192,2416 3228,2416"
                         HEIGHT="269"
                         WIDTH="754"
                         VPOS="2258"
                         HPOS="2491">
                  <String ID="string_region_1644584699586_2099l21"
                          HEIGHT="269"
                          WIDTH="754"
                          VPOS="2258"
                          HPOS="2491"
                          CONTENT="Adij 20 1o 1731"/>
               </TextLine>
               <TextLine ID="region_1644584699586_2099l22"
                         BASELINE="838,2492 895,2496 953,2499 1011,2502 1069,2504 1127,2506 1184,2506 1242,2506 1300,2506 1358,2506 1416,2506 1473,2506 1531,2504 1589,2504 1647,2502 1705,2502 1762,2502 1820,2500 1878,2500 1936,2500 1994,2502"
                         HEIGHT="207"
                         WIDTH="1186"
                         VPOS="2370"
                         HPOS="823">
                  <String ID="string_region_1644584699586_2099l22"
                          HEIGHT="207"
                          WIDTH="1186"
                          VPOS="2370"
                          HPOS="823"
                          CONTENT="olverseel adriaen hejnbrickx"/>
               </TextLine>
               <TextLine ID="region_1644584699586_2099l23"
                         BASELINE="962,2626 1071,2632 1180,2636 1289,2640 1399,2642 1508,2646 1617,2648 1727,2650 1836,2652 1945,2652 2055,2652 2164,2652 2273,2651 2382,2650 2492,2648 2601,2646 2710,2643 2820,2639 2929,2635 3038,2631 3148,2626"
                         HEIGHT="240"
                         WIDTH="2217"
                         VPOS="2484"
                         HPOS="947">
                  <String ID="string_region_1644584699586_2099l23"
                          HEIGHT="240"
                          WIDTH="2217"
                          VPOS="2484"
                          HPOS="947"
                          CONTENT="op 22 janu. 6 april ende 15 julij van desen cave hebbe ue"/>
               </TextLine>
               <TextLine ID="region_1644584699586_2099l24"
                         BASELINE="946,2750 1048,2755 1150,2760 1252,2764 1354,2768 1456,2772 1558,2774 1660,2776 1762,2778 1864,2780 1967,2780 2069,2780 2171,2778 2273,2776 2375,2774 2477,2770 2579,2767 2681,2762 2783,2756 2885,2751 2988,2744"
                         HEIGHT="229"
                         WIDTH="2074"
                         VPOS="2635"
                         HPOS="930">
                  <String ID="string_region_1644584699586_2099l24"
                          HEIGHT="229"
                          WIDTH="2074"
                          VPOS="2635"
                          HPOS="930"
                          CONTENT="some vermaenen, om dat ue sadde sorge dat de"/>
               </TextLine>
               <TextLine ID="region_1644584699586_2099l25"
                         BASELINE="950,2882 1063,2889 1176,2894 1289,2900 1402,2903 1515,2906 1628,2908 1741,2908 1854,2909 1967,2908 2080,2906 2193,2904 2306,2901 2419,2896 2532,2893 2645,2887 2758,2881 2871,2875 2984,2869 3097,2860 3210,2852"
                         HEIGHT="197"
                         WIDTH="2289"
                         VPOS="2790"
                         HPOS="934">
                  <String ID="string_region_1644584699586_2099l25"
                          HEIGHT="197"
                          WIDTH="2289"
                          VPOS="2790"
                          HPOS="934"
                          CONTENT="gechterstellige pachten van de landen van de. de Lanno"/>
               </TextLine>
               <TextLine ID="region_1644584699586_2099l26"
                         BASELINE="962,3002 1074,3014 1187,3023 1300,3030 1413,3035 1526,3038 1638,3040 1751,3040 1864,3038 1977,3036 2090,3034 2202,3030 2315,3025 2428,3021 2541,3016 2654,3012 2766,3007 2879,3003 2992,2999 3105,2996 3218,2996"
                         HEIGHT="249"
                         WIDTH="2288"
                         VPOS="2876"
                         HPOS="945">
                  <String ID="string_region_1644584699586_2099l26"
                          HEIGHT="249"
                          WIDTH="2288"
                          VPOS="2876"
                          HPOS="945"
                          CONTENT="mijn schoon vade competerende souden worden vodan"/>
               </TextLine>
               <TextLine ID="region_1644584699586_2099l27"
                         BASELINE="964,3136 1070,3142 1176,3146 1282,3150 1388,3154 1494,3156 1600,3158 1706,3159 1812,3160 1918,3160 2024,3159 2130,3158 2236,3156 2342,3153 2448,3150 2554,3146 2660,3142 2766,3138 2872,3133 2978,3127 3084,3120"
                         HEIGHT="176"
                         WIDTH="2154"
                         VPOS="3016"
                         HPOS="947">
                  <String ID="string_region_1644584699586_2099l27"
                          HEIGHT="176"
                          WIDTH="2154"
                          VPOS="3016"
                          HPOS="947"
                          CONTENT="niets tot nu toe vernomen synde gelijck ue weet"/>
               </TextLine>
               <TextLine ID="region_1644584699586_2099l28"
                         BASELINE="966,3262 1075,3265 1185,3269 1295,3272 1405,3276 1515,3278 1625,3279 1735,3280 1845,3282 1955,3282 2065,3280 2174,3280 2284,3278 2394,3274 2504,3270 2614,3266 2724,3261 2834,3255 2944,3247 3054,3239 3164,3230"
                         HEIGHT="118"
                         WIDTH="2231"
                         VPOS="3179"
                         HPOS="948">
                  <String ID="string_region_1644584699586_2099l28"
                          HEIGHT="118"
                          WIDTH="2231"
                          VPOS="3179"
                          HPOS="948"
                          CONTENT="het jaer 1229 u 1730 &amp; dit lopende aer ten aelteren"/>
               </TextLine>
               <TextLine ID="region_1644584699586_2099l29"
                         BASELINE="954,3382 1067,3388 1180,3394 1293,3400 1406,3403 1520,3406 1633,3408 1746,3408 1859,3408 1972,3408 2086,3406 2199,3405 2312,3402 2425,3400 2538,3397 2652,3394 2765,3390 2878,3386 2991,3382 3104,3378 3218,3376"
                         HEIGHT="216"
                         WIDTH="2294"
                         VPOS="3266"
                         HPOS="939">
                  <String ID="string_region_1644584699586_2099l29"
                          HEIGHT="216"
                          WIDTH="2294"
                          VPOS="3266"
                          HPOS="939"
                          CONTENT="&amp; te wijlen ick als vorge principael tijdt voor de selve"/>
               </TextLine>
               <TextLine ID="region_1644584699586_2099l30"
                         BASELINE="952,3524 1062,3526 1173,3528 1283,3530 1394,3532 1504,3532 1615,3532 1725,3532 1836,3532 1946,3532 2057,3530 2167,3528 2278,3526 2388,3524 2499,3522 2609,3520 2720,3516 2830,3512 2941,3510 3051,3506 3162,3500"
                         HEIGHT="175"
                         WIDTH="2242"
                         VPOS="3402"
                         HPOS="935">
                  <String ID="string_region_1644584699586_2099l30"
                          HEIGHT="175"
                          WIDTH="2242"
                          VPOS="3402"
                          HPOS="935"
                          CONTENT="pachten soo some ick anderman vermaenen "/>
               </TextLine>
               <TextLine ID="region_1644584699586_2099l31"
                         BASELINE="956,3656 1065,3656 1175,3654 1285,3654 1395,3654 1505,3654 1615,3654 1725,3654 1835,3654 1945,3652 2055,3652 2164,3650 2274,3650 2384,3647 2494,3644 2604,3642 2714,3638 2824,3633 2934,3627 3044,3620 3154,3612"
                         HEIGHT="184"
                         WIDTH="2231"
                         VPOS="3526"
                         HPOS="940">
                  <String ID="string_region_1644584699586_2099l31"
                          HEIGHT="184"
                          WIDTH="2231"
                          VPOS="3526"
                          HPOS="940"
                          CONTENT="brenger deses l' moensens meyere van bewijndreckt"/>
               </TextLine>
               <TextLine ID="region_1644584699586_2099l32"
                         BASELINE="968,3780 1082,3778 1196,3778 1310,3778 1424,3778 1538,3778 1652,3778 1766,3778 1880,3778 1994,3778 2109,3777 2223,3776 2337,3774 2451,3772 2565,3769 2679,3766 2793,3761 2907,3756 3021,3748 3135,3740 3250,3732"
                         HEIGHT="173"
                         WIDTH="2313"
                         VPOS="3684"
                         HPOS="952">
                  <String ID="string_region_1644584699586_2099l32"
                          HEIGHT="173"
                          WIDTH="2313"
                          VPOS="3684"
                          HPOS="952"
                          CONTENT="die gelast is ie mondelinse te leggen, onse intentie"/>
               </TextLine>
               <TextLine ID="region_1644584699586_2099l33"
                         BASELINE="964,3908 1076,3908 1189,3906 1302,3908 1415,3908 1528,3908 1641,3908 1754,3908 1867,3910 1980,3910 2093,3908 2205,3908 2318,3906 2431,3904 2544,3901 2657,3898 2770,3893 2883,3887 2996,3881 3109,3872 3222,3864"
                         HEIGHT="231"
                         WIDTH="2289"
                         VPOS="3768"
                         HPOS="948">
                  <String ID="string_region_1644584699586_2099l33"
                          HEIGHT="231"
                          WIDTH="2289"
                          VPOS="3768"
                          HPOS="948"
                          CONTENT="dogh wil verhopen, dat ue het soo veeire niet sal"/>
               </TextLine>
               <TextLine ID="region_1644584699586_2099l34"
                         BASELINE="972,4042 1079,4040 1187,4040 1295,4038 1402,4038 1510,4038 1618,4038 1725,4038 1833,4038 1941,4038 2049,4038 2156,4038 2264,4036 2372,4034 2479,4032 2587,4028 2695,4022 2802,4017 2910,4010 3018,4002 3126,3990"
                         HEIGHT="216"
                         WIDTH="2186"
                         VPOS="3913"
                         HPOS="955">
                  <String ID="string_region_1644584699586_2099l34"
                          HEIGHT="216"
                          WIDTH="2186"
                          VPOS="3913"
                          HPOS="955"
                          CONTENT="laeten comen, &amp; dat p eerste sult gelt brengen"/>
               </TextLine>
               <TextLine ID="region_1644584699586_2099l35"
                         BASELINE="972,4174 1085,4172 1199,4170 1312,4168 1426,4168 1539,4166 1653,4166 1766,4164 1880,4164 1993,4162 2107,4162 2220,4160 2334,4158 2447,4154 2561,4152 2674,4147 2788,4143 2901,4137 3015,4131 3128,4123 3242,4114"
                         HEIGHT="219"
                         WIDTH="2305"
                         VPOS="4017"
                         HPOS="953">
                  <String ID="string_region_1644584699586_2099l35"
                          HEIGHT="219"
                          WIDTH="2305"
                          VPOS="4017"
                          HPOS="953"
                          CONTENT="tgene met proste in patientije sal afwaghten "/>
               </TextLine>
               <TextLine ID="region_1644584699586_2099l36"
                         BASELINE="958,4312 983,4312 1008,4312 1033,4312 1058,4312 1083,4311 1108,4310 1133,4310 1158,4309 1184,4307 1209,4304 1234,4303 1259,4302 1284,4300 1309,4298 1334,4297 1359,4295 1384,4293 1410,4290"
                         HEIGHT="194"
                         WIDTH="491"
                         VPOS="4210"
                         HPOS="937">
                  <String ID="string_region_1644584699586_2099l36"
                          HEIGHT="194"
                          WIDTH="491"
                          VPOS="4210"
                          HPOS="937"
                          CONTENT="blijve"/>
               </TextLine>
            </TextBlock>
            <TextBlock ID="region_1644584702721_2102"
                       HEIGHT="4102"
                       WIDTH="2681"
                       VPOS="129"
                       HPOS="3317">
               <Shape>
                  <Polygon POINTS="3317,129 5998,129 5998,4231 3317,4231"/>
               </Shape>
               <TextLine ID="region_1644584702721_2102l1"
                         BASELINE="5176,294 5214,292 5253,290 5292,288 5331,288 5370,288 5409,288 5448,290 5487,290 5526,290 5565,290 5603,290 5642,290 5681,290 5720,288 5759,285 5798,282 5837,277 5876,272 5915,264 5954,256"
                         HEIGHT="185"
                         WIDTH="810"
                         VPOS="190"
                         HPOS="5160">
                  <String ID="string_region_1644584702721_2102l1"
                          HEIGHT="185"
                          WIDTH="810"
                          VPOS="190"
                          HPOS="5160"
                          CONTENT="Ady 22 aug. 1731"/>
               </TextLine>
               <TextLine ID="region_1644584702721_2102l2"
                         BASELINE="3388,316 3427,316 3466,316 3505,314 3545,314 3584,312 3623,312 3663,310 3702,310 3741,309 3781,308 3820,308 3859,307 3898,306 3938,306 3977,305 4016,304 4056,304 4095,302 4134,302 4174,302"
                         HEIGHT="178"
                         WIDTH="817"
                         VPOS="199"
                         HPOS="3372">
                  <String ID="string_region_1644584702721_2102l2"
                          HEIGHT="178"
                          WIDTH="817"
                          VPOS="199"
                          HPOS="3372"
                          CONTENT="London John Patuall"/>
               </TextLine>
               <TextLine ID="region_1644584702721_2102l3"
                         BASELINE="3540,436 3657,434 3774,432 3891,430 4008,430 4126,430 4243,430 4360,432 4477,432 4594,434 4712,436 4829,436 4946,438 5063,438 5180,440 5298,440 5415,438 5532,438 5649,436 5766,433 5884,430"
                         HEIGHT="170"
                         WIDTH="2376"
                         VPOS="305"
                         HPOS="3523">
                  <String ID="string_region_1644584702721_2102l3"
                          HEIGHT="170"
                          WIDTH="2376"
                          VPOS="305"
                          HPOS="3523"
                          CONTENT="J'ay receu avec bien du plaisir l'honneur de la vre du 6 courant"/>
               </TextLine>
               <TextLine ID="region_1644584702721_2102l4"
                         BASELINE="3546,542 3664,540 3783,540 3902,538 4020,538 4139,538 4258,538 4376,538 4495,540 4614,540 4733,541 4851,542 4970,543 5089,544 5207,544 5326,544 5445,544 5563,544 5682,544 5801,542 5920,540"
                         HEIGHT="165"
                         WIDTH="2406"
                         VPOS="425"
                         HPOS="3529">
                  <String ID="string_region_1644584702721_2102l4"
                          HEIGHT="165"
                          WIDTH="2406"
                          VPOS="425"
                          HPOS="3529"
                          CONTENT="V:3. escrit p mons: vre fils en francois la quelle est parfaitement"/>
               </TextLine>
               <TextLine ID="region_1644584702721_2102l5"
                         BASELINE="3546,658 3661,658 3777,656 3893,656 4009,655 4125,654 4240,654 4356,654 4472,652 4588,652 4704,652 4819,652 4935,653 5051,654 5167,654 5283,656 5398,656 5514,658 5630,660 5746,662 5862,664"
                         HEIGHT="159"
                         WIDTH="2348"
                         VPOS="549"
                         HPOS="3530">
                  <String ID="string_region_1644584702721_2102l5"
                          HEIGHT="159"
                          WIDTH="2348"
                          VPOS="549"
                          HPOS="3530"
                          CONTENT="bienn &amp; tres flaire a comprendre, aisant l'honneuurs de vous dire"/>
               </TextLine>
               <TextLine ID="region_1644584702721_2102l6"
                         BASELINE="3550,762 3668,765 3786,768 3904,770 4022,770 4141,772 4259,772 4377,772 4495,770 4613,770 4732,770 4850,768 4968,768 5086,768 5204,768 5323,768 5441,769 5559,770 5677,772 5795,774 5914,778"
                         HEIGHT="197"
                         WIDTH="2393"
                         VPOS="652"
                         HPOS="3536">
                  <String ID="string_region_1644584702721_2102l6"
                          HEIGHT="197"
                          WIDTH="2393"
                          VPOS="652"
                          HPOS="3536"
                          CONTENT="pourby respondre, q uil m'est tres agreable d'eprende, que les"/>
               </TextLine>
               <TextLine ID="region_1644584702721_2102l7"
                         BASELINE="3534,882 3650,882 3767,882 3884,882 4001,882 4118,882 4234,882 4351,882 4468,882 4585,882 4702,882 4818,882 4935,882 5052,882 5169,883 5286,884 5402,884 5519,885 5636,886 5753,888 5870,888"
                         HEIGHT="189"
                         WIDTH="2366"
                         VPOS="771"
                         HPOS="3520">
                  <String ID="string_region_1644584702721_2102l7"
                          HEIGHT="189"
                          WIDTH="2366"
                          VPOS="771"
                          HPOS="3520"
                          CONTENT="deux ballots N.60 61, vous ont est rendue, J'y trouve aussij"/>
               </TextLine>
               <TextLine ID="region_1644584702721_2102l8"
                         BASELINE="3554,1004 3669,1004 3784,1004 3899,1004 4014,1004 4129,1004 4244,1004 4359,1004 4474,1002 4589,1002 4704,1002 4819,1002 4934,1002 5049,1002 5164,1002 5279,1002 5394,1004 5509,1004 5624,1006 5739,1008 5854,1010"
                         HEIGHT="179"
                         WIDTH="2330"
                         VPOS="879"
                         HPOS="3539">
                  <String ID="string_region_1644584702721_2102l8"
                          HEIGHT="179"
                          WIDTH="2330"
                          VPOS="879"
                          HPOS="3539"
                          CONTENT="une remise de  £100:- a 35:10. sur le S. frans de volder"/>
               </TextLine>
               <TextLine ID="region_1644584702721_2102l9"
                         BASELINE="3536,1114 3655,1118 3774,1120 3893,1120 4012,1122 4132,1122 4251,1122 4370,1120 4489,1120 4608,1120 4728,1118 4847,1118 4966,1118 5085,1119 5204,1120 5324,1122 5443,1126 5562,1129 5681,1135 5800,1142 5920,1150"
                         HEIGHT="169"
                         WIDTH="2416"
                         VPOS="1018"
                         HPOS="3519">
                  <String ID="string_region_1644584702721_2102l9"
                          HEIGHT="169"
                          WIDTH="2416"
                          VPOS="1018"
                          HPOS="3519"
                          CONTENT="agand, payable sans la ville danvers la quelle j'ay envoyez"/>
               </TextLine>
               <TextLine ID="region_1644584702721_2102l10"
                         BASELINE="3560,1234 3678,1234 3797,1234 3915,1234 4034,1234 4153,1234 4271,1234 4390,1234 4508,1236 4627,1236 4746,1236 4864,1238 4983,1240 5101,1240 5220,1242 5339,1245 5457,1247 5576,1250 5694,1253 5813,1256 5932,1260"
                         HEIGHT="151"
                         WIDTH="2405"
                         VPOS="1175"
                         HPOS="3545">
                  <String ID="string_region_1644584702721_2102l10"
                          HEIGHT="151"
                          WIDTH="2405"
                          VPOS="1175"
                          HPOS="3545"
                          CONTENT="pour acceptation vos ordres pour 100 ps. cotils seront exccute"/>
               </TextLine>
               <TextLine ID="region_1644584702721_2102l11"
                         BASELINE="3548,1342 3667,1344 3786,1344 3905,1346 4025,1346 4144,1348 4263,1348 4383,1350 4502,1351 4621,1352 4741,1354 4860,1354 4979,1356 5098,1358 5218,1360 5337,1361 5456,1362 5576,1364 5695,1366 5814,1368 5934,1370"
                         HEIGHT="193"
                         WIDTH="2416"
                         VPOS="1243"
                         HPOS="3534">
                  <String ID="string_region_1644584702721_2102l11"
                          HEIGHT="193"
                          WIDTH="2416"
                          VPOS="1243"
                          HPOS="3534"
                          CONTENT="au pluttoit possible, madame melijn aura soing, pour achepter"/>
               </TextLine>
               <TextLine ID="region_1644584702721_2102l12"
                         BASELINE="3546,1454 3665,1454 3784,1456 3903,1458 4022,1458 4141,1460 4260,1460 4379,1462 4498,1464 4617,1464 4736,1466 4855,1467 4974,1468 5093,1470 5212,1472 5331,1474 5450,1477 5569,1480 5688,1482 5807,1486 5926,1490"
                         HEIGHT="144"
                         WIDTH="2412"
                         VPOS="1361"
                         HPOS="3529">
                  <String ID="string_region_1644584702721_2102l12"
                          HEIGHT="144"
                          WIDTH="2412"
                          VPOS="1361"
                          HPOS="3529"
                          CONTENT="une piece dentelle loopt lace pour meed: vre chere comp: mais"/>
               </TextLine>
               <TextLine ID="region_1644584702721_2102l13"
                         BASELINE="3526,1572 3644,1574 3763,1576 3882,1579 4001,1580 4120,1582 4238,1582 4357,1582 4476,1582 4595,1582 4714,1582 4832,1582 4951,1582 5070,1584 5189,1584 5308,1586 5426,1588 5545,1590 5664,1592 5783,1596 5902,1600"
                         HEIGHT="177"
                         WIDTH="2409"
                         VPOS="1500"
                         HPOS="3510">
                  <String ID="string_region_1644584702721_2102l13"
                          HEIGHT="177"
                          WIDTH="2409"
                          VPOS="1500"
                          HPOS="3510"
                          CONTENT="comme vous ne me marque point la largeur ny combien"/>
               </TextLine>
               <TextLine ID="region_1644584702721_2102l14"
                         BASELINE="3536,1630 3565,1633 3594,1636"
                         HEIGHT="84"
                         WIDTH="93"
                         VPOS="1569"
                         HPOS="3521">
                  <String ID="string_region_1644584702721_2102l14"
                          HEIGHT="84"
                          WIDTH="93"
                          VPOS="1569"
                          HPOS="3521"
                          CONTENT="dr"/>
               </TextLine>
               <TextLine ID="region_1644584702721_2102l15"
                         BASELINE="3532,1696 3650,1700 3769,1702 3888,1704 4006,1706 4125,1708 4244,1708 4362,1710 4481,1710 4600,1712 4719,1712 4837,1712 4956,1712 5075,1714 5193,1714 5312,1716 5431,1716 5549,1718 5668,1720 5787,1723 5906,1726"
                         HEIGHT="176"
                         WIDTH="2407"
                         VPOS="1633"
                         HPOS="3515">
                  <String ID="string_region_1644584702721_2102l15"
                          HEIGHT="176"
                          WIDTH="2407"
                          VPOS="1633"
                          HPOS="3515"
                          CONTENT="daunes, ie vous prie de me lemander ple premier aussij"/>
               </TextLine>
               <TextLine ID="region_1644584702721_2102l16"
                         BASELINE="3532,1810 3651,1814 3771,1817 3891,1820 4011,1820 4131,1822 4250,1824 4370,1824 4490,1824 4610,1826 4730,1826 4849,1826 4969,1828 5089,1828 5209,1830 5329,1832 5448,1834 5568,1838 5688,1842 5808,1846 5928,1852"
                         HEIGHT="171"
                         WIDTH="2428"
                         VPOS="1748"
                         HPOS="3517">
                  <String ID="string_region_1644584702721_2102l16"
                          HEIGHT="171"
                          WIDTH="2428"
                          VPOS="1748"
                          HPOS="3517"
                          CONTENT="sil faut, quelle soit ume canpane ou pour mieue dire une"/>
               </TextLine>
               <TextLine ID="region_1644584702721_2102l17"
                         BASELINE="3526,1936 3643,1938 3761,1938 3879,1938 3996,1940 4114,1940 4232,1940 4349,1940 4467,1942 4585,1942 4703,1942 4820,1944 4938,1944 5056,1946 5173,1946 5291,1948 5409,1950 5526,1954 5644,1956 5762,1960 5880,1964"
                         HEIGHT="161"
                         WIDTH="2385"
                         VPOS="1826"
                         HPOS="3509">
                  <String ID="string_region_1644584702721_2102l17"
                          HEIGHT="161"
                          WIDTH="2385"
                          VPOS="1826"
                          HPOS="3509"
                          CONTENT="denutelle la becqou ie, &amp; En attendant p le premves vre"/>
               </TextLine>
               <TextLine ID="region_1644584702721_2102l18"
                         BASELINE="3546,2086 3643,2077 3741,2070 3838,2064 3936,2059 4034,2056 4131,2054 4229,2054 4326,2054 4424,2055 4522,2056 4619,2058 4717,2058 4814,2060 4912,2060 5010,2060 5107,2060 5205,2058 5302,2054 5400,2051 5498,2044"
                         HEIGHT="144"
                         WIDTH="1983"
                         VPOS="1947"
                         HPOS="3529">
                  <String ID="string_region_1644584702721_2102l18"
                          HEIGHT="144"
                          WIDTH="1983"
                          VPOS="1947"
                          HPOS="3529"
                          CONTENT="responce a ie suject J'ay l'honneur d' estre"/>
               </TextLine>
               <TextLine ID="region_1644584702721_2102l19"
                         BASELINE="3534,2190 3655,2188 3777,2188 3898,2188 4020,2188 4142,2188 4263,2188 4385,2188 4506,2188 4628,2188 4750,2188 4871,2188 4993,2188 5114,2188 5236,2188 5358,2188 5479,2190 5601,2190 5722,2192 5844,2192 5966,2194"
                         HEIGHT="163"
                         WIDTH="2463"
                         VPOS="2065"
                         HPOS="3519">
                  <String ID="string_region_1644584702721_2102l19"
                          HEIGHT="163"
                          WIDTH="2463"
                          VPOS="2065"
                          HPOS="3519"
                          CONTENT=". jauray soing de pacter la dentelle comme vous me"/>
               </TextLine>
               <TextLine ID="region_1644584702721_2102l20"
                         BASELINE="3534,2308 3645,2306 3757,2304 3869,2304 3981,2304 4093,2304 4205,2304 4317,2304 4429,2306 4541,2306 4653,2308 4764,2310 4876,2310 4988,2312 5100,2312 5212,2312 5324,2312 5436,2310 5548,2309 5660,2307 5772,2304"
                         HEIGHT="168"
                         WIDTH="2269"
                         VPOS="2216"
                         HPOS="3518">
                  <String ID="string_region_1644584702721_2102l20"
                          HEIGHT="168"
                          WIDTH="2269"
                          VPOS="2216"
                          HPOS="3518"
                          CONTENT="le marque &amp; la facture dicelle vous sarat envoyez"/>
               </TextLine>
               <TextLine ID="region_1644584702721_2102l21"
                         BASELINE="3542,2426 3621,2426 3700,2427 3779,2428 3858,2428 3937,2428 4016,2428 4095,2428 4174,2428 4253,2428 4332,2430 4411,2430 4490,2430 4569,2431 4648,2432 4727,2434 4806,2434 4885,2436 4964,2438 5043,2440 5122,2444"
                         HEIGHT="178"
                         WIDTH="1613"
                         VPOS="2316"
                         HPOS="3525">
                  <String ID="string_region_1644584702721_2102l21"
                          HEIGHT="178"
                          WIDTH="1613"
                          VPOS="2316"
                          HPOS="3525"
                          CONTENT="p une lettre ceparement de cotils "/>
               </TextLine>
               <TextLine ID="region_1644584702721_2102l22"
                         BASELINE="5260,2496 5293,2499 5326,2500 5359,2502 5392,2502 5426,2502 5459,2502 5492,2504 5525,2502 5558,2502 5592,2502 5625,2502 5658,2502 5691,2502 5724,2502 5758,2502 5791,2502 5824,2502 5857,2502 5890,2502 5924,2504"
                         HEIGHT="213"
                         WIDTH="696"
                         VPOS="2377"
                         HPOS="5244">
                  <String ID="string_region_1644584702721_2102l22"
                          HEIGHT="213"
                          WIDTH="696"
                          VPOS="2377"
                          HPOS="5244"
                          CONTENT="Adij 28 aug 173"/>
               </TextLine>
               <TextLine ID="region_1644584702721_2102l23"
                         BASELINE="3402,2554 3488,2552 3575,2551 3662,2550 3749,2550 3836,2550 3922,2552 4009,2552 4096,2552 4183,2554 4270,2554 4356,2556 4443,2556 4530,2557 4617,2558 4704,2558 4790,2558 4877,2558 4964,2558 5051,2556 5138,2554"
                         HEIGHT="207"
                         WIDTH="1767"
                         VPOS="2438"
                         HPOS="3388">
                  <String ID="string_region_1644584702721_2102l23"
                          HEIGHT="207"
                          WIDTH="1767"
                          VPOS="2438"
                          HPOS="3388"
                          CONTENT="brussel Mons: San sot intendant de m le printe"/>
               </TextLine>
               <TextLine ID="region_1644584702721_2102l24"
                         BASELINE="3690,2642 3715,2642 3741,2642 3767,2642 3793,2642 3819,2643 3845,2644 3871,2644 3897,2644 3922,2645 3948,2646 3974,2646 4000,2645 4026,2644 4052,2644 4078,2643 4104,2642 4130,2640"
                         HEIGHT="146"
                         WIDTH="471"
                         VPOS="2557"
                         HPOS="3675">
                  <String ID="string_region_1644584702721_2102l24"
                          HEIGHT="146"
                          WIDTH="471"
                          VPOS="2557"
                          HPOS="3675"
                          CONTENT="duiengien"/>
               </TextLine>
               <TextLine ID="region_1644584702721_2102l25"
                         BASELINE="3538,2746 3657,2746 3777,2746 3897,2746 4017,2748 4137,2748 4257,2748 4377,2750 4497,2750 4617,2752 4737,2752 4856,2753 4976,2754 5096,2754 5216,2755 5336,2756 5456,2756 5576,2756 5696,2756 5816,2754 5936,2754"
                         HEIGHT="243"
                         WIDTH="2428"
                         VPOS="2592"
                         HPOS="3523">
                  <String ID="string_region_1644584702721_2102l25"
                          HEIGHT="243"
                          WIDTH="2428"
                          VPOS="2592"
                          HPOS="3523"
                          CONTENT="le 3 jesme du courant fut a vre grace ma derniere p la quelle ie "/>
               </TextLine>
               <TextLine ID="region_1644584702721_2102l26"
                         BASELINE="3546,2860 3662,2860 3779,2860 3896,2861 4012,2862 4129,2862 4246,2864 4362,2864 4479,2866 4596,2866 4713,2867 4829,2868 4946,2868 5063,2868 5179,2868 5296,2867 5413,2866 5529,2864 5646,2862 5763,2860 5880,2856"
                         HEIGHT="191"
                         WIDTH="2366"
                         VPOS="2763"
                         HPOS="3530">
                  <String ID="string_region_1644584702721_2102l26"
                          HEIGHT="191"
                          WIDTH="2366"
                          VPOS="2763"
                          HPOS="3530"
                          CONTENT="vous advise, que savois tirez sur vre grace pour compte de mons"/>
               </TextLine>
               <TextLine ID="region_1644584702721_2102l27"
                         BASELINE="3522,2964 3637,2967 3752,2970 3867,2973 3982,2976 4097,2978 4212,2982 4327,2984 4442,2986 4557,2988 4672,2988 4787,2990 4902,2990 5017,2992 5132,2992 5247,2990 5362,2990 5477,2988 5592,2986 5707,2984 5822,2980"
                         HEIGHT="178"
                         WIDTH="2331"
                         VPOS="2887"
                         HPOS="3507">
                  <String ID="string_region_1644584702721_2102l27"
                          HEIGHT="178"
                          WIDTH="2331"
                          VPOS="2887"
                          HPOS="3507"
                          CONTENT="de lannoy de la raiere de somme de Lille a l'ordre de mons. "/>
               </TextLine>
               <TextLine ID="region_1644584702721_2102l28"
                         BASELINE="3542,3082 3663,3084 3784,3084 3905,3086 4026,3089 4147,3092 4268,3094 4389,3097 4510,3100 4631,3102 4753,3106 4874,3108 4995,3110 5116,3112 5237,3114 5358,3114 5479,3114 5600,3114 5721,3112 5842,3110 5964,3106"
                         HEIGHT="225"
                         WIDTH="2456"
                         VPOS="2979"
                         HPOS="3525">
                  <String ID="string_region_1644584702721_2102l28"
                          HEIGHT="225"
                          WIDTH="2456"
                          VPOS="2979"
                          HPOS="3525"
                          CONTENT="Jean B. Cogels la somme de sent mil ceptante florins, argent de"/>
               </TextLine>
               <TextLine ID="region_1644584702721_2102l29"
                         BASELINE="3530,3198 3646,3198 3763,3198 3880,3198 3996,3202 4113,3204 4230,3207 4346,3211 4463,3214 4580,3218 4697,3222 4813,3226 4930,3230 5047,3234 5163,3236 5280,3240 5397,3242 5513,3242 5630,3242 5747,3242 5864,3240"
                         HEIGHT="199"
                         WIDTH="2368"
                         VPOS="3137"
                         HPOS="3514">
                  <String ID="string_region_1644584702721_2102l29"
                          HEIGHT="199"
                          WIDTH="2368"
                          VPOS="3137"
                          HPOS="3514"
                          CONTENT="change, depuis sans l'honneur des vres. le predit s: de Lannoy"/>
               </TextLine>
               <TextLine ID="region_1644584702721_2102l30"
                         BASELINE="3528,3320 3641,3322 3754,3323 3868,3324 3981,3328 4095,3330 4208,3332 4321,3336 4435,3338 4548,3342 4662,3344 4775,3348 4888,3350 5002,3352 5115,3354 5229,3356 5342,3356 5455,3356 5569,3354 5682,3352 5796,3350"
                         HEIGHT="118"
                         WIDTH="2301"
                         VPOS="3253"
                         HPOS="3511">
                  <String ID="string_region_1644584702721_2102l30"
                          HEIGHT="118"
                          WIDTH="2301"
                          VPOS="3253"
                          HPOS="3511"
                          CONTENT="m'ordonne de vous remettrr cincq cent florins argent de"/>
               </TextLine>
               <TextLine ID="region_1644584702721_2102l31"
                         BASELINE="3528,3438 3648,3442 3769,3444 3890,3448 4011,3450 4132,3452 4252,3454 4373,3456 4494,3458 4615,3460 4736,3460 4856,3462 4977,3464 5098,3464 5219,3466 5340,3468 5460,3470 5581,3472 5702,3474 5823,3478 5944,3482"
                         HEIGHT="179"
                         WIDTH="2449"
                         VPOS="3369"
                         HPOS="3512">
                  <String ID="string_region_1644584702721_2102l31"
                          HEIGHT="179"
                          WIDTH="2449"
                          VPOS="3369"
                          HPOS="3512"
                          CONTENT="change pour lon compte, que ie vous envoye cy joint en lettre"/>
               </TextLine>
               <TextLine ID="region_1644584702721_2102l32"
                         BASELINE="3526,3558 3639,3560 3753,3564 3866,3566 3980,3568 4094,3570 4207,3572 4321,3574 4434,3576 4548,3577 4662,3578 4775,3580 4889,3580 5002,3582 5116,3582 5230,3584 5343,3584 5457,3586 5570,3586 5684,3588 5798,3590"
                         HEIGHT="187"
                         WIDTH="2303"
                         VPOS="3472"
                         HPOS="3510">
                  <String ID="string_region_1644584702721_2102l32"
                          HEIGHT="187"
                          WIDTH="2303"
                          VPOS="3472"
                          HPOS="3510"
                          CONTENT="du 25 courant, payable le trent jesme de ce mois  le S"/>
               </TextLine>
               <TextLine ID="region_1644584702721_2102l33"
                         BASELINE="3538,3672 3648,3676 3758,3680 3868,3682 3978,3684 4088,3687 4198,3688 4308,3690 4418,3692 4528,3694 4639,3694 4749,3696 4859,3696 4969,3696 5079,3698 5189,3698 5299,3698 5409,3700 5519,3700 5629,3700 5740,3702"
                         HEIGHT="187"
                         WIDTH="2233"
                         VPOS="3581"
                         HPOS="3522">
                  <String ID="string_region_1644584702721_2102l33"
                          HEIGHT="187"
                          WIDTH="2233"
                          VPOS="3581"
                          HPOS="3522"
                          CONTENT="jacobus Kint le bouxelles vois priant de procurer le "/>
               </TextLine>
               <TextLine ID="region_1644584702721_2102l34"
                         BASELINE="3532,3796 3652,3798 3773,3802 3893,3804 4014,3806 4135,3806 4255,3806 4376,3808 4496,3808 4617,3808 4738,3806 4858,3806 4979,3806 5099,3806 5220,3806 5341,3806 5461,3806 5582,3806 5702,3808 5823,3809 5944,3812"
                         HEIGHT="181"
                         WIDTH="2442"
                         VPOS="3712"
                         HPOS="3517">
                  <String ID="string_region_1644584702721_2102l34"
                          HEIGHT="181"
                          WIDTH="2442"
                          VPOS="3712"
                          HPOS="3517"
                          CONTENT="necessaire, &amp; il sera paye a la presentation, &amp; vous aurez la "/>
               </TextLine>
               <TextLine ID="region_1644584702721_2102l35"
                         BASELINE="3540,3906 3656,3909 3773,3912 3890,3914 4007,3916 4124,3918 4240,3920 4357,3922 4474,3924 4591,3926 4708,3926 4824,3928 4941,3930 5058,3930 5175,3930 5292,3932 5408,3932 5525,3932 5642,3932 5759,3932 5876,3932"
                         HEIGHT="208"
                         WIDTH="2367"
                         VPOS="3812"
                         HPOS="3524">
                  <String ID="string_region_1644584702721_2102l35"
                          HEIGHT="208"
                          WIDTH="2367"
                          VPOS="3812"
                          HPOS="3524"
                          CONTENT="boute d'en crediter le compte du S: de Lannoy, estant le "/>
               </TextLine>
               <TextLine ID="region_1644584702721_2102l36"
                         BASELINE="3518,4040 3606,4042 3694,4042 3782,4044 3870,4046 3959,4046 4047,4048 4135,4050 4223,4052 4311,4054 4400,4056 4488,4056 4576,4058 4664,4058 4752,4060 4841,4060 4929,4060 5017,4058 5105,4058 5193,4056 5282,4054"
                         HEIGHT="248"
                         WIDTH="1796"
                         VPOS="3905"
                         HPOS="3504">
                  <String ID="string_region_1644584702721_2102l36"
                          HEIGHT="248"
                          WIDTH="1796"
                          VPOS="3905"
                          HPOS="3504"
                          CONTENT="suject de cette, &amp; suis tres sincerement"/>
               </TextLine>
            </TextBlock>
         </PrintSpace>
      </Page>
   </Layout>
</alto>
