7823 4678
939 229 2341 140 Crois vervallen, & terwijlen sien, dat ue sigh daer wijnigh aen geliegen

940 298 2334 200 laet soo hebbe d'eeve van ue te seggen, als dat desen sal dienen

944 443 2328 115 voor de laeste vermaninge, & in gevalle int cort van ue niet

943 532 2328 197 verneme sal mij bedienen met de craghte van de stipulatie

965 680 2082 153 van den renten brief waer naer cont olguleren blijve

774 761 1016 179 lwesseel adriaen heyndrick

2513 782 707 187 Ady 13 july 1731

959 929 2316 154 op 12 janu. & 6 april van desen jaere 1731 hebbe ue geschreven om des

963 999 2313 199 ue: soude sorgen dat betalinge soude becomen van het lant van

948 1131 2282 168 dhl de lannay saliges door ue dochten ul pachte, waer van ue

936 1248 2347 156 als borge principael is hebbende tot uu toe iets vernoy

930 1328 2310 178 synde het baer 1729 &p ƒ 30 met dit lopende iaer ten achteren

909 1436 2317 167 dat buyten schrefft coopt hebbe iue dochte hier gesproken,

905 1557 2338 202 die mij gelooft heeft als dat haer suster soude gelt brenden

963 1659 2205 205 waerom tot nu toe al patientie ghadt hebbe, nu siende

930 1774 2300 196 dotter geen gelt en comt soo come iul: andermael vermaenen

929 1905 2245 206 bij soo verre geen geltfen brenght sal verobligeert sijn, ick

950 2052 2257 169 costen aen te doen, om betalinge te becomen bidde van sulte

958 2141 2239 146 voor te comen, want met costen van betreck, can ue op hut

954 2255 2144 189 lant pacht niets scorten ue dan & eersten verwaghtende

974 2378 441 147 blijve

2630 2354 448 226 Ady 19d

807 2461 1188 191 turnhout will: & wed: P: samen

970 2598 2242 157 sedert ul hier mondeliue gesprosien hebbe besome ordre voor

962 2710 2307 171 hondert pr tijken, maer mijn vrint te laeght sterck van eenige

969 2804 2280 169 van de laeste gesondene, daerom moet ue beter letten van

965 2909 2326 189 beter goedt te senden, want soude die voor ul rese laeten leggen

963 3024 2242 183 ul lan mij dese 100ps toe senden als ul die goedt aen de

964 3127 2295 203 hant heeft, & moet ick waghten van gelewet goedt daer bij te

958 3259 1716 181 doen, waer mede naer groetenisse blijve

1073 3367 676 152 30 ¾ groot Cost

1083 3466 683 175 30  grost lost

1083 3598 603 168 30 p 3 segets

1078 3730 595 162 10¾ 3 segels

1031 3850 1305 214 100 ps. alle smalle trepee

5293 199 676 163 Ady 14 july 1732

3350 205 756 149 London George Vivape

3550 244 2375 196 hebbe in eenige gepasseerde jaeren d'eere niet gehadt van ue missive te

3568 381 2377 175 besomen nochte het geluck van aen ue toe te senden eenvgl tijssen

3555 495 2427 171 bevinde dat sedert de laeste backe aen ue gesonden in dato 19 april

3545 640 2452 111 1723 de tijken in prijs gevallen sijn, sjnde de selve als hier aen die

3553 696 2385 148 roedt deser genoteert het soude my veel plaisir geven in gevalle

3564 799 2258 176 met eenige van ue ordres tot encoop der selve wirde vcoreert

3556 931 2396 114 sijet versesiert dat mijn ujterste devoiren sal doen, om ue wel te

3547 1001 2415 141 bedienen, & het elder beste goedt te senden, waer op mooght vertrouwen

3555 1139 2319 164 blijvende met veele achtinghe & naer seer minsame groetenisse

3770 1228 892 185 & groot lost a ƒ 7:10

3735 1320 938 181 3 segels ..„ 9:10

3723 1433 997 180 4 groot loot .„ 9:10

3749 1561 974 140 4 3 segils .„ 14:10

3652 1621 1761 218 met 2 rabat voor contante betalinge

5307 1745 652 195 Ady 14 julj 1731

3323 1748 805 180 London John tatuall

3539 1828 2439 181 J'ay receu l'honneur de la vre du 25 passe V:3. j joint une remise

3545 2008 2400 132 de  £100:- a 35:9 et sur mons: Crisse pedro vermoelen icy a

3540 2091 2431 155 auvers, la quelle est accepte, & vre ordre pour les tieles sernt

3549 2242 2378 158 exccute p le premier ie suis ravee d'aprendre, que vous avez

3543 2309 2362 202 reccu le dernier ballot & que vous l'avez trouve juste ne

3515 2449 2452 141 doutant point que les tieres seront a vre entiere satisfaction

3517 2583 2440 166 & ie servay mon devoir, pour vous envoyer les melieures tices

3531 2674 2440 197 quil le faissont, & ie vous envoyeray la facture au sitoit que

3530 2815 2314 173 de pourray, estant toujours avcc offres de mes services

3568 2933 2356 218 S. mons. vous me ferriez plaisir, si vous pourriez m'escrire en

3577 3092 858 181 francois ou flaimange

5295 3101 473 227 Adiy 16 d

3394 3185 1222 214 Turyhoudt T:samen & wel: S: samen

3547 3299 2399 139 ul: brief van gisteren wil ontfangen, daer benevens twee packen tijken mit 100

3530 3415 2415 200 ps die noch niet geopent hebbe, niet twijfelende, oft sal de selve conform aen ue

3527 3512 2126 193 gesondene facture bevinden & ul woort voor de selve gecrediteert

3480 3642 2474 180 hebbe mett mijnen voorigen brief vergeten te ordonneren de 50  3 segels

3539 3757 2292 183 waer van ue mondelirt gesproseen hebben soo gelieft mij die op

3526 3849 2319 191 donderdagh toeomende tot te senden, alle van ue alderbette goedt

3494 3943 2498 235 & daer nauw leeurigh op te letten, waer op vertrouwe & in afwaghteyn

3508 4074 957 213 blijve naer groetenisse

3697 4199 1475 200 „50 ¾ 3 segels alles sinalle strepen
