8056 4637
997 255 2221 144 requette op te stelen tot latte dan den voors Joos van bosseh

997 312 2148 185 tot het doen van den voors Pedt. versoecke van notitie te

1001 398 2211 178 houden dan ue houdraire, & oock de poorten van brievan, sal

990 494 2248 212 alles ten dancke voldoen, ue a vies met het gene gerequireert

1016 623 1413 197 wordt at waghtende blijve met respect

1014 687 2225 246 P.P: daer is oock noch een broe overleden, die aen haeren

1020 825 2213 219 soone over ettelijcke jaeren bij acte getransporteert heeft

1022 924 2164 231 alle haere goederen, oft niet gerecht ben tot het beste stucke

1035 1016 1952 254 Jan haere cleederen, oft tot den gouden trouw vonck

2516 1133 676 169 Ady 5 abru 1742

828 1169 1724 225 smijn dricht kersame ballt ue Borgene & schepenen

1022 1268 2048 230 desen is dienende om regerende borgemeelter & schepenen

1023 1429 2189 208 te bedancken door hunne gedaene dienstae, pom ick te

1025 1559 1959 150 adviseren dat ick de novo hebbe aengestelt voor

1029 1659 2080 176 borgemeestes & schipenen de naer volgende persoonen,

1002 1799 418 140 te weeten

1397 1822 727 161 V0oo orgemeester

1367 1959 800 151 Jan Jan ierschaves

1484 2065 592 183 300o scheperiae

1289 2191 551 197 Pieter Raes

1301 2302 557 214 Carel de Rop

1286 2420 631 154 Mathyr 1 aut

1312 2495 689 211 Ladreys Corthals

1306 2617 559 218 Jan de Cleen

1294 2771 565 184 Pieter Maes

1069 2789 2118 269 ue ordonnerende de selve daer vooren te kennen mits

1056 2973 1038 204 doende den ordinadren Pedt

2502 3001 746 245 Adij 8 febru 1742

908 3119 1012 214 Gendt ch. advocart basilius

1069 3233 2136 195 ue aengename 3 deser met proient van requeste ten latte

1030 3300 2210 201 Joos van bossche tot het doen van den requioeerden hedt wil

1050 3432 1893 224 ontfanghen, & hebbe het selve alsoo doen indienen,

1042 3543 2223 215 daer is my nu ter hant gestelt de duplique van hendrick

1046 3662 2157 180 hersens in gedient twelck aen ue: hier benevens toesende

1051 3795 1212 195 on het selve te beantwoorden

1056 3862 2144 254 alsoo wij bij requerte geposeert hebben dat by brouwe

1048 3973 2233 232 overleden was op 25 gber 1741 soo prevaleent hij sigh, van

1075 4126 2110 196 te seggen, dat de loly beeste voor de doodt van sijne

1053 4238 2157 220 huys vrouve versoght was, dat contrarie is vermits

4293 1643 127 105 soo

4299 1733 242 87 3: praet

4304 1745 599 159 ravel de Hop

4303 1852 611 141 Daririjs Corthals

4303 1952 433 124 pieter Maes

4313 1993 562 180 Jan de Clien

4299 2189 675 156 S. gillis van Esbeke

4575 2285 92 64 a

4312 2311 596 106 Jan bap: de paye

4306 2348 672 169 Jan Bap. de Lough

4296 2477 536 149 gillis smet

4294 2570 508 130 frans de Longe

4313 2642 611 153 pieter de Westeliuck

4314 2756 638 150 paess hier verbraken

4308 2845 665 135 an cropis verbia hen

4313 2955 617 144 Jan van Cent dande

4312 3065 372 149 Han maes

4340 3131 631 149 pac hier van goeije

4345 3226 853 156 Sudoues Jan Seensche
