7789 4685
958 196 2379 107 du transport de la rente de ƒ7000:- courant, a la charge de mons: desiau

944 304 2388 149 qua fait mons: havray en vre faveur, si vous auriez fait voire, tous les

948 396 2329 127 document que vous avez a ce sujet, a mons: potie, ie ne doute pas

946 438 2401 169 quil n'auroit este coutant, peut estre, quil voudra avoir encor l'extra

963 583 2373 141 hors du partage des biens, du feu mons: Claude havray, & on pere, p le

940 693 2403 150 quil on voit, que la ditte rente appertenoit au predit michel havraiy

947 760 2388 186 & ie vous ay envoye le 7 fevrier passe le dit extrait, tellement si mon

951 877 2397 173 potie le demande, vous pouriez en faire tirer une copie autentique a

952 977 2333 172 Lille soyez en respot ma chere tante, puis que vous este pourvue

937 1070 2398 193 de tout ce quil vous faut a legard du transport  & si on demande

946 1182 2392 177 davantage, ie vous prie de me le marquer, mons: havray est en

950 1284 2391 187 ettat, pour vous donner toute satisfaction. J'ay paye pour la preditte

954 1391 2377 186 Copie autentique £0:3:0 et de change, quoy que le notaire vouloi

942 1501 2372 182 avoir ƒ 1:8: vous priant de m'en crediter a mon compte. J'attendray

954 1614 2177 170 avec plaisir la notice de ce que vous auray paye pour les

947 1707 2392 185 reparations de la maison, que le s: corat occupe, aussij de ce que

950 1815 2162 195 de le pierre aura payez pour le relief, mais ie vous prie de

952 1916 2371 176 m informer, si ce n'est point la coutume a lille, comme dans ce pays

951 2021 2379 156 icy, que quand on pare une relief de terres, si on n'en donne point

938 2166 2352 157 le denombrement au : de la cour feodal, dont il dependent,

947 2237 2386 205 le quel donne alors le recipisse dj celle, en ce cas, ie vous prie d'en

936 2388 2379 126 faire de mesme de la partt de la maison mortuaire, du fen

943 2499 2362 172 le S. de Lannoy & d'avoir la bonte d'en tirer le recipisse, ie vous

963 2579 2337 224 prie aussij de me marquer pour combien d'années la maison est

931 2716 2415 165 soue a mons: Corat, & quand le baille est commence & combien

970 2852 2339 141 monte presentement laugmentation du loyes de celle & depuis

953 2940 2358 183 quand cette augmentation se doit prendre. ie vois que martin

963 3051 2345 195 de le piere doit encor pour la parfaitte depouille de lanné 1728

958 3158 2388 159 £20:0:0 et piere boussemart pour reste de la parfaitte depoulle

949 3318 2398 150 1728 ƒ100:- £16113:4 et ie seray ravie de recevoir le compte

948 3411 2351 193 pour voir si mon espouze aura annotte le tout de conformite

934 3487 2267 228 & si vous souhaite, que ie vous envoye aussij le vre, vous

964 3590 2297 201 n'avez qu a m'ordonner, estant toujours avec offres de mes

933 3745 964 177 services & bien du respects

957 3841 2342 224 ma espouze vous fait bien des compliments de mesme a

932 3978 2327 197 toute vre cher famile permette L:V:P: que  aussij

966 4104 407 156 les miens

5902 187 110 144 2d

5085 195 650 158 Adij 25 sber 1729

3378 211 972 177 Tildrecht Paulus van Geetde

3562 334 2278 162 heden andermael vermaent oft dat aen hen enen deur weerder sal

3553 430 694 130 toe gesonden worden

5186 498 631 202 Adij 2 xber 1729

3401 543 695 231 Doch wed: le page

3546 701 2407 173 ben verwondert dat van ue niets verneme & hadde niet getwijfelt ot

3545 823 2357 125 den soude het jaer packt 1728 comen hebben betalen, oock dat ue de

3538 890 2447 166 twee sacken taruwe soude toege souden hebben, & terwijlen lulde niet

3546 1013 2452 163 nu toe niet en is geschiert soo seme & desen ul versoecken van

3565 1095 2364 186 niet langer uyt te stellen & ick dan met verlangen afwaghtende

3549 1212 270 162 blijve

5215 1218 726 213 Ady 6 xbre 1725

3453 1283 49 131 si

3434 1305 910 157 Gelle mons: Jean B. pottier

3568 1444 2354 145 ie viend de recevoir l'honneur de la vre du 3 courant, y joint nre

3547 1513 2303 194 remise de aunze cent vingt florins argent courant dicy a la

3558 1616 2361 176 charge de mons: florentio pauli, la quelle est accepte, estant

3549 1781 2259 92 pour compte de mons: desjaunaux president a mortie a divay

3543 1850 2165 134 dont ie luy donneray part quand j'auray recui le valeur

3569 1949 2357 156 ie ne donte pat mons. que vous este informe que mons hauvray

3567 2057 2296 126 at transpoite la rente de ƒ7000:- argent courant decy, apriz

3550 2194 2449 142 avoit a la charge de mons desjeutnaut= & madame son espouze

3559 2266 2441 156 a madame Van Zeller de Lille tellement que mons. le president

3558 2377 2370 190 dois avoir soing de faire payer a la ditta dame van d'eble

3564 2483 2413 129 e ane dinterest sch te dernier ectofre vea vingt nie

3555 2609 2358 165 len la place du predet s pau vray, puis que le transportt

3554 2724 2468 117 at este fait avec tout les oterages estant le e de cette

3537 2838 2397 198 lay l'honneur d'estre tres sincerement Ady 12 xber

3376 2947 696 151 Messele moenssens

3553 2973 2477 232 in lange van ue niets vernomen wille echter hope, dat ue in goede gelanthuyddij

3547 3140 2474 167 & dat ue beminde et stelt sal wesen, de memne van ue stint heeft over eenige dagen

3567 3263 2428 146 mij comen legegen, dat ue kint als een vissien is, & dat het geen pap qualijc

3570 3382 2434 136 meer witt peten, & dat het hem miest bij de memme houdd, & alsoo sij maer een

3559 3456 2434 164 saergesien heeft om et skint te decken & dat het buyten al wat hout begint

3549 3558 2334 171 te worden, soo versoeckt sij noch een jaergesien wijls ice over comt wij

3555 3633 1431 164 sullen samen daer eens naer toe reyden

3541 3682 2480 230 twijfce niet oft is aen ue: bescent dat de drijseerck geboden moeten geschiden

3542 3861 2431 137 tot den ontfangh van de sijnsen van swijndrecht soo gelieve de selve

3548 3926 2436 147 te doen, op den voedt als hier onder, ick sal het opt vlaems hooft doen

3562 4038 2378 160 aenplacken, & bidde van mons: schockaert te versoecken, of hij wel

3550 4139 2376 119 de goedtheydt soude willen hebben van de lijnsen te ontfanghen

3560 4259 2443 171 naer onder gewoonte, als ue oven comt versoecke vant mnent te comen
