7933 4644
2417 198 800 162 Adij 29meert 1132

775 218 780 169 London John Jatuall

933 311 2321 213 le 19xbre de lanne passe, fut a vre grace ma derniere, a la quelle

928 445 2297 202 ie me referre, depuis sans l'honneur d'aucune vre celle pour vous

926 556 2227 189 adviser, que mon ouvrier me viend dire, qu'il at prest une bale

944 644 2261 229 partie de tiehs tres belle & bonne marchandise, de sorte que ie

925 762 2321 220 pourrois vous en servir, esperant, que l'occasion se presentera

936 883 2235 233 de me faire l'honneur de mes donner vos ordres, pour une

951 990 2297 230 bonne partie, ie tacheray toujours de vous vendre contant

937 1159 487 145 & bien servir.

922 1172 2255 221 monsieur comme ie dois quelque bagatelle a mons. Isaac

958 1305 2253 231 del pesch notaire a Londres ie vous prie de le vouloir payere

954 1411 2222 215 estant la somme de un livre ouze escailins & ouze pences

945 1529 2236 192 stersins, & luy en demander trois quitances, celon lincluse

933 1640 2333 260 proiect & de me les envoyer signe, vous m'obligere infinement

944 1828 2063 177 & En tous occasiont, ou ie vous puis vend estre util

962 1906 2066 233 dispose liblrement de celuy qui est tres sincerement

2709 2034 147 75 mo

2458 2037 728 205 Adj 8 April 1732

784 2054 1050 223 Douay le comte de tenelles

979 2184 2239 175 ie vois p celle dont il vous at pleust in honores le 29 du passe

946 2364 2268 104 que vous este dans le sentiment de me rembourser au mon

926 2414 2332 223 de mons. vre pere & madame vre mere, les sept mille florins, argent

967 2554 2260 215 courant dicy, les escus d'espaque a 56 patt: la piece & autres

965 2678 2076 208 especes a lavenant avec les re djcelles i'qu'au

964 2814 2286 200 remboursement estant la partie que j'ay dans une plus

968 2933 2218 236 grosse rente ce leur charge, dont j'attendray les remises

929 3094 2184 202 qu'il vous plaira me faire, payable icy en auvers

965 3183 2255 234 d'autant qu'il ny ce point doceasion icy, pour tirer la

970 3341 2239 199 ditte somme, ny de change vegle, & comme ie n'ay pas

963 3449 2218 206 besoing d'argent en vos quartiers ie ne jeauray vous

981 3586 2236 175 vendre aucuu service la dedant pour le pretant vous

996 3682 2206 250 priant cependant d'estre persuade, que j'auray toujours

1002 3838 2154 223 un veritable plaisir a vous estre utile ie d'autres

997 3991 1873 201 recasions, comme estant tres sincerement

5152 181 748 166 Ady 4 april 1732

3384 202 723 184 Doel wed. le page

3481 301 2411 192 hebbe et groote patientie, ul: alhier verwaght, om my te betalen

3484 416 2332 193 het iaer lant packt vers. bamus 1730 & dat in gevolge ue geloste

3473 527 2332 175 & ue denckt daer niet op mj dunck dat ue nu ue graenen

3467 631 2431 209 behoorde verscoght te hebben, soo dat niet twijfele, oft als heeft

3479 754 2419 171 het gelt om my soo een lanck verachtert san te connen

3497 900 2353 184 voldoen soo est dat p desen ue come te vermaenen

3506 1041 2268 164 van noet langer uyt te stellen waer op vertrouwende

3488 1115 984 187 blijve na groetenisse

5107 1158 765 200 Ady 13 april 1732

3347 1256 948 207 Doudy le comte de tonelles

5634 1306 49 88 ƒ

3480 1364 2377 200 J'ay receu l'honneur de la vre du 9 courant d: joint une remise de wil

3487 1487 2393 189 cent trente deux florins argent courant di cy, les escus a 56 pattars

3478 1646 2410 168 tirez p mons: du Jiets a Lille le javril 1732 a sept jours de date

3490 1717 2205 218 sur le s: Jean Van delft dicy que j'ay presente a nier & j'en

3506 1837 2344 197 procureray en son tems le necessaire aprer les festes, pour son

3514 1960 2353 204 payement en son temps & ayant receu le valeur elle servira

3506 2073 2428 212 pour le remboursement des sept mil flerins capital argent courant

3498 2203 2353 211 qui m'est due en la rente a charge de mons: des jaunaux vre

3524 2331 2377 195 pere, & madame vre belle mere la comp. & les cent trente deux

3500 2454 2443 163 florins courant, pour les arrierages d'interest, jusquan remboursement

3504 2619 2414 173 vous me mandez une quitance passe pardevant notaire faisant

3517 2699 2329 209 mention d'avoir receu de vos propres deniers pour compte

3490 2806 2384 207 & au nom de mons: vre pere & madame vre belle mere ie dit

3505 2947 2373 190 remboursement avec une procuration en blanc, contenant

3502 3045 2416 211 pouvoir d'aller par devant les auditeurs du bailliage de lille

3515 3167 2353 215 pour y estre biffee. comme ie cranque, que ie ne pouvrois le

3492 3315 2423 187 faire en forme & maniere de lille, ie vous prie de m'envoyer

3513 3415 2423 217 un projeet comme vous le voudriez l'avoir, & le trouvant

3509 3545 2253 185 convenable ie vous envoyeras l'aite passe par devant

3526 3683 2133 223 nstarre, & en cette attente, j'ay lhonneur d'estre tres

3516 3848 489 124 sincerement
