8008 4665
771 186 1175 133 waerloos Mons. Michiel Coots

2135 180 1108 148 Antwerpen p april 1746

1004 280 510 181 Monsiaer

2869 374 151 117 naer

1043 445 2218 144 ice ben ten uijttersten verwwonder & dat allen ue

977 522 2269 114 gedaene beloften can over twee a drix maenden

974 584 2267 141 a mij ien eersten te commen oldoen, over

981 680 2257 116 de enschenen Crroisen : van de kente die

977 716 2294 132 feiven lasten ben heffende en pertgenaemen

979 785 2338 140 var  eers te huys vrjne Anna ma berhaegen

987 871 2288 118 tegens den penrucsk bestheen volgens dopsegginge

989 929 2210 131 meet de geresen coosten, noch geen betaeliige

979 1013 2272 127 becomiene hebbe t welckk erspecke ten eetts ten te

984 1077 2254 128 willen effectueren op dat gese mij niet genootsaeckt

982 1141 2273 129 inde ue onkosten aen te doen, stwelcke verhope

990 1213 2261 150 dat ue door de betaelinge sult erhoeden blijvende

2582 1382 124 85 20

764 1370 376 136 vlaems hoost

2195 1384 787 149 Antwerpen p april 1746

1064 1447 785 129 seer eersaemen pieter hooft

1147 1574 452 97 seer eersaemen

922 1504 97 235 be

1018 1638 2116 105 desen is dienende om ue le vermaenen van mij ten eersten te commen

989 1716 2219 174 voldoen soo over t jaer packte van de visseherije op de weelen dependent van

1001 1795 2184 170 mijne heerelijckheyt van swijndrecht verschenen twee mtwintich november

992 1845 2209 194 seventhien honeert vijfenveerlich als over vier jaeren verachterde beyjnden ue

1006 1911 2247 236 genoechsaem bekent beloopende siaerlijckx  vijterwijsicn sluyvers courant

1001 1971 2160 194 gelt te saemen sonder de boeten tleste jaer verschenen kersmisse seventhien

993 2042 2306 245 hondert vijfenveertich en in dese verwachtinge met den eersten blijve sineerelijck

746 2159 915 141 Melsell Mons: Joo Moenssens

2249 2175 738 166 Antwerpen 8april 1746

1096 2282 344 136 Monsieur

1000 2352 2270 188 Desen is dienende om ue to versoecken van aen Jan Backeljan te seggen vermils

1023 2472 2213 105 gehoort hebbe van buyten heden van alhier dat de twee gulden die sijgeven van sago

1019 2528 2188 83 binden voort duysent alleenelijck is voort binden en dat sij hem selver moeten

1005 2567 2178 119 ccappen en bij een slooven oft sleggen dat hij tselve voor mij soude connen doen

1000 2628 1751 85 soo haest als commer parveeloaer sal commen om te binden

2830 2650 329 76 mij b selve

998 2663 2196 134 belooft hadde to doen sonder foute, de vier daegen naer paesschen dat wil verhope

996 2714 2234 83 want het hoogh theydt is niet twijffelende oft hij sal bijn woort houden versoeckende

1007 2778 2176 58 ue als dan sorge les willen draegte voor het voeren en in meyte te selten op den

998 2802 2191 106 kost van pieter naes maer wele niet oft balhasar somer ts gaen planten naer

993 2881 2216 79 sevyndrecht vermits hij bj mij niet de naer geweest heeft dat mij seer verwondert

988 2905 2206 99 alsoo hij mij t'selve belooft hadde soude door hem aen de wercklieden doen seggen hebben

979 2984 2241 75 van den derden paesch dach smorgens om gelt te bommen dat ue hier belieft te seggen

1000 3034 2213 67 soo ue desen brief tijdelijck behandicht wort geloove d opgaende boomen oock ter selvers

999 3079 2237 81 theyt sullen moeten geshoeyt worden en gelieft eens te sien oft datter geen eijcke stroncken

1000 3134 2240 71 boomen Capbaer sijn op swijndreckt voor brandt houdt gelijck oock oft datter geen eycke

1016 3186 2173 78 segaende boomen en staen die mij soude cconnen dienstich sijn voor planchen aen

1016 3234 2309 62 mijne bruggen op de calseyde en bij aldien van neen soo versoecke ue van eens tinformeren

1000 3297 2269 86 oft datter geen te coopen sijn van die uijt gedaen sijn inde keye van dheeren van beurcht

990 3352 2247 47 Jan van lancher heeft mij commen spreecken over het lanott te hueren van calloir in

993 3390 2188 82 den gevalle hem nieuwen packt wilde geven bij den ouden voor ses jaeren waer op

1007 3447 2238 81 geseyt hebbe naer hem te moeten informeren en vermils hijie bar saeren pachter

985 3503 2309 87 is geweest van 21 gemeten landtaldaer van d'heeren van parys soo hebbe geirformeert

990 3569 2151 69 die seggen eenen sijnen pachter te sijn die wel betaelt soo dat wel tot hem soude

1002 3610 2262 85 connen resolveren mits wij met malhanderen over een commen van de conditien

991 3664 2206 79 want hij den saevel noodich tot restauratie van mijnen calseyde soude moeten

994 3713 2220 91 laeten bsschen sonder recompens gelijck oock van d'opgaende boomen te spreecken

987 3765 2219 89 en andere maecken van straeten graeve ende beyngen jaerelijckx aen den heere

973 3811 2251 103 van beurcht te betaelen en aen de hereke als oock alle lasten waer over ue personelijck

998 3863 2222 99 wel eens soude willen spreecken geloove mijne splantagie bj naer geeffectuert is en in

981 3913 2272 110 verwachtenie van ue hier te sien blijve sineerellijck haer mijne groetenisse aen ue

1010 3978 2220 115 vaeder en Moeder met het wenschen van een salich hoogh theydt van paesschen

1025 4002 626 95 oock aen ul met haest

792 4053 2185 135 Gand. Monsr. Coppens Jeng. d'eachenbrugghe Bndeiller Anvers le 12 avril 1745

1026 4148 825 133 Monsieur et tres chere frere

1002 4245 2324 98 comme je craigne que vous pourriez differer voire voiage pour anvers jusqu'au

990 4316 2349 65 revier de Mons. le periscounaire van Hessel de paris pour procesiter de sa compagee

974 4367 2347 81 sal lhonneur de vous donner part de son arrive a anvers nier eu soir en bonne sahe

3568 142 2382 163 aer encemade de mn rale je  omtre ause ullse, du voule dar d

3561 202 2365 130 pour le plus courte schemain et dans lattente de vous recevoir jei au plustoit

3563 275 2421 124 en compagne de Mons votre cher fils a qui ie fait mes complimens

3550 332 2417 119 roignant celles de mes filles qui vous assurent de leurs tres humbles respects t

3535 372 1575 137 je suis toujours avec beaucoup de zele et destime

3968 442 358 107 en e e e   t

3583 499 2318 88 comme le visites continuelles m'ont empesche hier de fermer ma lettre pour

3554 576 1937 118 lenvoier a la poste elle est restes yei jusqu'au jourd huy 13 ditto

4862 669 844 162 Anvers le 21 avril 1746

3407 690 1422 147 Melines a le Reverence Mere angele wtittonte

3547 794 1291 113 de la superieure au couvent des Religeuses

3551 846 1400 143 ursulines et de son nom natis norreme ribades

3648 911 1133 186 la ther honnoree. Reverende here

3575 1007 2371 209 sespere que celle que jar l'honneur de vous escrire vous trouvera en parfuile sanle

3560 1091 2403 176 mais vous seroit peux estre surprise du suyet estarit pour vous prier de vouloir mettre

3550 1148 2307 172 le liet chevet, et breillie de ma fille aisne, qui est chez vous, sn mains de Jacobus

3535 1224 2429 101 chartier d'ici pour malines pouleur de cette a quel sun elle m'at importunie extremen

3538 1281 2384 147 morct aians une ieictude mortelle sur ce qu'on luy at dit que que votre couvent est

3537 1346 2388 130 oblige a des logements militaire, et quelle craint qu'on pourroit sen servir pour cux

3537 1418 2400 117 ne maiant laisse en repos jusqua ces que je lui euss accorde de le faire feair ji je n'ai

3543 1457 2434 183 prise encor resolution, dans quelle louvent la mettre, par les contreteins arrive j avois

3519 1523 2385 166 en eivie de mettre mon aisne a barlaimont a bruxelles et ma caditte sous votre

3523 1601 2436 158 direction cette heste et avec tous ces contrelems surveniu je differerez ma resolution

3542 1654 2432 188 jauques apres ma lessive esperant que vous continuerez bien encor d'avoir la bonte

3535 1703 2393 213 de donner place a mes petits meubles intreseins pour voir comme le toute de reglera

3544 1786 2434 216 elle at eu beaucoup de contrelems a demeurer au bouvens dieu veuille nous donner

3534 1849 2393 188 une promle paix pour le bien publie et commune jespere que vous jouissez et la

3563 1941 2367 171 reverende here et toute la compmante d'une parfaite sante je vous auroit faites

3543 2010 2402 197 moi mesme mes remerciemens et a la Reverende here barohien comme ie fais

3531 2065 2455 205 par la presente de tous les soins que vous avez bien voulu prendre e elle pour ma

3535 2139 2267 162 fille aiune si je ne m'auroit trouve pendant six a sept mois dans un tres

3537 2200 2424 194 pitoiable estas par des chaleurs continuelles dans la bouche qui m'empescha de

3526 2261 2472 200 pouvoir manger et dornir et me sit amaigrir lerriblement et moeckipa toute la

3527 2301 2355 212 journee a repamer la bouche et toucher les chaleurs qui me sit peroite toute

3527 2374 2425 216 courage danbant quon ne trouva aucun remede malijre que javois prise bien six

3524 2440 2462 211 medelins et dincy a six cherusiens a cette fin et presentement toute est passez grace

3532 2502 2386 191 au seigneur ie nest que je me trouve a lordinaire incomode de la pourene mes

3543 2559 2357 210 silles se porte tres bien et vous assurant et la hevenende here les demoiselles

3534 2653 2341 165 Maitresses et Mere Joseph de leurs tres humbles Respects en faisant biens des

3558 2709 2355 188 complimens a toute la communant et permettez sil vous plaist que je sais

3550 2771 2446 222 pareillement en vous persuadant que on ne peut estre avec plus de sele et de

3537 2824 501 106 vencration que

3416 2921 898 175 hend. Jhon: B A f. Coodrpens

3553 3018 603 113 srg. de la Chapelles

4896 2977 654 165 Anvers le 5 maij 1746

3626 3086 875 135 Monsieur et tres cher seveu

3533 3163 2471 222 sai appris avec bien du plaisir par l'agreable votre du 30 du mois passe voire heureuse

3536 3265 2471 159 arrive en samte chez vous mais tres mortisie de voir par icelle la continnation de

3520 3312 2472 183 l'incomodite des goutes aux mains de Mons. volre here dont jespere bien toit le retublisse

3531 3369 2446 211 =ment enliere de moins ie le lui souhaite de tout mon ame mais le bon acccuis que no

3517 3427 2477 215 nous vous avons failes ju du meilleur loeur du monde et le peu de liverlissement que nous

3530 3488 2453 215 vous iy avons procurer ne merite pas l'atteralion et les remerciemens que vous m'en sailes

3523 3549 2447 240 et Mmons. volre Pere que je serai ravie de recevoir je aux vaiances dd'aoust en

5227 3641 147 61 moi

3523 3615 2481 253 voire compagnie ou plustost sil fut possible qui me procurerez le moien de lui connen

3518 3663 2473 267 des lemoigmages de l'amitie sincere que je sui conserverai oujours les frequentes logements

3521 3749 2297 209 dont vous me failes mention doivent vous donner un grand embaras et oecupation

3525 3804 2427 241 continuelles ie serai a voire requisition par occasion les complimens a utt la parentee

3525 3870 2458 241 comme jui desja commence aux denoiselles van hessel vos bousines mes filles, et moi vous

3515 3923 2487 311 sont bien oblige de lhonneur de vos souvenirs, voiant par celle que vous ne les avez

3504 3991 2372 287 pas elace entierement hors de votre memoire, comme lautre sois, vous priant

3497 4109 2517 268 d'agreer ji en eschange pareillement leurs complimens, et je juigne ier les miens pour

3530 4184 2354 221 monsr. votre pere que mes ditter filles assurent de leurs tres humbles respccts nous

3525 4273 2380 176 avons eu une seconde inconvenianee de notre cheval joncker dans aeurie le 2 dice

3513 4332 2377 135 mois au soir qui etois dans la mesme sunation que vous l'avez vee sur la rue
