8056 4658
2418 204 796 171 Adj 11 febru: 1742

1110 215 708 199 advocaet basikius

824 218 259 203 Rt

1006 312 2272 204 uk: dier aengename 9 deser, benevens het opgeselt ae vetisse

991 447 1823 196 de sake tegens hendrick heisers wel ontfanghne

993 530 2259 195 ingesloten de antwoordt op mjn request stes latte soot van

994 646 2176 204 bossche die seght bereedt te  geweest  hebben

987 748 2284 186 dan den iedt te doen daer ter contrara hij seyde, dat men

996 875 2218 198 hem daer dier betrecken soude presinteert e den selt

999 986 2216 139 te doen, geloove de lake daer mede gedaen sal sijn even

1001 1097 2192 204 wel hij sal mijn sosten moeten betalen, soo gelieft het

999 1183 2071 175 noodighe op die antwoort mij te laeten toecomen, het

976 1320 2227 218 schijndt datter factien sijn ven door dese twee te sien, oft

987 1421 2069 222 sij hm op diergelijcke n aniere van hunne beesten,

985 1468 2146 241 hoofden, oft panten souden connen ontmaken, & oft bj

1002 1603 2253 256 verplight sijn den eedt te doan, geloove niet dat ier dese

990 1756 2182 188 fasien geeijndight sijnde, in mijn faveur, andere niits

992 1893 1435 190 meet daer ontrent sullen moveven

993 1900 2190 241 daer is nu overleden op int vlaeems hoost suredictie

981 2054 2284 265 dan swijndricht zekerenN: tollenaer met mame die aldaer

1007 2171 2150 210 gewoont heef teele jaeren, ende riddent het officie

1006 2241 2220 239 van ontfangher van de provinciale rechten, soo van accys

993 2399 2239 184 impost & t mijnen groffiel maecht schripwel Jan het beste

989 2520 2263 187 hort in te voorderen voor en al ict ue advies hier ontrent

999 2636 2101 198 hebbende, alligerende dat hij ek moet don enonder

989 2731 2185 181 diest te wesen Jan de May waer om me uk: advies

978 2890 2260 169 hier ontrent mede versoecke, om mij naer advenant te

982 2978 2235 220 reguleren d'een en d'ander hier op verwaghtende, hebbe

990 3114 727 181 d'eere Van te syn

2390 3118 903 232 Ady 15 februrite

843 3248 914 176 endt advrcart batilius

1018 3312 2278 252 d'eere van ue: aengename wel ontfanghen denevins de repliqu

1001 3499 1236 163 in de bassa van loos van bossehe

2978 3526 182 112 nae

954 3546 2339 247 volgens ue advies hebbe mejn en schepenen gesonden vin het

997 3687 2244 198 vlanne hoot om af te haelen den gpant van den overleden

986 3801 2145 166 N: tolle naer gewesene ontfangher van de provinoiele

991 3928 2276 188 rechten, & is aen des selfs wedh of gevraeght den bester pant

992 4064 2185 217 de welcke refues ueft gedaen, & geweygert den paut te

1012 4214 2260 202 laeten volgen seggende vwor ul eer sulx te doe daer

3461 196 2442 177 tan paert te geven aen dheeren admodsecheer generak van

3460 312 2383 168 provinciale rechten waer van hij ontfancer by geweest ende

3454 402 2307 169 naeven raedt te consilteren. nt noaure een Clijn sakke

3479 511 2363 177 enige daghen respeyt te geven, dogh hier is te considereren

3454 627 2342 167 dat de brouwe is geweest een dochte Jan eene milstaiie

3468 717 2315 212 die niet haeve twee kinderen wel mochte opstallen naer

3456 846 2394 168 andere gewesten vermits den aflijvigen, geene datte pauden

3464 996 2423 163 in besit heeft geweest, nochte achte gelaten, als meubrlaire

3471 1109 367 180 iffeeten

3478 1143 2285 232 de drage of het niet geraden soude sijn, den betien pant

3452 1329 2319 201 feytelijck af te haelen tegens danck en wil, oft lut beter

3474 1430 2340 167 waere alle panden te grresteren ote beclagen breese sij

3479 1508 2363 239 requeste a iles te vergeefs sal weten, & dat sij ondertusschen

3473 1636 2324 220 alle de panden sal wegh me sien ue antwoort maet het

3469 1761 1777 229 noodige te gemoet siende blijve oprechtelijck

5125 1839 763 209 Adij 28 fbru:. 1712

3415 1925 863 179 indt advoraet basilius

3460 1975 2450 211 ue seer geettimeerde 16 deses wel ontfanghen  hebbe volgens ue advies

3435 2180 2350 158 den pant van H. tollenaer feytelijck doen ashaelendogh de

3450 2265 1476 179 vrouwe wedue heeft haer gesubmitteert

3446 2390 2444 173 ingesloten int ouplicque Jan Joos Van bossche benevens duu brief

3454 2485 1410 179 die den gresfier mij geschreven heeft

3480 2555 2450 216 ick vinda in den 6. erticle eenige swaerigheydt om dat seghe

3468 2707 2372 177 nmet gehouden was den sidt te doen aen eenige geomitteerde

3473 2826 2451 166 van den  ick hebbe vernomen, dat ont afvragen maer eenen

3460 2939 2427 165 schepenen is geweest, & men seght mij datter twee schepenen

3458 3063 2457 158 souden moeten bij geweest sijne soo sijnde soude die lake slaght

3450 3175 2446 177 connen uit vallen, den moyer was daer echter present, en hij

3456 3246 2426 214 neeft selfs in presentie van eenen schipenen en den greftier

3414 3399 2366 170 den bedt afgevraeght tot u maeright de lake jegens

3458 3470 2406 207 hendrick herssens is gesloten dogh ick geloove dat onder ue

3448 3602 2362 189 noch een ordgincel papier it benttende dsoo den mayer

3481 3720 2378 132 onderteeient welcke versoeckie over te senden als mede

3460 3834 2441 174 het noodige ontrent de saske van coos Jan bossche blijve

3462 3939 684 164 met del respeot

3450 3997 2424 188 l oft ue oordeelde de voorige stucken in de calie Jan lors van

3476 4142 2380 192 bossch noodigh te hebben om naer te reguleren, gelieve te laten

3472 4267 2363 158 weeter sal die van den procureur af vragen &uke boe senden
