7933 4651
974 211 2228 200 vous avez copie de sa reponse, qui ne me fait pas plaisir

962 320 2240 202 estant le lireiet de (cette & suis avec bien des compliments

926 419 2174 212 de mesine fait mon espouze qui at fait la premiere

962 529 2268 192 sortie apres avoir tenire le lit 6 semaines, dont elle est

954 677 1773 206 fort foible, estant avec offres de mes services

2478 770 712 224 Ady 5 febru. 1732

793 833 795 189 Rijsel de wed: Van Zeller

968 937 2222 225 le 3 courant vous fut me derniere avec avis, que vos trois lettres

912 1126 2283 149 de change estoient paye, J'ay commes un petit arreur, en vous

982 1203 2237 190 marquant la remise de 876:10 a 897 £325:0:8, il ne

971 1326 2193 183 doit estre que £325:- jutte ce quil vous plaira annoter

967 1417 1468 178 de conformmite, me referrant un reste

970 1509 2256 224 celle principalement pour vous envoyer cy joint une remise

953 1648 2280 206 de £660:- de change de date 4 court: a  de date sur mons:

971 1751 2287 217 franc. Louis Baut a Gand, que j'ay negotie au pair dont il

973 1852 2229 241 vous plaira me crediter on debite icy un banqueroet, qui

971 2019 2192 195 seroit a Lille, j'espere que vous ny este pas interesse, les

991 2118 2213 202 remises que ie vous fait sont si bon comme l'argent en

977 2227 1906 224 caisse, ie suis avec mes compliments ordinaires

2575 2312 608 258 Ady 8 febru

816 2413 940 198 missele Mocussens

965 2520 2007 230 geschreven over de denombrmentca als over

919 2602 2267 256 de beste hefden & om d chisten te ontfanghe

2604 2727 559 222 Ady 13 febru

826 2786 1005 208 Rijsel wed: theodor Van Zeller

996 2882 2236 178 J'ay receu l'honneur de la vre du 8 courant y joint trois lettres de change

975 3006 1916 220 a la charge de mons. van Colen, seig. de bouchont, scavoir

974 3135 901 143 une de . £250:-

984 3237 862 155 une de ..„ 200:-

999 3349 842 152 une de ..„ 150:-

1076 3386 2129 229 En semble £600:- dont ie procureray le requit & vous en

984 3497 2230 248 seray credite a vre compte, ie vous remetteray la valeur sur gand

968 3665 923 167 p la premier occasion.

989 3712 2279 244 puis que vous croiez que mons: desjaunaux n'est pas encor entieremte

996 3912 2274 122 informe, que vous avez aschette une partie de la rente a sa charge,

981 4037 2283 148 c'est a vous de luy envoyer une copie autents que du to ansporte

973 4146 2291 163 que mons chauvray vous at fait, pour moy ie ne peut luy envoyer

1000 4264 2270 165 jusqua present, qune copie aidtente que des lots que nous avons

3410 222 2437 133 fait, le partage n'estant pas encor fait p mons. Coppens n incline pas

3430 256 2386 196 pour faire cette partage, a ce qui me paroit, qu'oy que toute estoit

3431 389 2388 173 prest, a son dernier voiage, mons: pottier in a remis cette somme pour

3442 483 2288 162 compte de mons. desjaunaux sans me marquer que cestoit pour

3431 587 2439 179 linterest de la rente, & mons: desjaunaux ne me marque pas non

3443 697 2319 199 plus que cela servoit pour nous satisfaire l annee des interets

3438 815 2373 188 qu il nous doit, ainsi ie vous laisse juger, si ie peu faire la

3428 928 2340 204 dittribution, ie ne doute pas, que vous pouvez obliger mons.

3448 1045 2388 197 desjaunaux, vous faire payer vos interets de la rente a sa

3434 1156 1742 197 charge, a ce quil vous plaira faire attention

3439 1295 2422 182 J'ay este chez le marchand de velour qui me dit quil n'a presentement

3424 1409 2406 182 de velour, comme madame Crombien en at choisie mais quil en

3431 1512 2446 203 fera faire, a la belle saison, & qu'on prens pour un sacq qu'elque

3419 1615 2131 219 fois 20 „ 18 ou 17 a celon les personnes, & les vertugadins.

3441 1775 2322 172 il est bien que vous m'avez credite pour ma remise de £660:-

3420 1859 1348 217 de change fait p ma precedente

3443 2049 2378 103 bien des compliments 1:V:P: a madame Crombien de mesme a toute

3443 2121 2228 191 vre chere famile de mesme fait mon espouze a qui

3451 2247 2344 183 sommes comme a vre chere personne tres cincerement

3358 2380 1076 224 Rijsel wed: theodor Van Zeller

5149 2330 715 262 Ady 16 feb: 1732

3444 2508 2433 190 le 13 courant vous fut ma derniere a la quelle ie me refeore celle

3438 2681 2362 166 ne servira, que pour vous envoyer l'incluse remises de 600:

3448 2774 2284 210 de change payable a 10 jours de date sur  s. fran. Louis

3452 2877 2428 198 bout a Gand, negotie au pair, dont il vous plaira procurer

3454 3011 1553 227 requis de m'en crediter de conformite

3443 3155 2439 235 mons. meulenaer ne m a paye que ƒ10:14 de change pour

3453 3277 2420 232 le billiet de madame Crombien, disant, qu'on y devoit rabatre

3452 3439 2353 221 la provision, luy ayant donne quitance, pour la predite

3446 3549 1897 215 somme & credite vre compte pour £1:15:8 et

3442 3672 2358 229 ie vous prie de dire a mons. de la raiere, que j'ay paye les

3438 3813 1344 127 traittes sans autres avis scavoir

3468 3901 1383 188 £1001- p l'ordre de arnold biscop

3474 3985 2385 221 „ 265:14:4 et pour ƒ1860:- courant a l'ordre P:P. behagle

3467 4105 2334 194 „ 133:6:8 et pour ƒ800:- de change a l'ordre Jean B. Capon

3466 4272 2392 169 estant le suject de cette, & suis avec mes conqetements ordinaires

3451 4351 1103 94 & offres de mes services
