8104 4644
1017 238 1264 110 wel hebt willen bchulp saem wesen

1040 289 2098 153 voorders soude van ue noch wel een vrindtschap versoecken, tis te

1042 384 2150 197 noteren, dat dheer suyers caonirek van fto Jacobs kercke, alhier

1045 488 2080 183 met sijn broeder genvont heeft in de minte van sijne Map. in

1042 588 2176 187 welcke wooninge eenen hof was waer inne sij geplant hadden

1026 688 2149 211 over ettige jaeren eenigh spaens houdt twelck vervolgens hem

1027 815 2170 152 toebehoordt als hij verhuyst heeft is het spaen houdt blijven

988 921 2145 160 staen, niet wetense waer mede blijven, Nu bij mij, op mijn

1024 998 2173 231 speel hot buyten sijnde, siende, dat ick eenigh spaens houdt van

1022 1109 2165 243 hooghde, gelijck het selve is, noodigh hadde heeft mij het selve

1010 1236 2206 210 gepresenteert & opgedragen, waer op bij den heere vander ka

1016 1357 2224 225 waeresjn geweest ben, om hem te vragen, bant selve wegh te

1025 1495 2190 186 haelen die mij seyde, dat sulx met plaisir soude toe staenn maer

1001 1570 2207 206 dat de sueren van sijne mai reken camer hebben doen maken

1012 1650 2222 195 eenen inventaris vant gene in de miente was, & dat het selve

1023 1788 2200 168 spaens houdt oock soude opgenomen sijn, & dat hij vervolgens

1029 1898 2229 196 het selve niet magh laten volgen, soude ue seer terplickt sijn

1023 1995 2181 224 pagevalle uke permissie sonde beomen, om het selve aen den

1028 2125 2127 176 eijgenaer oft an mij te laten volgen, tisechter van geenie

1023 2226 2149 205 weirde woort niet onderhouden, soo dat het op weijngen nivers

1027 2381 2140 166 meer dienstigh soude connen wesen, & het can mij maer dienen

1029 2444 2189 206 om een stadc haegh te vullen, dat uyt gestorven is. den heere

1021 2563 2123 235 rasquin soude son wijlen daer onttent comen schulp saem,

1015 2680 2163 215 wesen excuseert dese libertijdt, & versoecke can lettersien tot

1024 2754 2216 276 antwoordt van my vervolgens te reguleren blijve oprechtelijck

2546 2902 636 199 Adij 18 gur 1737

870 2949 833 184 Turnhoudt Will: samen

1047 3086 2200 179 iue aengename van 31 pass & van gisteren wel ontfanghen et de

1037 3196 1476 188 eersien advies dat op mij getrocken hadde

1048 3285 1664 226 ƒ600: - wissel gelde ordre Johan lutteringhuyten

1016 3407 1312 195 ƒ600:-ƒ: abram luttringhuysen

1011 3558 2291 178 N1200:- welcke betaelt lijcn us can voorders van het restant ock

1027 3661 2252 165 disponen met den laesten een mandisien met wost waer voorm

1033 3785 2245 209 j hertelijck bedancke, & hier nevens het ledigh mandchen tenigge

1041 3901 1568 208 met 3 tijckk sacken blijve naer groetenisse

5192 137 697 213 22

3402 200 531 163 Brussel ƒ:S: Bery

3472 301 1143 153 officiael van sijne mait. rekecamer

3466 382 776 175 voonende bij het siof

3451 408 2448 223 preferrere mij aen mijnen laetten, dan 16 deser sedert shadde in afwaght

3471 570 2436 182 inge geweest van een leverse en antwoordt to het versoeck bij den selven

3460 679 2434 172 gedaen, & vermits niets van ue: verneme, doedt mij vermoeden al te veele

3434 819 2480 154 moeijelijck heden te rescontreren sijn, dershalven gelieft daer ontrent geene

3461 922 968 139 voordere devoiren te doen

3469 1024 2377 116 brengher deser bedienende de plaetse van den bode forverr sal aen ue

3460 1119 2444 188 betalen seventhien guldens & thien stuyvers voor ul verschot & devoiren

3459 1228 2448 199 voor ons gedaen, aen wien, versoecke het resteninghtie niet quitanties

3458 1362 2441 116 als p myte voordgen vermelt d ter kant te stellen genevens de geantentie.

3465 1478 2408 139 queerde veseeninge door ens aen sijne mass. nke samer gedaen, twelcke

3444 1561 2475 166 afwaghtende blijve met danck baerheydt door alte ue gedaene diensten

4208 1689 1182 160 etme morne Boor mons: Corvers

3473 1820 2399 186 van den brief geaddressent franco aen dh. L:D: Bery officiael Van sijne

3459 1919 2226 186 may res: camer, woonende by het nof tot brussel de bestellen

4305 2033 229 128 Ende

3443 2161 2458 155 ten den selven heere te betalen sevent hier guldens & thien stuyvers courant

3450 2226 1407 182 gelt, mits intreckende daer van quitantie

4298 2339 228 138 Ende

3439 2421 2494 185 de reskeniege door theeren van burcht, & swijnd recht aen sijne may. reke a

3439 2518 2413 207 camer gedaen van den selven heere af te vraghen, ende mede naer entw

3431 2619 456 193 te Brnghele

4233 2643 257 143 Ports

3443 2785 1974 129 twee quitantien tot latte de stadt brussel te weeten

3648 2878 693 160 eene vun ƒ282

3905 2974 580 163 „34:4

3641 3002 128 131 d

3985 3085 1205 202 ƒ 67:4¾ te doen ontfanghen

5213 3127 612 238 Adij 2 xbr 1737

3382 3198 472 192 udt Coppens

3455 3355 2460 182 in gevolge ick seer geelt raeerde van 28 pass sende aen ue de procuratie

3444 3433 2374 214 ven mane Boon volgens ue gesondene project & subte aen de selve

3457 3575 2448 189 oock betaelt ul geordonneerde ses ponden courant gelt op rek van

3462 3660 1543 151 heeer of deel, volgens gegevene quitantie

3434 3789 2467 192 de siedhte van mijn lierste belet mij den tijdt van voordert val be

3440 3900 2417 178 schrijven sij is gisteren voor de tweede tijse ider gelaten, waer bij

3457 4046 2485 191 eenigh so laes op haer borste creegh, dogh desen naght is sij weder

3443 4137 2439 237 grgnt eworden, & silaght sen de borste, het gehall luyt is en vrep
