<?xml version="1.0" encoding="UTF-8"?>
<alto xmlns:xsi="http://www.w3.org/2001/XMLSchema-instance"
      xmlns="http://www.loc.gov/standards/alto/ns-v4#"
      xmlns:page="http://schema.primaresearch.org/PAGE/gts/pagecontent/2013-07-15"
      xsi:schemaLocation="http://www.loc.gov/standards/alto/ns-v4# https://www.loc.gov/standards/alto/v4/alto.xsd">
   <Description>
      <MeasurementUnit>pixel</MeasurementUnit>
      <OCRProcessing ID="IdOcr">
         <ocrProcessingStep>
            <processingDateTime>2022-02-11T21:46:19.574+01:00</processingDateTime>
            <processingSoftware>
               <softwareCreator>READ COOP</softwareCreator>
               <softwareName>Transkribus</softwareName>
            </processingSoftware>
         </ocrProcessingStep>
      </OCRProcessing>
   </Description>
   <Layout>
      <Page ID="Page1" PHYSICAL_IMG_NR="1" HEIGHT="4685" WIDTH="7817">
         <TopMargin HEIGHT="0" WIDTH="7817" VPOS="0" HPOS="0"/>
         <LeftMargin HEIGHT="4685" WIDTH="0" VPOS="0" HPOS="0"/>
         <RightMargin HEIGHT="4685" WIDTH="0" VPOS="0" HPOS="7817"/>
         <BottomMargin HEIGHT="0" WIDTH="7817" VPOS="4685" HPOS="0"/>
         <PrintSpace HEIGHT="4685" WIDTH="7817" VPOS="0" HPOS="0">
            <TextBlock ID="region_1644584474138_1975"
                       HEIGHT="4291"
                       WIDTH="2600"
                       VPOS="179"
                       HPOS="662">
               <Shape>
                  <Polygon POINTS="662,179 3262,179 3262,4470 662,4470"/>
               </Shape>
               <TextLine ID="region_1644584474138_1975l1"
                         BASELINE="934,316 1050,319 1166,322 1282,324 1398,324 1515,324 1631,322 1747,320 1863,317 1979,314 2096,311 2212,308 2328,305 2444,302 2560,299 2677,296 2793,294 2909,294 3025,294 3141,295 3258,298"
                         HEIGHT="181"
                         WIDTH="2357"
                         VPOS="214"
                         HPOS="916">
                  <String ID="string_region_1644584474138_1975l1"
                          HEIGHT="181"
                          WIDTH="2357"
                          VPOS="214"
                          HPOS="916"
                          CONTENT="rechet une maison, pour logement si mis pou vous estre si heurenc"/>
               </TextLine>
               <TextLine ID="region_1644584474138_1975l2"
                         BASELINE="890,414 1005,418 1120,421 1235,423 1350,424 1466,424 1581,424 1696,422 1811,420 1926,417 2042,414 2157,410 2272,408 2387,404 2502,400 2618,398 2733,394 2848,392 2963,390 3078,388 3194,388"
                         HEIGHT="160"
                         WIDTH="2338"
                         VPOS="311"
                         HPOS="872">
                  <String ID="string_region_1644584474138_1975l2"
                          HEIGHT="160"
                          WIDTH="2338"
                          VPOS="311"
                          HPOS="872"
                          CONTENT="de vous voire icy, avec toute vre chere famile du moins, si vre"/>
               </TextLine>
               <TextLine ID="region_1644584474138_1975l3"
                         BASELINE="934,514 1050,520 1166,523 1282,525 1398,526 1514,526 1630,526 1746,524 1862,522 1978,518 2094,514 2210,511 2326,507 2442,504 2558,500 2674,496 2790,493 2906,490 3022,488 3138,488 3254,486"
                         HEIGHT="162"
                         WIDTH="2353"
                         VPOS="384"
                         HPOS="918">
                  <String ID="string_region_1644584474138_1975l3"
                          HEIGHT="162"
                          WIDTH="2353"
                          VPOS="384"
                          HPOS="918"
                          CONTENT="age ne permet point de voiager nous esperdus que les nouveaux"/>
               </TextLine>
               <TextLine ID="region_1644584474138_1975l4"
                         BASELINE="934,624 1049,626 1164,628 1279,628 1394,630 1509,628 1624,628 1739,626 1854,624 1969,622 2084,620 2199,616 2314,613 2429,610 2544,606 2659,603 2774,600 2889,596 3004,592 3119,588 3234,586"
                         HEIGHT="166"
                         WIDTH="2332"
                         VPOS="490"
                         HPOS="917">
                  <String ID="string_region_1644584474138_1975l4"
                          HEIGHT="166"
                          WIDTH="2332"
                          VPOS="490"
                          HPOS="917"
                          CONTENT="quarices nous ferons l'honeur de nous venir voir en prenant"/>
               </TextLine>
               <TextLine ID="region_1644584474138_1975l5"
                         BASELINE="934,728 1048,731 1163,733 1277,734 1392,734 1507,734 1621,734 1736,733 1850,732 1965,730 2080,726 2194,724 2309,721 2423,718 2538,714 2653,710 2767,707 2882,702 2996,700 3111,696 3226,692"
                         HEIGHT="180"
                         WIDTH="2322"
                         VPOS="620"
                         HPOS="918">
                  <String ID="string_region_1644584474138_1975l5"
                          HEIGHT="180"
                          WIDTH="2322"
                          VPOS="620"
                          HPOS="918"
                          CONTENT="leur logement estez nous avec toute leur comp. l'estee prochain"/>
               </TextLine>
               <TextLine ID="region_1644584474138_1975l6"
                         BASELINE="928,844 1044,846 1160,846 1276,848 1392,846 1508,846 1624,844 1740,842 1856,840 1972,837 2089,834 2205,830 2321,827 2437,824 2553,820 2669,816 2785,814 2901,810 3017,808 3133,806 3250,804"
                         HEIGHT="234"
                         WIDTH="2356"
                         VPOS="696"
                         HPOS="910">
                  <String ID="string_region_1644584474138_1975l6"
                          HEIGHT="234"
                          WIDTH="2356"
                          VPOS="696"
                          HPOS="910"
                          CONTENT="p vre seconde lettre ie vois, que vous avez trouve le compte court:"/>
               </TextLine>
               <TextLine ID="region_1644584474138_1975l7"
                         BASELINE="930,954 1046,956 1162,957 1279,958 1395,957 1512,956 1628,954 1744,953 1861,950 1977,948 2094,946 2210,943 2326,940 2443,936 2559,934 2676,930 2792,928 2908,926 3025,924 3141,922 3258,920"
                         HEIGHT="210"
                         WIDTH="2359"
                         VPOS="817"
                         HPOS="914">
                  <String ID="string_region_1644584474138_1975l7"
                          HEIGHT="210"
                          WIDTH="2359"
                          VPOS="817"
                          HPOS="914"
                          CONTENT="juste, &amp; que vous avez annotte le tout de conformite, ce qui est bien"/>
               </TextLine>
               <TextLine ID="region_1644584474138_1975l8"
                         BASELINE="898,1066 1013,1067 1129,1068 1244,1068 1360,1066 1475,1066 1591,1064 1706,1062 1822,1060 1937,1056 2053,1054 2168,1050 2284,1048 2399,1044 2515,1040 2630,1036 2746,1032 2861,1029 2977,1025 3092,1022 3208,1018"
                         HEIGHT="207"
                         WIDTH="2343"
                         VPOS="924"
                         HPOS="880">
                  <String ID="string_region_1644584474138_1975l8"
                          HEIGHT="207"
                          WIDTH="2343"
                          VPOS="924"
                          HPOS="880"
                          CONTENT="nous avons aussij annote les 20 pattars, que vous aviez paye au "/>
               </TextLine>
               <TextLine ID="region_1644584474138_1975l9"
                         BASELINE="924,1188 1036,1188 1149,1188 1262,1186 1374,1184 1487,1182 1600,1179 1712,1176 1825,1173 1938,1170 2051,1166 2163,1162 2276,1158 2389,1154 2501,1150 2614,1146 2727,1142 2839,1139 2952,1135 3065,1132 3178,1130"
                         HEIGHT="215"
                         WIDTH="2287"
                         VPOS="1045"
                         HPOS="906">
                  <String ID="string_region_1644584474138_1975l9"
                          HEIGHT="215"
                          WIDTH="2287"
                          VPOS="1045"
                          HPOS="906"
                          CONTENT="plonne pour avoir soudce une goutiere, dans la maison que "/>
               </TextLine>
               <TextLine ID="region_1644584474138_1975l10"
                         BASELINE="942,1296 1049,1296 1157,1296 1265,1296 1373,1294 1481,1294 1588,1292 1696,1290 1804,1288 1912,1286 2020,1283 2127,1280 2235,1276 2343,1272 2451,1268 2559,1264 2666,1260 2774,1254 2882,1249 2990,1245 3098,1238"
                         HEIGHT="225"
                         WIDTH="2189"
                         VPOS="1162"
                         HPOS="925">
                  <String ID="string_region_1644584474138_1975l10"
                          HEIGHT="225"
                          WIDTH="2189"
                          VPOS="1162"
                          HPOS="925"
                          CONTENT="mons pour ville avoit occupe, &amp; ce qui regarde les termiers"/>
               </TextLine>
               <TextLine ID="region_1644584474138_1975l11"
                         BASELINE="920,1416 1036,1416 1153,1416 1269,1416 1386,1414 1503,1412 1619,1410 1736,1408 1852,1406 1969,1402 2086,1398 2202,1394 2319,1390 2435,1385 2552,1380 2669,1374 2785,1369 2902,1363 3018,1356 3135,1350 3252,1342"
                         HEIGHT="258"
                         WIDTH="2365"
                         VPOS="1229"
                         HPOS="904">
                  <String ID="string_region_1644584474138_1975l11"
                          HEIGHT="258"
                          WIDTH="2365"
                          VPOS="1229"
                          HPOS="904"
                          CONTENT="jespere quil payeront le reste de la depouille de lanne 179 un"/>
               </TextLine>
               <TextLine ID="region_1644584474138_1975l12"
                         BASELINE="922,1530 1034,1531 1147,1532 1259,1532 1372,1530 1484,1528 1597,1526 1709,1524 1822,1520 1934,1516 2047,1513 2159,1508 2272,1503 2384,1498 2497,1493 2609,1488 2722,1482 2834,1478 2947,1472 3059,1466 3172,1462"
                         HEIGHT="229"
                         WIDTH="2283"
                         VPOS="1382"
                         HPOS="905">
                  <String ID="string_region_1644584474138_1975l12"
                          HEIGHT="229"
                          WIDTH="2283"
                          VPOS="1382"
                          HPOS="905"
                          CONTENT="peu, il n'est pas necessaire de nous fain remises sinon, que "/>
               </TextLine>
               <TextLine ID="region_1644584474138_1975l13"
                         BASELINE="936,1640 1047,1642 1158,1642 1269,1642 1381,1642 1492,1640 1603,1637 1715,1634 1826,1630 1937,1626 2049,1621 2160,1616 2271,1612 2382,1607 2494,1602 2605,1598 2716,1593 2828,1588 2939,1584 3050,1582 3162,1578"
                         HEIGHT="220"
                         WIDTH="2257"
                         VPOS="1466"
                         HPOS="920">
                  <String ID="string_region_1644584474138_1975l13"
                          HEIGHT="220"
                          WIDTH="2257"
                          VPOS="1466"
                          HPOS="920"
                          CONTENT="mons: Coppens le demanderoit &amp; en ce cas ie vous prie de"/>
               </TextLine>
               <TextLine ID="region_1644584474138_1975l14"
                         BASELINE="904,1746 1014,1746 1125,1748 1236,1746 1347,1746 1458,1744 1568,1742 1679,1740 1790,1737 1901,1733 2012,1730 2122,1726 2233,1722 2344,1718 2455,1714 2566,1708 2676,1705 2787,1700 2898,1696 3009,1690 3120,1688"
                         HEIGHT="202"
                         WIDTH="2252"
                         VPOS="1619"
                         HPOS="883">
                  <String ID="string_region_1644584474138_1975l14"
                          HEIGHT="202"
                          WIDTH="2252"
                          VPOS="1619"
                          HPOS="883"
                          CONTENT="debiter le compte de la maison mortiaire pour la somme"/>
               </TextLine>
               <TextLine ID="region_1644584474138_1975l15"
                         BASELINE="930,1852 1045,1852 1161,1852 1276,1852 1392,1850 1508,1848 1623,1845 1739,1842 1854,1838 1970,1835 2086,1831 2201,1826 2317,1822 2432,1818 2548,1814 2664,1810 2779,1806 2895,1802 3010,1798 3126,1796 3242,1792"
                         HEIGHT="206"
                         WIDTH="2342"
                         VPOS="1739"
                         HPOS="913">
                  <String ID="string_region_1644584474138_1975l15"
                          HEIGHT="206"
                          WIDTH="2342"
                          VPOS="1739"
                          HPOS="913"
                          CONTENT="que fen mons: de suyndrecht vous est rederable estant £72:12:"/>
               </TextLine>
               <TextLine ID="region_1644584474138_1975l16"
                         BASELINE="930,1966 1046,1964 1162,1962 1278,1960 1394,1958 1510,1954 1626,1950 1742,1948 1858,1944 1974,1940 2090,1936 2206,1932 2322,1928 2438,1924 2554,1920 2670,1916 2786,1912 2902,1908 3018,1904 3134,1902 3250,1898"
                         HEIGHT="172"
                         WIDTH="2349"
                         VPOS="1841"
                         HPOS="915">
                  <String ID="string_region_1644584474138_1975l16"
                          HEIGHT="172"
                          WIDTH="2349"
                          VPOS="1841"
                          HPOS="915"
                          CONTENT="de change dicy, il me seumble, quil seroit mien d'attendre de"/>
               </TextLine>
               <TextLine ID="region_1644584474138_1975l17"
                         BASELINE="930,2070 1044,2069 1158,2068 1273,2066 1387,2064 1502,2060 1616,2058 1730,2054 1845,2052 1959,2048 2074,2044 2188,2042 2302,2038 2417,2034 2531,2030 2646,2028 2760,2024 2874,2022 2989,2020 3103,2018 3218,2016"
                         HEIGHT="197"
                         WIDTH="2320"
                         VPOS="1916"
                         HPOS="913">
                  <String ID="string_region_1644584474138_1975l17"
                          HEIGHT="197"
                          WIDTH="2320"
                          VPOS="1916"
                          HPOS="913"
                          CONTENT="pour remettre, a cause que les remises ne seront pas de grosse"/>
               </TextLine>
               <TextLine ID="region_1644584474138_1975l18"
                         BASELINE="924,2180 1032,2180 1141,2182 1249,2182 1358,2182 1466,2180 1575,2179 1683,2177 1792,2174 1900,2172 2009,2170 2117,2166 2226,2162 2334,2159 2443,2154 2551,2150 2660,2146 2768,2142 2877,2138 2985,2134 3094,2128"
                         HEIGHT="236"
                         WIDTH="2204"
                         VPOS="2030"
                         HPOS="908">
                  <String ID="string_region_1644584474138_1975l18"
                          HEIGHT="236"
                          WIDTH="2204"
                          VPOS="2030"
                          HPOS="908"
                          CONTENT="lansequence cependant ie me refene a tait ce que vous"/>
               </TextLine>
               <TextLine ID="region_1644584474138_1975l19"
                         BASELINE="944,2296 1058,2298 1172,2298 1286,2298 1401,2296 1515,2296 1629,2293 1744,2290 1858,2288 1972,2284 2087,2280 2201,2277 2315,2272 2429,2268 2544,2265 2658,2260 2772,2256 2887,2252 3001,2247 3115,2244 3230,2240"
                         HEIGHT="214"
                         WIDTH="2321"
                         VPOS="2154"
                         HPOS="925">
                  <String ID="string_region_1644584474138_1975l19"
                          HEIGHT="214"
                          WIDTH="2321"
                          VPOS="2154"
                          HPOS="925"
                          CONTENT="trouveray a propos sayez bien persuade, que nous tenons ban "/>
               </TextLine>
               <TextLine ID="region_1644584474138_1975l20"
                         BASELINE="956,2408 986,2408 1016,2408 1046,2408 1076,2408 1107,2406 1137,2406 1167,2404 1197,2404 1227,2403 1258,2402 1288,2400 1318,2400 1348,2400 1378,2398 1409,2398 1439,2398 1469,2399 1499,2400 1529,2400 1560,2402"
                         HEIGHT="147"
                         WIDTH="638"
                         VPOS="2303"
                         HPOS="939">
                  <String ID="string_region_1644584474138_1975l20"
                          HEIGHT="147"
                          WIDTH="638"
                          VPOS="2303"
                          HPOS="939"
                          CONTENT="notice de tout."/>
               </TextLine>
               <TextLine ID="region_1644584474138_1975l21"
                         BASELINE="942,2510 1057,2510 1172,2508 1287,2506 1402,2505 1517,2502 1632,2500 1747,2498 1862,2496 1977,2492 2092,2490 2207,2486 2322,2484 2437,2480 2552,2477 2667,2474 2782,2472 2897,2468 3012,2466 3127,2464 3242,2462"
                         HEIGHT="189"
                         WIDTH="2331"
                         VPOS="2368"
                         HPOS="926">
                  <String ID="string_region_1644584474138_1975l21"
                          HEIGHT="189"
                          WIDTH="2331"
                          VPOS="2368"
                          HPOS="926"
                          CONTENT="les estats de brabant vous lever une somme de sept nulion des florins, po"/>
               </TextLine>
               <TextLine ID="region_1644584474138_1975l22"
                         BASELINE="950,2614 1065,2616 1180,2616 1295,2616 1410,2614 1525,2614 1640,2612 1755,2610 1870,2608 1985,2606 2100,2602 2215,2600 2330,2596 2445,2594 2560,2590 2675,2587 2790,2584 2905,2582 3020,2578 3135,2576 3250,2574"
                         HEIGHT="131"
                         WIDTH="2329"
                         VPOS="2520"
                         HPOS="935">
                  <String ID="string_region_1644584474138_1975l22"
                          HEIGHT="131"
                          WIDTH="2329"
                          VPOS="2520"
                          HPOS="935"
                          CONTENT="rembourser les estats dhollande, que nre empereur leurs est devable "/>
               </TextLine>
               <TextLine ID="region_1644584474138_1975l23"
                         BASELINE="922,2722 1038,2722 1155,2724 1272,2724 1388,2724 1505,2722 1622,2720 1738,2720 1855,2718 1972,2715 2089,2712 2205,2710 2322,2706 2439,2704 2555,2700 2672,2697 2789,2694 2905,2691 3022,2688 3139,2686 3256,2684"
                         HEIGHT="179"
                         WIDTH="2368"
                         VPOS="2599"
                         HPOS="905">
                  <String ID="string_region_1644584474138_1975l23"
                          HEIGHT="179"
                          WIDTH="2368"
                          VPOS="2599"
                          HPOS="905"
                          CONTENT="&amp; la mayeste, donne au dits estats les droits d'eutre &amp; sortie des marchandises "/>
               </TextLine>
               <TextLine ID="region_1644584474138_1975l24"
                         BASELINE="954,2824 1064,2826 1174,2828 1284,2830 1394,2830 1504,2830 1614,2830 1724,2830 1834,2828 1944,2828 2054,2826 2164,2824 2274,2822 2384,2818 2494,2816 2604,2812 2714,2810 2824,2806 2934,2803 3044,2800 3154,2796"
                         HEIGHT="212"
                         WIDTH="2233"
                         VPOS="2701"
                         HPOS="937">
                  <String ID="string_region_1644584474138_1975l24"
                          HEIGHT="212"
                          WIDTH="2233"
                          VPOS="2701"
                          HPOS="937"
                          CONTENT="pour upoteque l'interest a 3½  peut estre t pour cent, le "/>
               </TextLine>
               <TextLine ID="region_1644584474138_1975l25"
                         BASELINE="930,2932 1045,2936 1161,2938 1277,2938 1393,2940 1509,2940 1624,2940 1740,2940 1856,2938 1972,2936 2088,2934 2203,2932 2319,2930 2435,2928 2551,2924 2667,2921 2782,2918 2898,2914 3014,2910 3130,2906 3246,2902"
                         HEIGHT="206"
                         WIDTH="2348"
                         VPOS="2813"
                         HPOS="913">
                  <String ID="string_region_1644584474138_1975l25"
                          HEIGHT="206"
                          WIDTH="2348"
                          VPOS="2813"
                          HPOS="913"
                          CONTENT="pepitael de change &amp; l'interess courant les habtants du pays auron"/>
               </TextLine>
               <TextLine ID="region_1644584474138_1975l26"
                         BASELINE="934,3038 1049,3042 1164,3046 1279,3048 1394,3050 1510,3050 1625,3050 1740,3048 1855,3048 1970,3046 2086,3044 2201,3040 2316,3038 2431,3036 2546,3032 2662,3030 2777,3026 2892,3024 3007,3022 3122,3019 3238,3018"
                         HEIGHT="208"
                         WIDTH="2334"
                         VPOS="2923"
                         HPOS="919">
                  <String ID="string_region_1644584474138_1975l26"
                          HEIGHT="208"
                          WIDTH="2334"
                          VPOS="2923"
                          HPOS="919"
                          CONTENT="la preference, &amp; d la somme ne seroit pas complete les ctranges "/>
               </TextLine>
               <TextLine ID="region_1644584474138_1975l27"
                         BASELINE="970,3152 1084,3152 1198,3154 1312,3154 1426,3156 1541,3156 1655,3156 1769,3156 1883,3156 1997,3154 2112,3154 2226,3152 2340,3150 2454,3148 2568,3145 2683,3142 2797,3138 2911,3133 3025,3128 3139,3120 3254,3114"
                         HEIGHT="194"
                         WIDTH="2316"
                         VPOS="3038"
                         HPOS="953">
                  <String ID="string_region_1644584474138_1975l27"
                          HEIGHT="194"
                          WIDTH="2316"
                          VPOS="3038"
                          HPOS="953"
                          CONTENT="pourtont sy iuteresse, &amp; ils seront francq des confiscations, celon"/>
               </TextLine>
               <TextLine ID="region_1644584474138_1975l28"
                         BASELINE="936,3266 1051,3266 1167,3265 1283,3264 1399,3264 1515,3264 1631,3264 1747,3264 1863,3264 1979,3264 2095,3264 2210,3262 2326,3261 2442,3260 2558,3258 2674,3254 2790,3251 2906,3246 3022,3242 3138,3236 3254,3230"
                         HEIGHT="176"
                         WIDTH="2349"
                         VPOS="3132"
                         HPOS="920">
                  <String ID="string_region_1644584474138_1975l28"
                          HEIGHT="176"
                          WIDTH="2349"
                          VPOS="3132"
                          HPOS="920"
                          CONTENT="soetroye donne e la ditte ma. nos messieurs du sermenty travais "/>
               </TextLine>
               <TextLine ID="region_1644584474138_1975l29"
                         BASELINE="948,3372 1062,3372 1176,3372 1290,3372 1404,3372 1518,3372 1632,3374 1746,3374 1860,3374 1974,3374 2089,3374 2203,3373 2317,3372 2431,3370 2545,3368 2659,3364 2773,3360 2887,3353 3001,3346 3115,3338 3230,3328"
                         HEIGHT="184"
                         WIDTH="2315"
                         VPOS="3266"
                         HPOS="932">
                  <String ID="string_region_1644584474138_1975l29"
                          HEIGHT="184"
                          WIDTH="2315"
                          VPOS="3266"
                          HPOS="932"
                          CONTENT="pour examiner le tout, pour y donner leur consentement mes deux"/>
               </TextLine>
               <TextLine ID="region_1644584474138_1975l30"
                         BASELINE="928,3484 1037,3482 1146,3482 1255,3482 1365,3482 1474,3482 1583,3484 1693,3484 1802,3484 1911,3484 2021,3484 2130,3484 2239,3483 2348,3482 2458,3478 2567,3476 2676,3472 2786,3466 2895,3460 3004,3452 3114,3442"
                         HEIGHT="181"
                         WIDTH="2219"
                         VPOS="3379"
                         HPOS="911">
                  <String ID="string_region_1644584474138_1975l30"
                          HEIGHT="181"
                          WIDTH="2219"
                          VPOS="3379"
                          HPOS="911"
                          CONTENT="freres &amp; moy nous avons resohie dy mettre cent mille florins"/>
               </TextLine>
               <TextLine ID="region_1644584474138_1975l31"
                         BASELINE="944,3588 1059,3590 1174,3592 1289,3593 1404,3594 1520,3596 1635,3598 1750,3598 1865,3598 1980,3598 2096,3598 2211,3596 2326,3594 2441,3590 2556,3586 2672,3581 2787,3576 2902,3568 3017,3560 3132,3551 3248,3540"
                         HEIGHT="204"
                         WIDTH="2337"
                         VPOS="3482"
                         HPOS="928">
                  <String ID="string_region_1644584474138_1975l31"
                          HEIGHT="204"
                          WIDTH="2337"
                          VPOS="3482"
                          HPOS="928"
                          CONTENT="&amp; comme vous m'avez mande passe quelque tems, sil ny a point"/>
               </TextLine>
               <TextLine ID="region_1644584474138_1975l32"
                         BASELINE="966,3690 1077,3696 1189,3700 1301,3703 1413,3706 1525,3708 1637,3710 1749,3710 1861,3711 1973,3710 2085,3708 2196,3706 2308,3704 2420,3700 2532,3695 2644,3689 2756,3682 2868,3675 2980,3667 3092,3658 3204,3648"
                         HEIGHT="209"
                         WIDTH="2270"
                         VPOS="3577"
                         HPOS="950">
                  <String ID="string_region_1644584474138_1975l32"
                          HEIGHT="209"
                          WIDTH="2270"
                          VPOS="3577"
                          HPOS="950"
                          CONTENT="a faire quelque emploie icy, j'ay trouve a propos de vous en"/>
               </TextLine>
               <TextLine ID="region_1644584474138_1975l33"
                         BASELINE="966,3806 1013,3806 1061,3808 1108,3808 1156,3810 1204,3810 1251,3810 1299,3812 1346,3812 1394,3814 1442,3814 1489,3814 1537,3816 1584,3816 1632,3816 1680,3816 1727,3816 1775,3816 1822,3816 1870,3816 1918,3816"
                         HEIGHT="177"
                         WIDTH="983"
                         VPOS="3714"
                         HPOS="951">
                  <String ID="string_region_1644584474138_1975l33"
                          HEIGHT="177"
                          WIDTH="983"
                          VPOS="3714"
                          HPOS="951"
                          CONTENT="in former, de cette affaire,"/>
               </TextLine>
               <TextLine ID="region_1644584474138_1975l34"
                         BASELINE="960,3914 1074,3914 1189,3915 1304,3916 1419,3916 1534,3916 1648,3914 1763,3914 1878,3912 1993,3912 2108,3909 2222,3906 2337,3903 2452,3899 2567,3892 2682,3887 2796,3880 2911,3872 3026,3862 3141,3851 3256,3840"
                         HEIGHT="157"
                         WIDTH="2329"
                         VPOS="3796"
                         HPOS="943">
                  <String ID="string_region_1644584474138_1975l34"
                          HEIGHT="157"
                          WIDTH="2329"
                          VPOS="3796"
                          HPOS="943"
                          CONTENT="outre il y a une lotme a ntrecht en hollande de 5 classes dont"/>
               </TextLine>
               <TextLine ID="region_1644584474138_1975l35"
                         BASELINE="966,4016 1080,4018 1194,4020 1308,4021 1422,4022 1536,4022 1650,4024 1764,4024 1878,4022 1992,4022 2106,4020 2220,4018 2334,4014 2448,4012 2562,4007 2676,4002 2790,3996 2904,3989 3018,3982 3132,3974 3246,3964"
                         HEIGHT="185"
                         WIDTH="2313"
                         VPOS="3877"
                         HPOS="950">
                  <String ID="string_region_1644584474138_1975l35"
                          HEIGHT="185"
                          WIDTH="2313"
                          VPOS="3877"
                          HPOS="950"
                          CONTENT="incluse les conditions, j'avois mise clots dans la precedente pareille "/>
               </TextLine>
               <TextLine ID="region_1644584474138_1975l36"
                         BASELINE="930,4118 1046,4122 1162,4126 1278,4130 1394,4132 1511,4134 1627,4136 1743,4136 1859,4138 1975,4136 2092,4136 2208,4134 2324,4131 2440,4127 2556,4124 2673,4120 2789,4112 2905,4106 3021,4100 3137,4091 3254,4082"
                         HEIGHT="204"
                         WIDTH="2358"
                         VPOS="3993"
                         HPOS="913">
                  <String ID="string_region_1644584474138_1975l36"
                          HEIGHT="204"
                          WIDTH="2358"
                          VPOS="3993"
                          HPOS="913"
                          CONTENT="a celle cy, &amp; le bon dieu m'at donne un poix de suit mille florins"/>
               </TextLine>
               <TextLine ID="region_1644584474138_1975l37"
                         BASELINE="942,4238 1057,4240 1172,4240 1287,4242 1402,4243 1518,4244 1633,4246 1748,4246 1863,4246 1978,4248 2094,4246 2209,4246 2324,4244 2439,4242 2554,4240 2670,4236 2785,4232 2900,4226 3015,4220 3130,4211 3246,4202"
                         HEIGHT="194"
                         WIDTH="2337"
                         VPOS="4129"
                         HPOS="925">
                  <String ID="string_region_1644584474138_1975l37"
                          HEIGHT="194"
                          WIDTH="2337"
                          VPOS="4129"
                          HPOS="925"
                          CONTENT="dhollane, ie visque encor dans celle cy eslots, si ie pouvois vous prou"/>
               </TextLine>
               <TextLine ID="region_1644584474138_1975l38"
                         BASELINE="958,4360 1072,4358 1186,4355 1301,4354 1415,4354 1530,4354 1644,4354 1758,4354 1873,4355 1987,4356 2102,4356 2216,4356 2330,4356 2445,4356 2559,4354 2674,4352 2788,4348 2902,4343 3017,4337 3131,4329 3246,4318"
                         HEIGHT="178"
                         WIDTH="2320"
                         VPOS="4267"
                         HPOS="941">
                  <String ID="string_region_1644584474138_1975l38"
                          HEIGHT="178"
                          WIDTH="2320"
                          VPOS="4267"
                          HPOS="941"
                          CONTENT="quelque avantage, ie le ferray de tout mon coeur, &amp; rien ne me cerroi"/>
               </TextLine>
            </TextBlock>
            <TextBlock ID="region_1644584477041_1978"
                       HEIGHT="4251"
                       WIDTH="2696"
                       VPOS="167"
                       HPOS="3314">
               <Shape>
                  <Polygon POINTS="3314,167 6010,167 6010,4418 3314,4418"/>
               </Shape>
               <TextLine ID="region_1644584477041_1978l1"
                         BASELINE="3504,290 3626,288 3748,286 3871,284 3993,282 4116,282 4238,282 4360,284 4483,284 4605,284 4728,284 4850,284 4972,284 5095,284 5217,282 5340,281 5462,278 5584,274 5707,270 5829,264 5952,256"
                         HEIGHT="161"
                         WIDTH="2480"
                         VPOS="191"
                         HPOS="3489">
                  <String ID="string_region_1644584477041_1978l1"
                          HEIGHT="161"
                          WIDTH="2480"
                          VPOS="191"
                          HPOS="3489"
                          CONTENT="plus du plaisr. si vous voudriez prendre quelque resolution, pour "/>
               </TextLine>
               <TextLine ID="region_1644584477041_1978l2"
                         BASELINE="3490,388 3607,386 3725,386 3842,384 3960,384 4078,384 4195,384 4313,382 4430,382 4548,382 4666,382 4783,381 4901,380 5018,380 5136,378 5254,376 5371,376 5489,374 5606,370 5724,368 5842,364"
                         HEIGHT="174"
                         WIDTH="2382"
                         VPOS="286"
                         HPOS="3474">
                  <String ID="string_region_1644584477041_1978l2"
                          HEIGHT="174"
                          WIDTH="2382"
                          VPOS="286"
                          HPOS="3474"
                          CONTENT="lur ou l'autre, ayez la bonte de me le marquer, ie ferray mon"/>
               </TextLine>
               <TextLine ID="region_1644584477041_1978l3"
                         BASELINE="3512,496 3631,492 3751,488 3870,486 3990,484 4109,484 4229,482 4348,482 4468,482 4587,482 4707,482 4826,482 4946,482 5065,480 5185,480 5304,478 5424,476 5543,472 5663,468 5782,463 5902,456"
                         HEIGHT="157"
                         WIDTH="2419"
                         VPOS="402"
                         HPOS="3497">
                  <String ID="string_region_1644584477041_1978l3"
                          HEIGHT="157"
                          WIDTH="2419"
                          VPOS="402"
                          HPOS="3497"
                          CONTENT="devoir autant quil me srat possible, ie craigne cependant, que"/>
               </TextLine>
               <TextLine ID="region_1644584477041_1978l4"
                         BASELINE="3510,602 3627,600 3745,598 3863,598 3980,596 4098,594 4216,594 4333,592 4451,592 4569,590 4687,590 4804,588 4922,586 5040,584 5157,582 5275,580 5393,578 5510,574 5628,571 5746,567 5864,562"
                         HEIGHT="217"
                         WIDTH="2385"
                         VPOS="455"
                         HPOS="3495">
                  <String ID="string_region_1644584477041_1978l4"
                          HEIGHT="217"
                          WIDTH="2385"
                          VPOS="455"
                          HPOS="3495"
                          CONTENT="la predite leve sa ferra icy, a force d'argent quil y a sans"/>
               </TextLine>
               <TextLine ID="region_1644584477041_1978l5"
                         BASELINE="3530,708 3647,706 3764,706 3881,704 3999,702 4116,702 4233,700 4351,699 4468,698 4585,696 4703,694 4820,694 4937,692 5054,690 5172,688 5289,685 5406,682 5524,678 5641,675 5758,672 5876,666"
                         HEIGHT="172"
                         WIDTH="2380"
                         VPOS="569"
                         HPOS="3513">
                  <String ID="string_region_1644584477041_1978l5"
                          HEIGHT="172"
                          WIDTH="2380"
                          VPOS="569"
                          HPOS="3513"
                          CONTENT="employ ce que le tems nous apprendra ie vous en informeray"/>
               </TextLine>
               <TextLine ID="region_1644584477041_1978l6"
                         BASELINE="3470,818 3590,818 3711,816 3832,816 3953,814 4074,812 4195,812 4316,810 4437,808 4558,806 4679,804 4799,804 4920,800 5041,799 5162,796 5283,794 5404,791 5525,788 5646,784 5767,782 5888,778"
                         HEIGHT="203"
                         WIDTH="2449"
                         VPOS="692"
                         HPOS="3454">
                  <String ID="string_region_1644584477041_1978l6"
                          HEIGHT="203"
                          WIDTH="2449"
                          VPOS="692"
                          HPOS="3454"
                          CONTENT="deice quil se passera a ce sect on dit quil se passera encor"/>
               </TextLine>
               <TextLine ID="region_1644584477041_1978l7"
                         BASELINE="3512,934 3628,930 3745,928 3861,925 3978,923 4095,922 4211,920 4328,920 4444,918 4561,918 4678,917 4794,916 4911,914 5027,914 5144,911 5261,908 5377,906 5494,902 5610,897 5727,890 5844,884"
                         HEIGHT="184"
                         WIDTH="2365"
                         VPOS="809"
                         HPOS="3494">
                  <String ID="string_region_1644584477041_1978l7"
                          HEIGHT="184"
                          WIDTH="2365"
                          VPOS="809"
                          HPOS="3494"
                          CONTENT="des mois, avant que tout sera bien regle, e est une grande"/>
               </TextLine>
               <TextLine ID="region_1644584477041_1978l8"
                         BASELINE="3528,1048 3645,1043 3763,1040 3880,1038 3998,1036 4116,1034 4233,1032 4351,1032 4468,1030 4586,1030 4704,1030 4821,1028 4939,1028 5056,1026 5174,1024 5292,1023 5409,1020 5527,1018 5644,1014 5762,1010 5880,1004"
                         HEIGHT="203"
                         WIDTH="2382"
                         VPOS="903"
                         HPOS="3513">
                  <String ID="string_region_1644584477041_1978l8"
                          HEIGHT="203"
                          WIDTH="2382"
                          VPOS="903"
                          HPOS="3513"
                          CONTENT="entrespoise pour les estats ils sont en grand credit, par ce quils"/>
               </TextLine>
               <TextLine ID="region_1644584477041_1978l9"
                         BASELINE="3520,1156 3640,1154 3760,1154 3880,1152 4000,1152 4120,1151 4240,1150 4360,1150 4480,1148 4600,1148 4721,1146 4841,1146 4961,1144 5081,1143 5201,1142 5321,1140 5441,1138 5561,1136 5681,1132 5801,1129 5922,1126"
                         HEIGHT="193"
                         WIDTH="2431"
                         VPOS="1046"
                         HPOS="3505">
                  <String ID="string_region_1644584477041_1978l9"
                          HEIGHT="193"
                          WIDTH="2431"
                          VPOS="1046"
                          HPOS="3505"
                          CONTENT="payent leurs rentes regulierement dont j'ay l'experience puis "/>
               </TextLine>
               <TextLine ID="region_1644584477041_1978l10"
                         BASELINE="3514,1268 3631,1269 3748,1270 3865,1270 3982,1270 4100,1269 4217,1268 4334,1266 4451,1266 4568,1264 4686,1262 4803,1259 4920,1257 5037,1254 5154,1252 5272,1249 5389,1246 5506,1243 5623,1240 5740,1238 5858,1234"
                         HEIGHT="133"
                         WIDTH="2376"
                         VPOS="1140"
                         HPOS="3498">
                  <String ID="string_region_1644584477041_1978l10"
                          HEIGHT="133"
                          WIDTH="2376"
                          VPOS="1140"
                          HPOS="3498"
                          CONTENT="que J'ay encor psusioirs rentes a leur charge. mon espouze"/>
               </TextLine>
               <TextLine ID="region_1644584477041_1978l11"
                         BASELINE="3516,1380 3631,1380 3747,1380 3862,1380 3978,1380 4093,1379 4209,1378 4324,1376 4440,1374 4555,1372 4671,1370 4786,1367 4902,1364 5017,1362 5133,1360 5248,1356 5364,1354 5479,1352 5595,1350 5710,1347 5826,1346"
                         HEIGHT="173"
                         WIDTH="2339"
                         VPOS="1269"
                         HPOS="3500">
                  <String ID="string_region_1644584477041_1978l11"
                          HEIGHT="173"
                          WIDTH="2339"
                          VPOS="1269"
                          HPOS="3500"
                          CONTENT="it l'honneur de vous faire biendes ompliments aussij mes"/>
               </TextLine>
               <TextLine ID="region_1644584477041_1978l12"
                         BASELINE="3520,1496 3639,1494 3759,1492 3878,1490 3998,1490 4117,1488 4237,1488 4356,1486 4476,1486 4595,1484 4715,1484 4834,1482 4954,1481 5073,1480 5193,1478 5312,1476 5432,1473 5551,1470 5671,1466 5790,1462 5910,1458"
                         HEIGHT="168"
                         WIDTH="2422"
                         VPOS="1347"
                         HPOS="3503">
                  <String ID="string_region_1644584477041_1978l12"
                          HEIGHT="168"
                          WIDTH="2422"
                          VPOS="1347"
                          HPOS="3503"
                          CONTENT="deux petites filles, qui se portent perfaitement bien de esme"/>
               </TextLine>
               <TextLine ID="region_1644584477041_1978l13"
                         BASELINE="3536,1602 3653,1600 3770,1600 3887,1598 4004,1598 4121,1596 4238,1596 4355,1596 4472,1596 4589,1596 4707,1596 4824,1594 4941,1594 5058,1594 5175,1592 5292,1590 5409,1588 5526,1586 5643,1582 5760,1578 5878,1574"
                         HEIGHT="187"
                         WIDTH="2376"
                         VPOS="1477"
                         HPOS="3519">
                  <String ID="string_region_1644584477041_1978l13"
                          HEIGHT="187"
                          WIDTH="2376"
                          VPOS="1477"
                          HPOS="3519"
                          CONTENT="a toute vre cher famile permete ma chere tante que j'yn"/>
               </TextLine>
               <TextLine ID="region_1644584477041_1978l14"
                         BASELINE="3512,1710 3623,1707 3735,1706 3846,1704 3958,1702 4070,1702 4181,1700 4293,1700 4404,1700 4516,1699 4628,1698 4739,1698 4851,1698 4962,1698 5074,1698 5186,1696 5297,1696 5409,1696 5520,1694 5632,1694 5744,1692"
                         HEIGHT="130"
                         WIDTH="2262"
                         VPOS="1628"
                         HPOS="3497">
                  <String ID="string_region_1644584477041_1978l14"
                          HEIGHT="130"
                          WIDTH="2262"
                          VPOS="1628"
                          HPOS="3497"
                          CONTENT="june aussy les miens ayant l'honneur d'estre avec"/>
               </TextLine>
               <TextLine ID="region_1644584477041_1978l15"
                         BASELINE="3534,1812 3581,1814 3629,1814 3677,1816 3725,1816 3773,1816 3821,1816 3869,1816 3917,1816 3965,1816 4013,1816 4060,1816 4108,1814 4156,1814 4204,1812 4252,1812 4300,1810 4348,1810 4396,1809 4444,1808 4492,1806"
                         HEIGHT="184"
                         WIDTH="989"
                         VPOS="1709"
                         HPOS="3519">
                  <String ID="string_region_1644584477041_1978l15"
                          HEIGHT="184"
                          WIDTH="989"
                          VPOS="1709"
                          HPOS="3519"
                          CONTENT="estime &amp; reneration"/>
               </TextLine>
               <TextLine ID="region_1644584477041_1978l16"
                         BASELINE="5206,1878 5239,1879 5273,1880 5306,1880 5340,1880 5373,1881 5407,1882 5440,1882 5474,1881 5507,1880 5541,1880 5574,1880 5608,1879 5641,1878 5675,1877 5708,1876 5742,1874 5775,1874 5809,1872 5842,1871 5876,1870"
                         HEIGHT="243"
                         WIDTH="704"
                         VPOS="1715"
                         HPOS="5189">
                  <String ID="string_region_1644584477041_1978l16"
                          HEIGHT="243"
                          WIDTH="704"
                          VPOS="1715"
                          HPOS="5189"
                          CONTENT="Ady 2 meert 1731"/>
               </TextLine>
               <TextLine ID="region_1644584477041_1978l17"
                         BASELINE="3358,1952 3398,1952 3439,1950 3479,1950 3520,1950 3560,1950 3601,1950 3641,1950 3682,1950 3722,1950 3763,1950 3803,1952 3844,1952 3884,1952 3925,1952 3965,1952 4006,1952 4046,1954 4087,1954 4127,1954 4168,1954"
                         HEIGHT="216"
                         WIDTH="842"
                         VPOS="1808"
                         HPOS="3343">
                  <String ID="string_region_1644584477041_1978l17"
                          HEIGHT="216"
                          WIDTH="842"
                          VPOS="1808"
                          HPOS="3343"
                          CONTENT="Gendt Baron Jooondegen"/>
               </TextLine>
               <TextLine ID="region_1644584477041_1978l18"
                         BASELINE="3534,2052 3654,2052 3774,2052 3894,2052 4014,2052 4135,2052 4255,2050 4375,2050 4495,2050 4615,2050 4736,2050 4856,2050 4976,2050 5096,2050 5216,2048 5337,2048 5457,2048 5577,2046 5697,2046 5817,2044 5938,2042"
                         HEIGHT="133"
                         WIDTH="2437"
                         VPOS="1943"
                         HPOS="3518">
                  <String ID="string_region_1644584477041_1978l18"
                          HEIGHT="133"
                          WIDTH="2437"
                          VPOS="1943"
                          HPOS="3518"
                          CONTENT="ue missive van 26 pass. wel ontfanghen, waer bij ul somt te vragen doriginele "/>
               </TextLine>
               <TextLine ID="region_1644584477041_1978l19"
                         BASELINE="3514,2156 3630,2156 3746,2156 3862,2156 3978,2156 4094,2156 4210,2156 4326,2156 4442,2156 4558,2156 4674,2156 4790,2156 4906,2156 5022,2154 5138,2154 5254,2152 5370,2150 5486,2148 5602,2146 5718,2142 5834,2138"
                         HEIGHT="198"
                         WIDTH="2352"
                         VPOS="2039"
                         HPOS="3498">
                  <String ID="string_region_1644584477041_1978l19"
                          HEIGHT="198"
                          WIDTH="2352"
                          VPOS="2039"
                          HPOS="3498"
                          CONTENT="verpelchtinge van de passagie van de revier ende van den steenwegh van "/>
               </TextLine>
               <TextLine ID="region_1644584477041_1978l20"
                         BASELINE="3510,2264 3632,2264 3754,2262 3877,2262 3999,2262 4122,2262 4244,2262 4366,2262 4489,2262 4611,2262 4734,2260 4856,2260 4978,2260 5101,2258 5223,2258 5346,2256 5468,2254 5590,2252 5713,2248 5835,2246 5958,2242"
                         HEIGHT="193"
                         WIDTH="2480"
                         VPOS="2148"
                         HPOS="3493">
                  <String ID="string_region_1644584477041_1978l20"
                          HEIGHT="193"
                          WIDTH="2480"
                          VPOS="2148"
                          HPOS="3493"
                          CONTENT="swijndrecht by copye untentique ats mede de penningen van de aevelyessche "/>
               </TextLine>
               <TextLine ID="region_1644584477041_1978l21"
                         BASELINE="3540,2368 3656,2366 3772,2366 3888,2366 4005,2366 4121,2366 4237,2366 4354,2366 4470,2366 4586,2366 4703,2368 4819,2368 4935,2368 5051,2368 5168,2368 5284,2368 5400,2366 5517,2365 5633,2364 5749,2362 5866,2358"
                         HEIGHT="168"
                         WIDTH="2354"
                         VPOS="2232"
                         HPOS="3526">
                  <String ID="string_region_1644584477041_1978l21"
                          HEIGHT="168"
                          WIDTH="2354"
                          VPOS="2232"
                          HPOS="3526"
                          CONTENT="recognitie daer aen dependerende waer op deere hebbe van ue te seggen,"/>
               </TextLine>
               <TextLine ID="region_1644584477041_1978l22"
                         BASELINE="3538,2468 3657,2468 3777,2470 3896,2470 4016,2471 4135,2472 4255,2472 4374,2472 4494,2472 4613,2472 4733,2472 4852,2472 4972,2472 5091,2470 5211,2470 5330,2468 5450,2466 5569,2466 5689,2464 5808,2460 5928,2458"
                         HEIGHT="127"
                         WIDTH="2422"
                         VPOS="2393"
                         HPOS="3522">
                  <String ID="string_region_1644584477041_1978l22"
                          HEIGHT="127"
                          WIDTH="2422"
                          VPOS="2393"
                          HPOS="3522"
                          CONTENT="dat de copye van de paspaqie van de revier, by dheeren van de tresbriers samer"/>
               </TextLine>
               <TextLine ID="region_1644584477041_1978l23"
                         BASELINE="3536,2578 3653,2580 3770,2581 3887,2582 4004,2582 4122,2582 4239,2580 4356,2580 4473,2578 4590,2577 4708,2576 4825,2574 4942,2574 5059,2572 5176,2571 5294,2570 5411,2570 5528,2570 5645,2570 5762,2572 5880,2574"
                         HEIGHT="204"
                         WIDTH="2376"
                         VPOS="2445"
                         HPOS="3520">
                  <String ID="string_region_1644584477041_1978l23"
                          HEIGHT="204"
                          WIDTH="2376"
                          VPOS="2445"
                          HPOS="3520"
                          CONTENT="versoght hebben dogh noch niet becomen, maer hebben mij toegeseydt de selve"/>
               </TextLine>
               <TextLine ID="region_1644584477041_1978l24"
                         BASELINE="3530,2684 3647,2684 3765,2683 3883,2682 4000,2682 4118,2682 4236,2682 4353,2682 4471,2682 4589,2682 4707,2680 4824,2680 4942,2680 5060,2680 5177,2678 5295,2678 5413,2678 5530,2676 5648,2676 5766,2676 5884,2676"
                         HEIGHT="165"
                         WIDTH="2384"
                         VPOS="2573"
                         HPOS="3515">
                  <String ID="string_region_1644584477041_1978l24"
                          HEIGHT="165"
                          WIDTH="2384"
                          VPOS="2573"
                          HPOS="3515"
                          CONTENT="heden oft morgen ter hant te stellen, die van den steenwegh light gereets"/>
               </TextLine>
               <TextLine ID="region_1644584477041_1978l25"
                         BASELINE="3524,2788 3642,2788 3761,2788 3880,2788 3999,2788 4118,2788 4237,2790 4356,2790 4475,2790 4594,2790 4713,2790 4831,2790 4950,2790 5069,2790 5188,2790 5307,2788 5426,2788 5545,2786 5664,2784 5783,2780 5902,2778"
                         HEIGHT="191"
                         WIDTH="2409"
                         VPOS="2678"
                         HPOS="3508">
                  <String ID="string_region_1644584477041_1978l25"
                          HEIGHT="191"
                          WIDTH="2409"
                          VPOS="2678"
                          HPOS="3508"
                          CONTENT="dogh wat de penniegen aengaet, verniets d hier raeht cappens aen ue"/>
               </TextLine>
               <TextLine ID="region_1644584477041_1978l26"
                         BASELINE="3534,2892 3649,2892 3764,2892 3879,2892 3994,2892 4110,2894 4225,2894 4340,2896 4455,2896 4570,2898 4686,2898 4801,2898 4916,2900 5031,2900 5146,2900 5262,2899 5377,2898 5492,2896 5607,2895 5722,2892 5838,2890"
                         HEIGHT="165"
                         WIDTH="2336"
                         VPOS="2797"
                         HPOS="3518">
                  <String ID="string_region_1644584477041_1978l26"
                          HEIGHT="165"
                          WIDTH="2336"
                          VPOS="2797"
                          HPOS="3518"
                          CONTENT="eenige betaelt heeft, &amp; dat niet weete watter ten achteren staelt soo"/>
               </TextLine>
               <TextLine ID="region_1644584477041_1978l27"
                         BASELINE="3544,3010 3660,3008 3776,3006 3892,3006 4008,3004 4125,3004 4241,3004 4357,3004 4473,3004 4589,3004 4706,3005 4822,3006 4938,3006 5054,3006 5170,3006 5287,3006 5403,3006 5519,3004 5635,3002 5751,3002 5868,2998"
                         HEIGHT="128"
                         WIDTH="2354"
                         VPOS="2900"
                         HPOS="3528">
                  <String ID="string_region_1644584477041_1978l27"
                          HEIGHT="128"
                          WIDTH="2354"
                          VPOS="2900"
                          HPOS="3528"
                          CONTENT="versoecke van mij te laten weeten hoe verre iue: voldaen is en"/>
               </TextLine>
               <TextLine ID="region_1644584477041_1978l28"
                         BASELINE="3528,3116 3645,3112 3762,3112 3880,3110 3997,3110 4115,3110 4232,3112 4349,3112 4467,3114 4584,3114 4702,3116 4819,3116 4936,3118 5054,3118 5171,3120 5289,3120 5406,3118 5523,3118 5641,3116 5758,3114 5876,3110"
                         HEIGHT="152"
                         WIDTH="2379"
                         VPOS="3045"
                         HPOS="3514">
                  <String ID="string_region_1644584477041_1978l28"
                          HEIGHT="152"
                          WIDTH="2379"
                          VPOS="3045"
                          HPOS="3514"
                          CONTENT="watter tot hier toe noch open stant als wanneer de noodige Copiyen"/>
               </TextLine>
               <TextLine ID="region_1644584477041_1978l29"
                         BASELINE="3542,3216 3659,3218 3777,3220 3895,3221 4012,3222 4130,3224 4248,3224 4365,3226 4483,3226 4601,3228 4719,3228 4836,3228 4954,3230 5072,3230 5189,3230 5307,3230 5425,3230 5542,3228 5660,3228 5778,3226 5896,3226"
                         HEIGHT="193"
                         WIDTH="2385"
                         VPOS="3113"
                         HPOS="3527">
                  <String ID="string_region_1644584477041_1978l29"
                          HEIGHT="193"
                          WIDTH="2385"
                          VPOS="3113"
                          HPOS="3527"
                          CONTENT="ende de penniegen, binevens de proieeten van de quitantien om door"/>
               </TextLine>
               <TextLine ID="region_1644584477041_1978l30"
                         BASELINE="3530,3320 3644,3324 3759,3328 3874,3330 3988,3333 4103,3335 4218,3336 4332,3338 4447,3338 4562,3340 4677,3340 4791,3340 4906,3340 5021,3340 5135,3339 5250,3338 5365,3338 5479,3336 5594,3336 5709,3334 5824,3334"
                         HEIGHT="194"
                         WIDTH="2324"
                         VPOS="3223"
                         HPOS="3515">
                  <String ID="string_region_1644584477041_1978l30"
                          HEIGHT="194"
                          WIDTH="2324"
                          VPOS="3223"
                          HPOS="3515"
                          CONTENT="ue onderteckent te worden sal laeten toeomen, d'eee van ue"/>
               </TextLine>
               <TextLine ID="region_1644584477041_1978l31"
                         BASELINE="3526,3438 3612,3440 3699,3442 3786,3444 3873,3444 3960,3446 4047,3448 4134,3448 4221,3450 4308,3450 4395,3450 4481,3451 4568,3452 4655,3450 4742,3450 4829,3450 4916,3448 5003,3448 5090,3446 5177,3444 5264,3442"
                         HEIGHT="199"
                         WIDTH="1770"
                         VPOS="3332"
                         HPOS="3510">
                  <String ID="string_region_1644584477041_1978l31"
                          HEIGHT="199"
                          WIDTH="1770"
                          VPOS="3332"
                          HPOS="3510"
                          CONTENT="antwoordt at waghtende blijve met veel respecte"/>
               </TextLine>
               <TextLine ID="region_1644584477041_1978l32"
                         BASELINE="5258,3528 5288,3527 5319,3526 5349,3525 5380,3524 5411,3524 5441,3522 5472,3522 5502,3522 5533,3523 5564,3524 5594,3524 5625,3524 5655,3524 5686,3524 5717,3524 5747,3523 5778,3522 5808,3522 5839,3520 5870,3518"
                         HEIGHT="184"
                         WIDTH="644"
                         VPOS="3422"
                         HPOS="5242">
                  <String ID="string_region_1644584477041_1978l32"
                          HEIGHT="184"
                          WIDTH="644"
                          VPOS="3422"
                          HPOS="5242"
                          CONTENT="Adij 9 meart 1734"/>
               </TextLine>
               <TextLine ID="region_1644584477041_1978l33"
                         BASELINE="3398,3570 3453,3572 3509,3574 3564,3574 3620,3576 3676,3576 3731,3576 3787,3578 3842,3578 3898,3578 3954,3579 4009,3580 4065,3580 4120,3580 4176,3578 4232,3578 4287,3578 4343,3576 4398,3576 4454,3574 4510,3574"
                         HEIGHT="176"
                         WIDTH="1145"
                         VPOS="3477"
                         HPOS="3381">
                  <String ID="string_region_1644584477041_1978l33"
                          HEIGHT="176"
                          WIDTH="1145"
                          VPOS="3477"
                          HPOS="3381"
                          CONTENT="Rijsel de Lanney de pretit Cambray"/>
               </TextLine>
               <TextLine ID="region_1644584477041_1978l34"
                         BASELINE="3552,3682 3660,3684 3768,3686 3877,3688 3985,3688 4094,3688 4202,3688 4310,3688 4419,3686 4527,3686 4636,3686 4744,3684 4852,3684 4961,3682 5069,3682 5178,3682 5286,3682 5394,3682 5503,3682 5611,3684 5720,3686"
                         HEIGHT="203"
                         WIDTH="2198"
                         VPOS="3566"
                         HPOS="3538">
                  <String ID="string_region_1644584477041_1978l34"
                          HEIGHT="203"
                          WIDTH="2198"
                          VPOS="3566"
                          HPOS="3538"
                          CONTENT="de weete gelaeten van de Doodt van mijn broeder pedro melijn"/>
               </TextLine>
               <TextLine ID="region_1644584477041_1978l35"
                         BASELINE="5272,3816 5297,3816 5323,3816 5349,3816 5375,3816 5400,3816 5426,3816 5452,3815 5478,3814 5504,3814 5529,3813 5555,3812 5581,3812 5607,3810 5632,3810 5658,3809 5684,3808 5710,3808 5736,3808"
                         HEIGHT="196"
                         WIDTH="499"
                         VPOS="3697"
                         HPOS="5255">
                  <String ID="string_region_1644584477041_1978l35"
                          HEIGHT="196"
                          WIDTH="499"
                          VPOS="3697"
                          HPOS="5255"
                          CONTENT="Adij 9 ditto"/>
               </TextLine>
               <TextLine ID="region_1644584477041_1978l36"
                         BASELINE="3380,3856 3436,3856 3493,3856 3549,3856 3606,3854 3662,3854 3719,3852 3775,3852 3832,3852 3888,3850 3945,3850 4001,3848 4058,3848 4114,3848 4171,3848 4227,3848 4284,3848 4340,3848 4397,3850 4453,3851 4510,3852"
                         HEIGHT="211"
                         WIDTH="1161"
                         VPOS="3729"
                         HPOS="3364">
                  <String ID="string_region_1644584477041_1978l36"
                          HEIGHT="211"
                          WIDTH="1161"
                          VPOS="3729"
                          HPOS="3364"
                          CONTENT="Rijsel de wed: therdor Van Zeller"/>
               </TextLine>
               <TextLine ID="region_1644584477041_1978l37"
                         BASELINE="3458,3968 3567,3970 3677,3974 3787,3975 3897,3976 4007,3976 4116,3976 4226,3974 4336,3972 4446,3972 4556,3970 4665,3968 4775,3966 4885,3966 4995,3964 5105,3964 5214,3966 5324,3966 5434,3968 5544,3972 5654,3976"
                         HEIGHT="215"
                         WIDTH="2225"
                         VPOS="3849"
                         HPOS="3443">
                  <String ID="string_region_1644584477041_1978l37"
                          HEIGHT="215"
                          WIDTH="2225"
                          VPOS="3849"
                          HPOS="3443"
                          CONTENT="de weete gelaten van de doort als vooren en met eenen"/>
               </TextLine>
               <TextLine ID="region_1644584477041_1978l38"
                         BASELINE="3506,4106 3627,4106 3748,4104 3869,4104 3990,4104 4111,4104 4232,4104 4353,4104 4474,4104 4595,4102 4716,4102 4837,4102 4958,4102 5079,4102 5200,4100 5321,4100 5442,4098 5563,4098 5684,4096 5805,4096 5926,4094"
                         HEIGHT="146"
                         WIDTH="2450"
                         VPOS="3984"
                         HPOS="3491">
                  <String ID="string_region_1644584477041_1978l38"
                          HEIGHT="146"
                          WIDTH="2450"
                          VPOS="3984"
                          HPOS="3491"
                          CONTENT=". S. aprez cette escrit, ie recois l'honneur de la vre dhier a la quelle "/>
               </TextLine>
               <TextLine ID="region_1644584477041_1978l39"
                         BASELINE="3520,4216 3638,4216 3756,4218 3874,4218 3993,4220 4111,4220 4229,4220 4348,4218 4466,4218 4584,4218 4703,4216 4821,4215 4939,4214 5057,4212 5176,4210 5294,4208 5412,4206 5531,4204 5649,4202 5767,4200 5886,4198"
                         HEIGHT="177"
                         WIDTH="2397"
                         VPOS="4107"
                         HPOS="3504">
                  <String ID="string_region_1644584477041_1978l39"
                          HEIGHT="177"
                          WIDTH="2397"
                          VPOS="4107"
                          HPOS="3504"
                          CONTENT="J'ay l'honneur de vous dire que ie vous donneray part, de ce quil"/>
               </TextLine>
               <TextLine ID="region_1644584477041_1978l40"
                         BASELINE="3522,4326 3643,4328 3764,4329 3886,4330 4007,4330 4129,4330 4250,4330 4371,4330 4493,4328 4614,4328 4736,4326 4857,4326 4978,4324 5100,4322 5221,4320 5343,4318 5464,4316 5585,4314 5707,4312 5828,4310 5950,4306"
                         HEIGHT="203"
                         WIDTH="2460"
                         VPOS="4212"
                         HPOS="3506">
                  <String ID="string_region_1644584477041_1978l40"
                          HEIGHT="203"
                          WIDTH="2460"
                          VPOS="4212"
                          HPOS="3506"
                          CONTENT="serat passé resolve pour la leve de sept million p mess les estat "/>
               </TextLine>
            </TextBlock>
         </PrintSpace>
      </Page>
   </Layout>
</alto>
