7796 4692
942 205 2298 108 vlaendern oft dat men van u af soude requeste presenteren van

920 290 2351 109 met de satie niet voorts te gaen en den rade van vlaenderen in dan

929 386 2338 154 voors pariveen raede, tis te vreesen, dat dh Coppens het sijn hier sa

933 491 2326 146 trecke tot dat hij in den raede van vlaenderen sijn hoogh merck

918 587 2347 155 sal hebben becomen daerom is het meer als tijdt alle mogelijke

935 681 2336 161 precantien te nemen daerom gelieve alles rijgelijck te considereren

919 777 2352 167 tock oft de wethouderen deser stalt niet verobligeert sijn hien te vervolge

924 885 1461 152 benevens mij in den voos priveen vaede

2603 925 642 215 Ady 5 mars 1730

743 977 951 202 Mechelen dh Sauwenberge

913 1110 2348 155 al: ser aengename van 27 pass: wel ontfanghen, daer bij sien ul consulters

906 1195 2360 156 met ifs ben asken gedaen, ontrent de quettie ven confliet van poardictie

2686 1310 57 58 n

916 1316 2330 127 in questie, hebben oock ontfanghen het advies van dh: advocaten van

925 1381 2346 188 gendt als mede van brussel, die van gevoelen sijn, absolutelijck te dienen

907 1489 2281 174 bij exceptie deslinatens die ven brussel melde, dat diergelijcke cas

905 1603 2366 141 over eenige jarn gedebideert is in den grooten vande by retracteringe

921 1667 2282 168 ofte coreatie eendes sententie bij den rade van vlaenderen te wesen

929 1774 2345 176 waer van den procureus nay woonende achter het huys van den heere

940 1926 2333 139 precident tennisse sal hebben, oft wel eenen anderen van de onderlinge

935 1997 2328 192 men weet genspreciet jaer nochte tusscha welcke partijen de voors

934 2121 2336 132 proceduren geventileert haelt soo versoecke dies aengaende nauheurig

939 2201 2277 177 te informeren, hoe dat het daer mde af geloopen is twijfele niet oft

924 2344 2289 157 ue sal sulve wel achterhaelen, & bidde op het spoedighste mij daer

927 2423 2298 181 van kennisse te geven, alle oncosten & acta van devoiren lek ue

931 2540 2329 177 promptelijck voldoenn. heden besome een brief van mijn procurerr

931 2612 2336 169 van gendt die melt dat het hof op de requeste van den peere raedt

902 2743 2373 155 coppens ten laste van mijn domestiquen, heeft gevonnist dogh noch

922 2824 2337 207 niet uyt gesoman wille niet twijfelen, oft sal ont faveur van d

926 2962 2269 190 Coppens gepromintieert sijn, die van brussel melden, dat den

938 3053 2296 171 preveen vaedt sigh niet intervenveert tusschen particulieren maer

938 3158 2234 164 wel also verschil is tusschen eenigevaeden over confliet

935 3264 2142 197 van iwrisductie waero geresolveert hebben te dienen bij

933 3377 2328 159 exceptie deslinatois tevius: nacright blijve in afwaghtinge

2974 3485 202 162 meet

907 3502 1662 148 deere van ue: antwooodt opte voo

2699 3587 576 162 Ady  pril 1730

763 3608 933 171 Sendt Basilius advocart

934 3706 2323 225 ue: seer geestimeerde van 24 pass. wel ontfanghen, daer by gesien

942 3867 2314 168 ue. advies ontrent de lake met dh. Coppens in den rade van ulaendere

897 3956 2370 199 terwijlen us: swarrgheyet maeckt van sigh t'adresseren in den privean

928 4071 2333 193 raede te addrisseren, hebben geresolveert te antwoorden bj exceptie de linato

923 4185 2227 189 waer toe aen den procureur caus masser toegesonden sijn de noodige

919 4315 2348 138 pampteren, als mede een groieet van ant woorde, ben aen ue te laten

3506 195 2425 139 colamineren & om door ue daer aen oft af te voegen gelijck het beste sult

3492 277 2428 153 oordeelen te convenieren, tis wel bedroef soo danigh contestatien te moeten

3507 387 2360 134 uyt staen in vlaenderen daer nochtans het sterfhuys hier gevallen is

3495 431 2437 198 & daer alles ongeeffent blijft d cappens soeckt sijn selven maer imossessie

3507 574 2475 171 te stellen van d'erfgolderen & de rest in questie te laeten de toecken van

3501 657 2409 179 dh lannoy seeliger Waren vale gaven ten achteren, & met groote moeyte

3523 763 2465 115 hebbe van dh. Coppens sijn consent becomen van die door een bosekhouder

3519 860 2474 165 te laten overdragen, & daer de bilance van uyf te trecken, tgene geschredt d

3513 950 2481 191 nu moeten enmers de schulden vervolgens betaelt worden, & tgene aen het

3507 1064 2360 145 terfhuys toecomt ingevoordert worden ende eenen staedt van alles

3511 1166 2410 194 gemaeckt worden, eer men can comen tot scheydinge & deylinge, soo dat

3501 1269 2351 164 hier een generale judicr is. come p desen ue mijne salie uyt ter

3503 1367 2391 187 lurtente recomanderen & de selve aen ue als principar, J aen d

3481 1488 2465 161 fostier vertrouwende, daer is aen den procureur causmasier geschreven

3521 1574 2404 181 van niets te doen sonder ue ageprobatie verkopende, dat uede selve

3498 1673 2444 143 soo sal bettieren dat tot satisfactie sal uyt vallen elle  vacatien

3517 1803 2379 142 & geschriften sal ten dancke betalen den prow. adviseert mij dat het

3507 1857 2449 165 nof gevonnist heeft op de requeste van uls coppens ten laste van

3524 1987 2446 142 mijne domettiquen, ontrent den siynsboe doh dat noch niet publick

3521 2096 2403 138 wus, enfin recomandere uy: andermeel d'een & dander de advocaten

3528 2154 2419 180 van brussel seggen, dat diergelijcke cas over eenige jaren gedecideert

3526 2298 2431 148 is in den grooten raede bj retraeteringe oft correctie een det sententie

3531 2375 2350 166 bij den raede in vlaenderen gewesen, waeron naer mechelen hebbe

3505 2460 2441 180 geschreven om dit te aghterhaelen, & soo daer van stmuste besome

3477 2544 2456 169 sal ul: daer van paert geven. het desreedt van sijn hoogheydt den

3502 2680 2431 131 heere hertogh van beyeren plorieuser gedachtensse behoorde hier in

3471 2788 2484 121 dese sakie plaets te grijssen tsal mij val pllaisis doen, als ul s soo

3491 2873 2426 190 goedt sal willen sijn, van my van tijdt tot tijdt te willen verceren

3456 2977 2503 152 met een lettersien van advies, sioe dat te salie staen, tgene verhopente

5360 3097 540 168 10 meert 1736

3525 3120 780 169 blijve met vee respect

3386 3218 1062 156 werseel adviaen heyndrickx

3516 3241 2474 216 ingevolge de geloste van ue dochter om 5 sber vant voorgaende daer gedace

3515 3368 2389 205 hadde in af waghtinge geweest dat scorts naer kerremisse gepasseert

3507 3471 2425 207 sonde gecomen hebben om te betalen een daer packt versehenen banus

3516 3590 2401 216 1728 dogh van ue niert vernoman, waerom p desen be come te

3505 3713 2413 191 vermaeken, van niet langer uyt te stellen, van gelt de brengen

3511 3815 2365 176 want londen genooddsaecht sijn, andere mesures te nemeu

3497 3934 1758 171 den met verlangen afwaghten de blijve

5342 3998 640 196 Ady 10 maert 1730

3379 4071 1301 207 Tob recht Pauwels van geirde

3521 4248 2459 178 hebbe al in afwaghtinge9 geweerst, dat mij soude gesomen hebben om
