8091 4651
1035 233 2213 96 gerequireert sal worden francis de smet fudries mertines, peetene

1026 299 2189 131 hooft 1B: trivier Jacobus carse hebben de attestatie gegeven, van

1010 437 2113 138 het fijtelijck sien afbreken, thomat geldoff sal mede moeten

994 506 2171 166 compareven om dat scij daer altijdt gewoont heeft t& geboven is

1017 596 1514 192 mij sullen beramen wat te doen, & blijven

2402 649 743 212 Ady 5 febrs 1736

839 737 693 152 melsile moenssens

1039 799 2197 194 uls brief van heden wel ontfangheen, daer by gesien het profeet dat

1036 945 2225 198 mj dunckt invoudigh, te wesen, & een abboege vant gene ul: mede

1015 1110 2271 125 gehadt heeft nu de getuygen stullen conmen seggen, opt sij die erven

1025 1156 2216 219 van over de 30 jaeven veleten hebben, dat seer noodtsaeekelijck is

1041 1278 2205 220 want de possessie moet het verficatoir n casien, daer woodt oock

1019 1394 2197 180 niet, ingestelt van het planten van de boonne soo dicht bij de

1029 1510 2248 230 huysen over de smisse, & ul schrijft niets wat de heeren van hut

1023 1630 2266 181 hoeft collegie aen ul gitteren voeders geseydt hebben, nochte ofte

1021 1758 2239 227 ick oude brieven van huytaert gevonden hebt soo dat niets weete

1033 1876 2192 227 twijfele niet, oft dheeren vant hoost collegie sullen voor den

1022 1995 2201 215 verdrilck der ingesetenen onter prochie intervenieren, op het

1029 2124 2247 242 request van ballin borgene & schepenan op de laghten aen hun

1023 2257 2070 199 gedaen, ick moete mij daer ouijte hodden, echter tsal mij

1002 2378 2184 226 aengenaem sijn te vernemen van tijdt tit tijdt watter sal

1001 2483 2162 248 geschiedt sijn, gijlieden ballua borgen & schepenen kant de

966 2587 2277 233 nersoonensdagh vaerden, naer ul goedt oordeel my dunckt

983 2737 2309 149 dat het niet quaet waere, dat den procuvenr van verso daer bij

1022 2837 2251 249 waere al soo hij goede heniesse heeft van op stellen &laet

1028 2988 2257 223 mij morgen eens weten, ue ervarentijdt bij dheeven van t lodrs

975 3133 2312 190 collegie op gisteren geheedt, ontrent dese lake, & seght nwit anders, als

1017 3264 1732 175 alles sal wel ganen daer niets uyt sin vatten

1009 3334 2216 257 ben geinforment dat den heer sollin soo wel over dese sake

1016 3503 2212 186 als die van dhr hoemis bij den groet mceester tot brussel is geweerst

1003 3583 2253 255 & hem versoecken, van daer over gehoort te mogen wadan te e

1029 3720 2247 220 uli naeright maer geleove soe dheeren vant hoet collegie hunne

995 3839 2268 220 laght en sullen doen, dat de sake wel veranderen sal, want ils

1021 3983 2246 219 ennen grooten, ustisier, een letterken worgen met den bote

1023 4112 902 185 afwaghtende blijve

1034 4243 1765 202 ingesloten alle de memorien te nogge

5799 128 124 157 14

3419 231 588 121 Messele moenssens

5100 225 764 150 Adij 8 febru: 1736

3529 335 2353 163 ue brief sonder dato is mij door den bove, wel behandight waer bij sien, dat

3517 448 2359 142 de hoost schepenen van goede sentimenten sijn, om den persoonne in questie

3482 531 2277 155 te vervolgen, oordeele nu voorders mede, dat het niet noodigh is

3525 638 2326 162 dat in de attestatie mentie gemaeckt woort van het dicht planten,

3524 750 2280 140 vn de essche, oft andere boomen maer subte moet in het request

3521 876 2341 159 ingevoeght worden, ick hebbe hier een profect van requeste doen

3517 935 2261 195 gottellen, hut gene tegens toecomenden vrijdaghe gereedt sal wesen

3501 1062 2387 198 daeron, als ul op vrijdagh opt vlaems hooft sult wesen, & de bornen

3500 1185 2361 153 gehoort sult hebben comt den eens over om het selve ue ter hant

3488 1285 2428 187 te stellen, & ingewalle ue niet comen can, sendt dan den schepenen

3510 1447 2385 117 bode int request mort soo wel geclaeght worden, soo over de

3496 1556 2440 198 boonen, als over dat hij pretendeert nimant sonder sijn permissie

3506 1669 2447 212 opt vlaems looft sal mogen comen woonen, dat wel een van de

3496 1779 2419 217 poincipaelste asticulen is, want ley soude sigh meester mas en

3495 1914 2314 195 over de ingesetene, die daer naer geen latten meer souden

3507 2036 2408 197 betalen  en laet niet naer van eene particuliere altestatie

3494 2154 2352 205 te nemen, over het gedaen herck geboot, het gerat met een

3504 2312 2288 149 moeyte door, & is seer nooitsakelijck niet voor onse sakie

3515 2402 2323 160 maer om de selve te doen fuciliteren langs het geestelijck

3504 2537 2174 187 mij moeten alle bedenckelijcke oppositien doen dit van ue

3490 2657 2364 200 vertrouwende & blijve met verlangen van te vernemen wat

3488 2768 732 156 sal sijn gepasseert

5156 2800 584 252 Ady 10 febru

3399 2888 791 220 Maerlors Michicl Cools

3459 3010 2484 251 is nu woederom over het jaer dat ue geen gelt gebroght hebt soo dat de

3495 3162 2426 230 croisen van de rente, un al vrij wat hoogh beloopen, & ben niet gesint

3492 3282 2392 191 ick op soo danige maniere te laten ageren soo come p desen

3495 3442 2453 221 ue aenseggen dat den renten brief naer brussel sal senden & lange

3490 3559 2473 212 dien can te sien voldoeninge te becomen, tgene ue te verwaghte

3474 3697 2451 223 hebt ingevalle toe comende weeke niet bij mij en comt, waer

3492 3824 1162 208 naer shet reguseren & blijve
