8104 4651
5818 139 106 152 1d

3496 238 2358 129 &fause qu'il est a calloo, comme le seig. agant l'administration pour le

3495 295 2396 121 site de groesbeech, qui en est le seignieur, il ma dit que le greffier a fait

3501 400 2340 179 lenrequttrement de la vente de la rente avec precaution, & quil s'en

3516 517 2346 150 nfomera du fait de quoy vous donnera son avis, cependant il me dit

3506 576 2296 204 ie vous deviez luy envoyer tous vos papiers & pieces origineles, pour

3532 686 2314 187 nre comment faire, il est foit habile homme, sincera, & d une grande

3531 800 2293 193 fience, & il ny at que luy, qui vous peut estre , dans cette

3542 924 2328 181 faive, ansy songez mons: a ly envoyer vos pieces. le fils de mons:

3528 1030 2342 183 roy, Mon intme amis qui fait ses estuzes a douay, doit retourner

3532 1114 2366 195 us la fin de ce mois, ie luy prieray piil escrive a son fils de voous

3543 1233 2274 199 voir ses services en passant a qui vous pouvriez donner vos pices

3521 1383 2319 156 tour les transporter, si vous le trouvez a propos estant avec bien

3524 1465 2115 190 & complimeuts & offres de mes services, a toute la famile

4089 1667 757 247 Ebesseigneurs

3530 2216 2163 221 by receu en son temps la lettre dont V0s

3797 2373 251 78 11ner

3589 2355 155 91 net

3514 2385 2284 160 14: I slust: m'ont honore le 11 de ce mois, par la quelle

3511 2516 2268 204 & me trouve interpelle de procuire mes comptes du

3516 2659 2279 178 brduit des droits sur le passage d'anvers a la tite de

3506 2783 2333 245 landre & de la ditt haussee menant de la ditte tere

3497 2907 2344 278 =flandre, vers le billage de burcht, conformement

3505 3063 2356 246 l'octroy perpetual, qu'il a plu a la Majeste d'en

3500 3222 315 135 peorder

4623 3326 164 115 mes

3490 3322 2351 225 lest vray este p dlutt= que les comptes sont en
