7995 4692
3483 229 2393 129 que j'ay Envoyez mes procurations pour recevoir mes dividents et

3485 326 2369 143 interets de la comp. du sud & annoities a une auta personne, avec

3467 454 2411 132 qui ie fais d'autres negoces vous estant cependant infinement oblige

3470 510 2378 188 pour le bon soin & ceactitude, que vous avez eu pour mes interets

3457 644 2285 167 & ou ie vous puis rendre service en eschange en ces quartiers

3465 734 2293 184 ie vous prie de me comander, & suis Caprez vous avoir souhaite

3479 827 2327 179 en cette nouvelle anne toutes sortes de prosperitees & benedictiens

3459 952 1977 187 du ciel que vous pouriez desirer, toes pincerement

5182 1052 688 182 Ady 16 janu 1733

3449 1097 598 178 oet wed: le page

3486 1195 682 200 geschreven om gelt

5179 1250 512 198 Ady 20 d

3479 1365 887 189 russel harrewijn Traveur

3482 1475 1467 211 beantw: sijnen brief van 12 deser

5266 1550 630 224 Ady 26 Jan 1133

3455 1625 1112 153 lle la veuve theodor van Zeller

3486 1734 2194 211 J'ay receu l'honneur de a vre du 19 courant, p la quelle vous

3495 1875 2369 186 m'ordonnez de vous remettre payable a sand vre avance sur quoy

3485 1969 2285 189 J'ay l'honneur de vous dire, que les lettres sur sand seont fort

3503 2079 2376 225 ture, & quand ils s'en presentent on demande ¼ a ½  avance

3485 2215 2364 145 & comme vous me marque, que vous n'este pas presse ie vous

3497 2342 2418 204 remette cy joint £316:18:4 et de change sus pauliettemmerman

3482 2465 2408 206 agand, tirez le 18 xbre 1732 a deux usances que j'ay negotie au

3484 2573 2420 204 pair, cause quils doivent courir jusqu'an 18 prochain, & ie ne

3490 2754 2432 133 manqueray pas de vous remettre le reste citd que l'occasion

3494 2824 2441 223 presentera. nous avons l'honneur de vous feliciter avec vre aschat

3500 2978 2405 206 des terres prez de wervicq sur la lys, on ne pourroit faire icy tels

3488 3089 2391 218 achapt, de tirer ƒ24000- de ƒ50000: Capital, ie vous

3495 3233 2403 215 prie de faire attention, sur les points marque de l'autre

3499 3389 2409 200 cette, & me croire, que ie suis sans reserve en tous occasions

3511 3481 2361 252 aprez bien des compliments de mesm de la part de men

3501 3701 371 161 spouze

3497 3728 2436 154 comme nous sommes en question avec mons. Van Scesfel vouchant la tutele que

3504 3856 2406 201 mons: de suijndrecht at en de la fanne dont le compte n'est pas passe, il nous

3492 3979 2393 169 fait beaucoup des difficultees, il dit que mad: vre mere marie van den damme

3498 4098 2350 167 la peu avoir la jouiy san a des biens de son mery le S.: robert de Lannoy

3476 4203 2414 208 ssucor moins de celles du 23 jacques de lanvoy son pere & vre grand

3489 4347 1712 130 plre, qui it vourut aper vre giere robert &
