8029 4678
1028 229 2297 108 davantage, que glotre avancement, je crois que vous

2626 323 78 52 r

2789 294 441 91 le deces de

1029 278 1541 124 apr ce compentique a Mons. Votre

2768 354 595 91 epues votre depars

1018 330 1811 126 Mabarie deprstean nie broeck marc

1011 401 2299 101 est deoder Madettt Brrasaens notre voisine ause Mons

1900 463 1382 88 le paderle saere schove aussi le l

1018 457 846 121 Cavalliero, marie

1029 513 2321 122 Cadet de Monsr. Collen, gouverneur de la teste defandre

1020 574 2279 133 gie est morte heti que scomme la cloeur, et le fils asne

1036 640 2230 130 est aussi malade at leet, et il est fort a craindrez

1026 690 2239 153 auose pour le cPere dieu seuille en consoler la fille

1022 776 2286 142 c'adette, et croie moi tou jours den loeur sincere

1016 846 1083 159 et affection griviolable

867 956 2478 174 hengene Mijn heer dan Gresier den Antwerpen 15 Jebruarj 1746

1073 1062 929 135 prochie van heregene

1014 1122 547 176 sijn heer

1089 1221 2202 193 alsoo wij buyten gewoonte geene voldoeningen

1025 1321 2283 159 hebbe becotimgn van de lrossen den Rente die

1035 1431 2198 124 wj 4ot laste vang de prochie van hingene

1012 1503 2273 136 sijn heftende over de stvce faeren ierschenen

1019 1553 2238 140 eenenfintich novermber beventhien hondert

1023 1610 2288 155 tijferiiseertien soo dient desen om ue te ersoecken

1034 1699 2219 158 &saa aen ue ontfanger tordonneren ons ten

1035 1764 2242 136 eersten de verschepen roisen te commen

1023 1856 2186 126 voldoen de tselcke volgens de Stipulatie den

1006 1907 2291 146 rente al over langhe soude bethooren voldaen

1003 2034 2136 97 te sijn ende in dese verwachtinge blijvve

826 2096 2086 208 dhell hille Sien haer oenp Ercher dan Anterpen 15 febrearij 1745

1044 2258 807 115 van ende tot schellebelle

1150 2342 415 144 sijn heer

1034 2430 2272 158 Detrauwe ul mijne missve van den 10 xber lestleden sal behandight sijn

1060 2536 2192 97 waer by ul hebbe versocht van te sorghen voor de voldeeninghe dee rente

1059 2615 2147 95 die tot laste vande prochie van schellebelle ben hefsende 3C: bekent

1050 2673 2128 116 wies aengaende voor als noeh gheene antvoorde noch voldoeninghe

1045 2732 2116 116 becommen hebbe oversulkx deyt dient desen om ul: andermael te

1042 2802 2224 86 versoecken aen den ontfanger te ordonneren van mij ten minsten een

1057 2852 2284 122 jaer crais te commen voldoen den 23 xber, deventhien hondert vijsenveertich

1057 2927 2278 80 twee jaeren sijn verechenen ende vervolgens het redelijck is ont eene prochie

1043 2980 2230 73 niet buyten credit le stellen te betaelen het vervallen jaer crois alvooren

1050 3058 2325 98 het volgende verschijnt verhopende dat u ten eersten hier inne sal gelieven

1034 3107 1652 67 te voorsien ende in verwachtinge van welcke blijve

799 3178 1264 136 Londen d'heeren John Edwards en soon

2202 3186 932 161 Antwerpen 24 februarij 1746

1123 3262 440 143 Mijn leeren

2214 3338 153 108 bien

1057 3387 2259 146 het uld: aengenamen van 31 cassato d'opvraging van 10 pre op de banck

1050 3488 2293 105 aetien in libee payementen 28 deser en 28 meert terwijl van intentie ben het

1067 3566 2243 70 capitael taugmenteren soo versoecke de betalingen tedoen op mijne £2000 en

1029 3613 2329 104 de manceerende penningen die geloove in £ 115: sullen bestaen op mij te trecken

1044 3687 2297 82 corte daghen dato soo het doenelijck is vermits hier wijnighe brieven sijn om

1047 3762 2218 98 te connen remitteren en afwachtinge heb d'eere met estime te blijven

788 3821 2511 182 Gand Monsr. o S. Coperens Conseiller Anvers le 6 mars 1746

1009 3939 1623 98 an conseilli en flanire de Da Majeste

1026 3977 1441 155 Morisieur et tres coher frere

1107 4041 2262 160 rae fhonneur de lous escrire la presente pourvoy

1035 4164 2271 88 adviser a mon grand regret que pierre de laet votre fermier demeurantt a votre

1036 4229 2230 100 maison de plaisance mest venie prier de vous advertir que les militaires ont

1046 4276 2217 85 coupe plus de la moitie de vos arvres dans le bois derriere votre sermier Jan

1045 4326 2269 99 raep broeck et quil compte que cela montervil a plus deseux ants florins que

3587 215 2382 58 les fermiers de Mad. van wichelen et autres ont estez chercher avec leurs

3578 245 2411 96 chariaux et chevaux apparemment que c'est pour sauver les leurs comme touts

3587 299 2370 90 ceux qui ont des militarres soout oblige de leurs fournir le bois a bruler et donner

3585 377 2354 83 lumiere et bouches il vous prie de m'adviser ce que vous souhaitte quil y fasse

3593 450 2399 83 que pour lui il noseroit y mettre dobstaele pour en faire ses plainses au General

3583 474 2261 89 loge au jardin de cantecroy comme je lui avoit conscille apsparemment quil

3570 545 2411 92 craigne que cent ceux quil at loge pourrions faire alors quelques snsulles cheez sui

3580 602 2417 76 enfin ce sont des grandes satulile et facheuze suitte de la quetre son mat ausse

3567 654 2430 106 cbupe a morssel dans la grands alle de adriaen de Ridder 6 jeuries arbres monl

3581 695 2347 78 et autres pour un commencement disant den avoir besoin pour leurs benles

3565 764 2303 75 et il y est loge 14 hannovriens avec autant des chevaux je croie que vous aurez

3585 817 2329 88 appris le matheurs malheureux sort arrive de nuit entre le 4a5 de ce mois

3571 867 2338 79 de notre place de comedie entierement brusse es rnees par les hammes qui

3579 932 2326 99 montort si hant a ce quon mat dit que la iour de notre dame cahedrale de

3582 987 2323 103 cette ville, estant entierement ravaye et rien de sauve on y avois jour la

3584 1056 2402 96 veille la come die mais on l'at esteint si bien que le reste du lapesiers pant est

3555 1084 2415 122 sauve ou il y avoit des escuries dont on avoit coupe les cordes aux cheveur qui

3580 1158 2349 114 couroit parmy la ville enfin nous perdons de tems en lains toue les rareles

3574 1202 2402 138 de notre ville comme dernierement le ceckhof, les principales pieces de notre

3564 1251 2429 162 procession eclatantes j'espere que vous jeudiez d'une parfoute sante comme ausse

3565 1314 2256 146 Non cher sevee volre fils, comme noussexcepte que her vers le soir jes tois

3563 1386 2310 169 tellement accabse d'une vend ou frod qui me frise a la poitrine, que je ne

3570 1436 2400 173 pouvoit respirer et que jestois oblige a me faire seiyner au bras, mais il vet

3565 1520 2411 139 mieux auiourdhen quoi que le mede mat dessendu de sortir pour aller a la

3558 1565 2442 181 messe, had lle van hessel la caditte qui as dine chez moi, et mes felles vous asnirent

3553 1620 2382 172 de leurs tres humbles respect, et fort biens des complimens a mons. voire cher

3562 1700 2410 177 fils que sembrasse de tout mon coeur, en attendant de vous receor je en sa

3568 1767 2415 210 compagnie aux vacances de paques qui me donnera l'occasion de vous pouvoir

3569 1849 2018 168 te moigner, que son ne peut estre avec plus de sele my destime que

3415 1968 412 152 Schelle belle

4670 1976 1201 175 Antwerpen 18 meer t 1746

3619 2031 1872 174 sijn heeren Paillue Borgetngesten en

3609 2116 1737 138 schepene Van ende tot Ichelle belle

3564 2239 825 174 esijn ieeren

3579 2369 2354 136 al600 op 10 reber 1745 en. 18 february 1746 den

3586 2449 2377 165 heer greffier kan ue prochie hebbe gensocht van

3553 2535 2389 164 mij te doen betaelen de twee jaeren Corois van

3865 2620 2116 159 Bapitaele Kente an Ses hondert ponden

3541 2638 536 128 eene

3547 2717 2408 125 groote prapitael issel gelde t leste tersehenen

3565 2782 2434 129 23 sber teventhier hoedert tijfenseertiche

3552 2900 2405 109 ende gemerckt ick dien aen gaetite antwoordt

3556 2982 2427 131 noch toldoeninge en become sooo dient desen om

3549 3029 2354 157 om ue gterativelijck te termaenen van daer

3551 3172 2402 114 in ten eersten te doen voorsien faute van dier

3551 3218 2405 151 sal genobtsaeckt sijn hen dien effecte de noodige

3562 3302 2417 138 mede els te gebruycken die ue door de toldochenge

3551 3380 2303 143 can terhreden twelck erwachtende blijve

3425 3520 2572 153 dallep Mor. Jancobies de ffanyer Antwerpen 18 maert 1716

3550 3618 2047 135 dienende schepenen in den polder van balloo

3548 3702 633 189 Mons eurs

3543 3811 2305 136 betraecien de ue mijnen brief van 28 Januar y

3531 3922 2465 129 lest leden is behandicht &laer bij ue hebbel eroocht

3527 3981 2462 128 aen mij te commen, voldoen tjaer royder Bente

3522 4061 2392 108 die tot ieven en ten laste van ue vaeser ben

3528 4153 2379 104 heftende verschenen 20 september severithien

3527 4248 2471 107 hondert wijfenveertich lliestaengaende antwoordt

3529 4291 2430 145 noch voldoeninge becommen hebbe oversullee
