8091 4610
1042 212 2166 172 & que j'ay besoing de la semence des choux fleurs d'engletterre

1015 280 2215 206 En flamans bloem cool saet ie vous prie davoir la bonte, de

1023 398 2175 198 m'en envoyer un once de la melieure semence, de deux a

1007 543 2203 161 trois ans bieu vous pouvriez me l'envoyer dans une lettre

1029 610 2176 177 excuse la libpte, que ie prend, de vous importuiier de cette

1010 785 2142 154 comuission, & ou ie suis capable de vous rendre o un

1019 860 2185 194 service reendroque, commande liberement celuy qui et

1016 967 719 165 l'honneur d'estre

2497 990 660 209 Ady 22 julij 1725

846 1107 876 198 Cadix Philipe van Seyen

1026 1195 2124 195 ue missive de dato 14 pass. is mij op sjn tijdt wel geworden, de

1038 1350 2243 180 menigh viidige occupatien, die gehaet hebben, met bouwen op mijn spul

1029 1442 2249 168 hot hier buyten dese stadt gelegen, hebben mij belet, den selven niet eerder

1023 1548 2270 203 beantwoordt en hebbe, ten anderen, was geinformeert dat de versorste

1029 1650 2267 232 doop brieven, als trouvw brief van dhs Callebout met jouff: clara melijn

1022 1847 2294 153 aen ue: voor het ontfanghen van ue voors missive waeren toegesonden

1032 1911 2288 186 door u schenaert aen wien alle de instructien & bewijsen overgelevnt

1020 2035 2242 159 hadde, maer dat over de  sbeligh geweest hadde, om alles bij de

1036 2168 2176 211 pastores op te soecken, & groote moeyte hebbe moeten neenen

1030 2310 2203 192 om te weeten, waer d couis sallebout gedoopt was alsoo hy

1023 2426 2191 194 op de doop boecken van de 5 prochien deser staet met te vinden

1036 2529 2225 229 en was, ue sal uyt de gesondene attestatien sien, wat abuysen

969 2697 2294 187 datter al geschreden, ontrent de lerste donnen, den vader van

1026 2805 2286 179 dh. Louis sallebout is gedoopt op den name van siardus dominieur

1011 2925 2080 201 & by de troeuve et i: clara melijn, is den naem gestelt

1017 3050 2212 174 Joannes dominiaur hebbe devoiren gedaen on Liardus & joannes

1031 3156 2200 234 uyt te doen doen, tgene in geene dersije maniere heeft connen

1021 3352 2296 170 geschieden wille niet gelooven, dat dese abuijsen, ennge obstaeulen

996 3437 2284 183 souden connen geven, terwijlen dese attertatien maer en moeten

1020 3562 2213 206 dienen, om te bewijsen, dat dh Joseph thomas Callebout sijne

1021 3697 2165 210 ouders & voor onders vooms satolicq geweest hebben & in cas

1024 3807 2249 232 van norde, souden connen sult bewijsen van over de 300 jaeven

1035 3943 2199 226 van de voor onders van mejonff: clara melijn mijne gewesene

1041 4076 2204 209 tante saliger, ooc souden wij connen attesteren dat de suster

995 4187 2293 217 & de twie broeders van dhr. Louis Callebout, geettelijck sijn geworden

5782 105 117 161 1d

3490 238 2382 149 & in hunne respective cloosters deightsaem geleeft &gestorven sijn, den

3528 293 2283 147 enen int order van den h'augustinus den anderen van den

3506 420 2419 176 dominieus, & de suster int order van de predich accrinne fo versoecke

3518 533 2312 184 van mijn complimenten niet presentatie van voorderen dienste te

3500 632 2362 202 willen doe aen mejouff: de wed: dh. Louis sallebout onse nighte

3503 712 2361 250 als mede aen de voordere famisie ons onbescent, & blijn ik alle

3507 905 742 180 occasien oprechtelijck

5218 890 692 217 Adij 29 July 1731

3392 1051 1469 221 Twijsedrecht CeSame Balline tot: & schepen

3504 1189 2349 210 alsoo is comen toverleyden hendrick verdoenck gewesene schepene

3500 1339 2394 140 van mijne heer lijckhejdt van smindrecht, soo ist ant ick bij desen

3500 1413 2364 202 in sijne plaetse ben genstellende voor schepenen den persoon

3504 1539 2394 174 van Jan Regelaer ulsordomerende den selven daer vooren te

3492 1646 2059 165 kennen mits doende den ordenairen Gedt blijven

5238 1729 659 246 Aij 13 dy 15

3400 1771 823 182 Turnhoudt Suild: Samen

3474 1947 2453 173 ul brief de dato 30 juiij laest op sijn tijdt wel ontfanghen, daer benevent

3491 2058 2403 146 twee packen tijken, inhouden de 120 stucken tijken bedraegen de

3514 2159 2423 209 mitto ƒ 11 85:16 waer vooren ul rek is gecrediteert, & cont daer van

3453 2278 2469 162 disponeren desen tot memone Jan de commissie voor 100 stucken

3509 2391 2423 203 alle smalle strepen, welcke mij gelieve toe te senden, dogh van

3478 2516 2467 148 het alderbeste goedt & alle wel gesegelt, can niet deussen, waero

3491 2647 2442 188 mijn vrind soo slaeght datter geweest sijn die niet gesegelt warn

3482 2743 2412 196 oft de looydeen afvallen, wete nmet daerom sorght dat die valt

3477 2833 2425 251 aengeslagen worden, bidde dogh van het alderbeste goedt te

3487 3014 2468 174 senden, liever aght dagen oft meer te waghten, om geen geleener

3484 3097 2422 259 goedt daer bij te doen, gelle van ul belte, & beste fabricccteur

3484 3234 1027 219 blijv naer groetenisse

3770 3354 751 183 30 ¾ groot loot

3772 3489 608 202 20 ½ 3 segels

3752 3592 729 192 20 ¼ groot Loot

3752 3750 580 143 36 3 segels

3800 3854 671 143 4½ groot £ost

3699 4050 1191 204 100 ps: celle smelle strepen
