7892 4671
932 214 773 148 egale a mons. Coppens

901 306 2275 124 ƒ1255:1 argent de Lille & mons. Coppens doit avoir pour sa part

927 409 2326 122 „ 965:15 & alors chacquu aura la moitie, comme vous pouvriez

915 477 2363 177 facilement vous p les comptes, & pour vous en donner plus d'eclaireissement

932 579 2279 173 cy joint une memoire de ce que sun & lautre a receu, & doit recevoir

929 668 2248 216 vous priant de ne pas payer davantage, quil luy reviend alors, ie

937 781 2309 208 n'auray pas des difficicultees avec luy, touchant les revenues des biens

941 890 2338 185 de Lille, & j'espere ma chere tante, que vous auray la bonte de m'aider

950 957 2219 230 en cette occasion, & quoq que mons: Coppens vous mande, que j'ay

969 1090 2267 206 receu beaucoup plus que luy, il ny faut pas prendre egart il at

950 1193 2259 186 tachez de ramasser de largent par tout ou quil at pue, ie luy ay

974 1298 2276 179 priex de rendre son compte de la recepte, & qu'en mesme tems ie luy

944 1387 2309 221 doneroit le miens, & jusqua presant ie ne peu rien avoir j'espere

953 1492 2248 229 que le bon dieu nous assittera, il paroit d'estre encor de mauvaile

942 1632 2213 200 tolonte, aprez tant des biens & avantages qu'or luy at donne

973 1736 2228 161 ce qui regarde la refection qui ont ette ordonne par vous chez

972 1862 2278 173 boussemait dont vous avez eu la bonte de m'en donner part ie veu

954 1952 2194 211 bien quils tomvent sur le compte comm mais pas d'autres

945 2050 2303 233 har ie ne suis pas oblige, de porter la moitie des refections qui

950 2211 1484 186 de doivent faire, aprez le partage fait

962 2262 2306 239 touchant les £72:12:1 et que fen mons: de Lwijndrecht, vous devoit

968 2378 2292 232 ie vous avois priez p ma precedante du 2 sbre de vouloir les tirer

970 2497 2312 205 sur les heritiers de feu mons: de swijndiecht, puis que mons. Coppens

957 2598 2331 220 at institue un teneur des livres, pour payer les debts vous pourriez

979 2702 2291 231 faire une lettre a vine payable a mon ordre a charge de mess les

967 2821 2310 181 heritiers de feu mons: Jacques de Lannoy g: de swijndrecht & me

970 2943 2314 204 l'envoyer pour les faire payer p le caissier qui at les argents contants

948 3058 2304 173 de la maison mortuaire entre ses mains ie vous en crediteray sur

977 3161 2249 190 vre compte, ie suis tres mortfie, de vous donner tant des peines

975 3294 2146 187 soyez persuade madame & treschere tante, quil me ferat un

972 3375 2287 218 sensible plaisir de vous pouvoir estre utile, vous priant de me

977 3482 2278 222 procurer l'occasion, & me croire que ie suis avec bien du respect

982 3636 1527 183 madame melijn at l'honneur de vous faire

980 3725 2119 221 icy les compliments de mesme a toute vre chere famile

987 3883 1265 182 en y soignant aussj les miens

1021 3990 2176 251 oock gesonden copye tot wat priys de goederen van tijsel

987 4195 1283 180 aen Cosytens comen te staen

5774 194 105 137 8

4234 190 299 152 Copge

3727 265 884 178 Compte de mons: Coppend

3477 365 2065 136 p. le compte precedant en lan 1729 vous luy avez remis une lettre

3481 459 2311 138 de change de ƒ900:- a 168 e faisant argent courant de Lille ƒ1812:

3448 540 2347 189 p. le compte courant payez a son ordre 60 escus a couromes .„ 288:

3717 657 2121 205 finsy il at desa receu en argent courant de Lille. ƒ1800:-

3469 780 2012 167 Duit enfor avoir pour sa part de ce quil reviend des revannes

3472 839 2083 221 de Lille ceson le compte courant excepte les deux postes du 12 sbre

5435 905 461 198 „ 965:15

3459 972 1083 194 & 22 sbre passe, argent de Lille

4825 1050 1057 166 estenten semble ƒ 2765:15

3829 1169 1020 220 Compte de Daniel g. melijn

3486 1266 2041 197 p. le compte precedant en l'an 1729 reccu de madame dan celler

3483 1405 1957 159 prescoutre en compte £148:16:2 et a 168 t faissant en

5417 1424 422 244 ƒ1500:-

3470 1516 944 157 argent courant de Lille

5457 1600 463 131 „10:14

3477 1610 1733 192 p le compte envoye pour 12 bonnets pour madame

5426 1759 508 150 ƒ1510:14

3665 1735 1262 199 Ainsy J'ay receu en argent de Lille

3487 1858 2433 198 ie dois encor avoir pour ma part du solde du compte  255:

4753 1980 1161 123 ettant aussij ensemble ƒ2765:15

3663 2137 1879 171 le solde du compte courant doit estre  ƒ2220:16

3541 2288 1989 195 Mons: Coppens doit encor avoir argent de Lille ƒ965:15

5048 2403 477 117 „ 1255:1

3553 2410 1183 170 Dniel ge melijn sil vous plait

4081 2509 1472 186 estant sutte le solde du compte ƒ2220:16

3505 2656 2443 162 sutre tout cela les deux fermiers boussemart, & le piere doivent encora la

3488 2789 742 148 communaute scavoir

3475 2884 2388 173 Iilbert boussemart pour un anne depuis 1729 jusqua 1330 ..  ƒ1400:-

5507 2969 359 158 „ 28:

3511 2980 1446 192 phi de le Pierre p reste jusqua l'an 1730

4496 3091 1355 188 estant le rettant pour sonte commen  1478:

3511 3228 2389 163 vous me ferray plaisir, si vous voulez bien me crediter pour les ƒ1255:

3496 3376 2365 153 qui me sont due de la recepte de revonnes des biens celon le compte

3485 3467 1862 158 courant le change au prix dux & jours sur anvers

3506 3543 2368 179 vous pourriez cependant rabattre ma mortie des refections, que vous

3515 3669 2365 191 auriez payez pour celles fait a la cense de boussemart ou bien

3514 3785 2353 124 vous pourriez le rabattre sur ce que nous de vons encor recevoir

3506 3900 1448 169 de luy pour le commun comm dessus
