7748 4658
751 205 2370 118 que vous viendras, si vous venez p la diligence ie vous vienderns

755 271 2443 213 prendre a un lideu dicy, &m voiuure s en attenddant vre respon cy

787 395 1833 139 a la reception de cette ie sus tressiverement

2626 400 583 192 Ady 13 april 1729

634 502 863 155 sendt mevrouw compens

786 515 2413 230 nous avons receu, en son temt les deux agreables vres lune du 7 court: escrit

772 677 2412 199 mons: vre cher espoux & l'autre du 11 d p vre propre mainge, la quelle

776 775 2295 172 at donne beaucoup de la satisfaction a ma comp. d'autant plus

769 841 2418 178 qu'elle n'estoit pas informe du malheur qui vous estoit arrive, & quelle

781 1004 2404 131 aprend p acelle vre retablissement, cependant, nous ne laissons. pas d'estre

775 1072 2428 199 fort sensible du faule coniche, qui vous est arrive, esperant que le serg:

787 1170 2409 167 vous fera la grace de vous donner un autre friunt que vous pouray

775 1256 2440 221 cevilles en sontems a vre contentement a quel fin, nous prierons ieu

776 1379 1381 212 & quil vous conterve avec vre famile

785 1477 2354 224 nous vous sommes infinement oblige de tous vos bons souhaits, que

791 1554 2358 246 vous voulez bien nous rectirer avec nre petite fille, dont nout vous

781 1652 2403 254 avons pris pour marime au fons du baptaime, celon vos offres

771 1778 2392 205 obligeantes, & on la donne le nom de maria tresia Carolina

787 1911 2348 194 averant, que vous en seray contante, & que vous nous ferray

775 2020 2435 173 l'honneur de le venur voir en comp. de mons. vre chernortie

792 2142 2414 173 pendant les vacances des pasques, vous offrant de reches a tout

768 2252 2469 200 deux nre maison pour vre logement, & vous nous ferray beaucoup

776 2354 2460 204 du plaisir, si nous pouvous avoir le bonheur de vous y recevoir

800 2454 2367 155 ce qui donnere lien de pouvoir faire un partage des biens

757 2571 2423 178 de feu nre pere amiablement & en cette attente nous avons

781 2682 2456 157 l'honneur de vous souhaiter & a mon. vre cher espour mons.

777 2773 2429 164 vre frere les faites des pasques aussij d'avanc tres salutaires

780 2877 2449 225 esperant de le pouvoir faire de touche, & suis avez offres de

779 3035 562 139 mes services

777 3047 2398 220 mon espouze vous fait les compliments dame & de coeur p

795 3208 2446 193 ie vous prie de me marque le jour de vre depart a fin que

808 3357 2107 191 ie puis avoir le plaisir de venir a vre rencoutre

2472 3436 630 194 Adij 14 april

571 3477 984 210 Brussel mons: baillieu

773 3576 2453 156 vre agreable du 10 jourd m'at este rendue p paul, p la quelle vous

799 3686 2384 176 me marque de me venir trouver icy pour les fettes des pasque, ce

785 3839 2451 136 quime fera beaucoup du plaisir, & quoy que vous dite pour convent

798 3923 2425 145 qu tems positive pour comencer a ma galere, ie veu esperer, que

802 4036 2431 176 vous feniray vre ouvrage avant de retourner e bouxelles, & que

795 4155 2437 187 vous apporteray avec vous tout ce que vous auray besoing, a cette

811 4236 2412 232 effect, considerez sil vous plait, quil y plus de 14 jours, que la

3505 173 2445 144 caisse est en ma maison, & qu'on ny peut plus avancer la moindre

3494 256 2424 165 chose si non, que vre beuvrage soit fait ainsj mons: ie vous prie

3487 340 2446 180 de regler tellement vos offaires, que vous seray en estat de comencer

3504 470 2408 147 icy le premier jour douvoiere apres les fettes, d'autant plus a

3488 538 2442 183 cause que ie serez oblige de faire un voyage daix & spaa au

3498 647 2421 151 mois de may & en attendant le plaisir de vous recevoir icy

3490 757 972 182 ie suis tres sincerement

5229 783 602 198 Ady 15 april

3296 879 857 150 Brussel mons. mean

3435 933 2461 219 J'ay aspis p l'honneur de la vre du 7 courant que vous aviez reccu

3478 1064 2451 151 la caisse avec les chassies, & prise les mesures, tellementt que vous

3512 1179 2427 189 ne ces aviez plus besoing, & que ie vous divois le nom du messagies

3500 1291 2464 193 qui vous l'at aporte, a yaut pour cette raison, retarde si long temp

3501 1408 2458 190 pour vous respondre, & que le mesme messarier me rapoiteroit la

3500 1537 2389 159 caisse, qui sapelle francois van thliusvelt, porteur de cette

3497 1627 2430 172 vous priant de la luy mettre en mains oudre paul ne m'at

3506 1757 2402 160 rien dit de vre part, mais mons. Enjf m avoit raporte, que

3522 1823 2243 183 mad: vre espouze avoit laisse les sept places a vingt s

3531 1941 2317 188 pistols, a conditions de les livrer icy en anvers a cces visques

3488 2037 2382 203 & depends, ainsy mons. j'espere de les recevoir bien conditione

3513 2165 2381 196 vre propre manes, & ie vous les ferray le payement en

3505 2272 2477 157 mes me demis ne doudant posnt quelles seront a ma satis factia

3511 2394 2439 201 puis que vous les aivez u bien recomande a vre correspondant

3500 2513 2415 151 & avec tout cela, elles ne sont que dune medioure a vandeur

3505 2592 2266 214 & En attendant e plais ie de vous voire, ie suis tres

3517 2750 614 202 parfaittement

5289 2755 607 202 Ady 23 apiil

3328 2874 1536 179 Senet madam Coppens p mijn vrouw

3514 2987 2469 140 J'aij, mais auvays estez plus sensiblement touche de vre moispositie

3511 3084 2456 160 si ie ne l'aurois appris, et en mesme tems vre resallissement entiere

3489 3188 2315 198 dont ie vous fclucite en ciant este vavie de tout mon coeur, mon

3517 3319 2338 155 espoux avoit differre de me donner part de l'accident fatal vous

3516 3405 2435 190 arrive, pour ne me point causer du chagrin, dans lestat ou ie suis

3489 3524 2412 200 jus qua la reception de vre agreable lettres quoy que ie m'ai

3504 3691 2436 121 toujours porte raisonnablement bien, pendat mes souches & nre

3514 3729 2445 189 petite fille vient a merveille, nous vous sommes oblige de ce que

3514 3855 2419 204 vous avez bien voulue l'honorer den estre marane, & des bons

3494 3997 2480 194 souhaits, que vous nous faite ca cet presentes fettes de paques

3506 4091 2470 217 que nous vous reciproquons de coeur & any eu vous persuadant

3514 4188 2459 253 que l'on ne s vous anner plus sincerement, que ie ne le
