<?xml version="1.0" encoding="UTF-8"?>
<alto xmlns:xsi="http://www.w3.org/2001/XMLSchema-instance"
      xmlns="http://www.loc.gov/standards/alto/ns-v4#"
      xmlns:page="http://schema.primaresearch.org/PAGE/gts/pagecontent/2013-07-15"
      xsi:schemaLocation="http://www.loc.gov/standards/alto/ns-v4# https://www.loc.gov/standards/alto/v4/alto.xsd">
   <Description>
      <MeasurementUnit>pixel</MeasurementUnit>
      <OCRProcessing ID="IdOcr">
         <ocrProcessingStep>
            <processingDateTime>2022-02-11T21:46:26.147+01:00</processingDateTime>
            <processingSoftware>
               <softwareCreator>READ COOP</softwareCreator>
               <softwareName>Transkribus</softwareName>
            </processingSoftware>
         </ocrProcessingStep>
      </OCRProcessing>
   </Description>
   <Layout>
      <Page ID="Page1" PHYSICAL_IMG_NR="1" HEIGHT="4658" WIDTH="8104">
         <TopMargin HEIGHT="0" WIDTH="8104" VPOS="0" HPOS="0"/>
         <LeftMargin HEIGHT="4658" WIDTH="0" VPOS="0" HPOS="0"/>
         <RightMargin HEIGHT="4658" WIDTH="0" VPOS="0" HPOS="8104"/>
         <BottomMargin HEIGHT="0" WIDTH="8104" VPOS="4658" HPOS="0"/>
         <PrintSpace HEIGHT="4658" WIDTH="8104" VPOS="0" HPOS="0">
            <TextBlock ID="region_1644588599255_3447"
                       HEIGHT="2310"
                       WIDTH="2257"
                       VPOS="1367"
                       HPOS="1016">
               <Shape>
                  <Polygon POINTS="1016,1367 3273,1367 3273,3677 1016,3677"/>
               </Shape>
               <TextLine ID="region_1644588599255_3447l1"
                         BASELINE="1110,1516 1217,1521 1324,1525 1431,1528 1538,1528 1646,1530 1753,1530 1860,1530 1967,1528 2074,1528 2182,1526 2289,1526 2396,1525 2503,1524 2610,1524 2718,1524 2825,1526 2932,1528 3039,1530 3146,1534 3254,1538"
                         HEIGHT="228"
                         WIDTH="2173"
                         VPOS="1404"
                         HPOS="1096">
                  <String ID="string_region_1644588599255_3447l1"
                          HEIGHT="228"
                          WIDTH="2173"
                          VPOS="1404"
                          HPOS="1096"
                          CONTENT="arriere quoy que cela n'ait aucunemnt dependu"/>
               </TextLine>
               <TextLine ID="region_1644588599255_3447l2"
                         BASELINE="1056,1652 1166,1654 1276,1656 1387,1658 1497,1658 1608,1658 1718,1659 1828,1660 1939,1660 2049,1660 2160,1660 2270,1660 2380,1660 2491,1660 2601,1662 2712,1662 2822,1664 2932,1666 3043,1668 3153,1671 3264,1674"
                         HEIGHT="185"
                         WIDTH="2239"
                         VPOS="1552"
                         HPOS="1041">
                  <String ID="string_region_1644588599255_3447l2"
                          HEIGHT="185"
                          WIDTH="2239"
                          VPOS="1552"
                          HPOS="1041"
                          CONTENT="de moy ny de mon predecesseur mais uniquement"/>
               </TextLine>
               <TextLine ID="region_1644588599255_3447l3"
                         BASELINE="1056,1776 1162,1780 1268,1785 1375,1788 1481,1790 1588,1793 1694,1794 1800,1796 1907,1798 2013,1798 2120,1798 2226,1800 2332,1800 2439,1800 2545,1800 2652,1801 2758,1802 2864,1802 2971,1804 3077,1804 3184,1806"
                         HEIGHT="220"
                         WIDTH="2158"
                         VPOS="1656"
                         HPOS="1042">
                  <String ID="string_region_1644588599255_3447l3"
                          HEIGHT="220"
                          WIDTH="2158"
                          VPOS="1656"
                          HPOS="1042"
                          CONTENT="des tresvoiers et receveurs de la ville d'anvers"/>
               </TextLine>
               <TextLine ID="region_1644588599255_3447l4"
                         BASELINE="1080,1914 1182,1920 1285,1927 1387,1932 1490,1934 1593,1938 1695,1940 1798,1940 1900,1940 2003,1942 2106,1940 2208,1940 2311,1940 2413,1940 2516,1940 2619,1940 2721,1942 2824,1944 2926,1946 3029,1949 3132,1954"
                         HEIGHT="202"
                         WIDTH="2083"
                         VPOS="1816"
                         HPOS="1064">
                  <String ID="string_region_1644588599255_3447l4"
                          HEIGHT="202"
                          WIDTH="2083"
                          VPOS="1816"
                          HPOS="1064"
                          CONTENT="avec les quels l'on na pas pu obtenir l'a "/>
               </TextLine>
               <TextLine ID="region_1644588599255_3447l5"
                         BASELINE="1040,2054 1149,2060 1258,2066 1367,2069 1477,2073 1586,2076 1695,2078 1805,2080 1914,2082 2023,2082 2133,2082 2242,2084 2351,2084 2460,2084 2570,2084 2679,2084 2788,2084 2898,2086 3007,2086 3116,2087 3226,2088"
                         HEIGHT="216"
                         WIDTH="2215"
                         VPOS="1961"
                         HPOS="1025">
                  <String ID="string_region_1644588599255_3447l5"
                          HEIGHT="216"
                          WIDTH="2215"
                          VPOS="1961"
                          HPOS="1025"
                          CONTENT="Liquidation, de ce quils ont receu de leur cotte"/>
               </TextLine>
               <TextLine ID="region_1644588599255_3447l6"
                         BASELINE="1052,2190 1162,2194 1273,2199 1383,2203 1494,2206 1605,2210 1715,2212 1826,2213 1936,2214 2047,2216 2158,2216 2268,2216 2379,2216 2489,2216 2600,2216 2711,2216 2821,2216 2932,2216 3042,2217 3153,2218 3264,2218"
                         HEIGHT="214"
                         WIDTH="2243"
                         VPOS="2090"
                         HPOS="1036">
                  <String ID="string_region_1644588599255_3447l6"
                          HEIGHT="214"
                          WIDTH="2243"
                          VPOS="2090"
                          HPOS="1036"
                          CONTENT="depuis quel y a eu un pout sur l'escaut en "/>
               </TextLine>
               <TextLine ID="region_1644588599255_3447l7"
                         BASELINE="1048,2330 1155,2330 1263,2332 1370,2333 1478,2334 1586,2336 1693,2338 1801,2340 1908,2342 2016,2345 2124,2346 2231,2349 2339,2350 2446,2352 2554,2352 2662,2354 2769,2354 2877,2354 2984,2352 3092,2351 3200,2348"
                         HEIGHT="218"
                         WIDTH="2187"
                         VPOS="2213"
                         HPOS="1031">
                  <String ID="string_region_1644588599255_3447l7"
                          HEIGHT="218"
                          WIDTH="2187"
                          VPOS="2213"
                          HPOS="1031"
                          CONTENT="quoy la Ma est de mesme interessa, d'autant"/>
               </TextLine>
               <TextLine ID="region_1644588599255_3447l8"
                         BASELINE="1062,2464 1168,2466 1275,2468 1382,2470 1488,2474 1595,2475 1702,2478 1808,2478 1915,2480 2022,2482 2129,2482 2235,2482 2342,2484 2449,2484 2555,2484 2662,2484 2769,2482 2875,2482 2982,2481 3089,2480 3196,2478"
                         HEIGHT="220"
                         WIDTH="2165"
                         VPOS="2346"
                         HPOS="1045">
                  <String ID="string_region_1644588599255_3447l8"
                          HEIGHT="220"
                          WIDTH="2165"
                          VPOS="2346"
                          HPOS="1045"
                          CONTENT="que son doukieme denier s'en doit dinnnder ou"/>
               </TextLine>
               <TextLine ID="region_1644588599255_3447l9"
                         BASELINE="1076,2594 1178,2598 1280,2602 1382,2605 1484,2608 1587,2610 1689,2612 1791,2612 1893,2614 1995,2616 2098,2616 2200,2616 2302,2618 2404,2618 2506,2618 2609,2620 2711,2620 2813,2621 2915,2622 3017,2624 3120,2626"
                         HEIGHT="193"
                         WIDTH="2075"
                         VPOS="2528"
                         HPOS="1062">
                  <String ID="string_region_1644588599255_3447l9"
                          HEIGHT="193"
                          WIDTH="2075"
                          VPOS="2528"
                          HPOS="1062"
                          CONTENT="augmenter et que sans cette liquidation "/>
               </TextLine>
               <TextLine ID="region_1644588599255_3447l10"
                         BASELINE="1072,2728 1176,2730 1281,2732 1385,2734 1490,2736 1595,2738 1699,2740 1804,2742 1908,2744 2013,2746 2118,2748 2222,2749 2327,2750 2431,2752 2536,2754 2641,2754 2745,2756 2850,2757 2954,2758 3059,2758 3164,2760"
                         HEIGHT="232"
                         WIDTH="2123"
                         VPOS="2612"
                         HPOS="1058">
                  <String ID="string_region_1644588599255_3447l10"
                          HEIGHT="232"
                          WIDTH="2123"
                          VPOS="2612"
                          HPOS="1058"
                          CONTENT="preallable, ie ne puis former ny deliver les"/>
               </TextLine>
               <TextLine ID="region_1644588599255_3447l11"
                         BASELINE="1058,2856 1134,2858 1210,2861 1287,2864 1363,2866 1440,2868 1516,2870 1592,2873 1669,2874 1745,2876 1822,2878 1898,2880 1974,2880 2051,2882 2127,2884 2204,2884 2280,2885 2356,2886 2433,2886 2509,2886 2586,2888"
                         HEIGHT="244"
                         WIDTH="1560"
                         VPOS="2739"
                         HPOS="1042">
                  <String ID="string_region_1644588599255_3447l11"
                          HEIGHT="244"
                          WIDTH="1560"
                          VPOS="2739"
                          HPOS="1042"
                          CONTENT="comptes d'une maniere pertinente"/>
               </TextLine>
               <TextLine ID="region_1644588599255_3447l12"
                         BASELINE="1052,2998 1154,3001 1257,3002 1360,3005 1463,3006 1566,3008 1669,3010 1772,3012 1875,3014 1978,3016 2081,3016 2183,3018 2286,3020 2389,3022 2492,3024 2595,3026 2698,3028 2801,3030 2904,3032 3007,3034 3110,3036"
                         HEIGHT="231"
                         WIDTH="2088"
                         VPOS="2887"
                         HPOS="1038">
                  <String ID="string_region_1644588599255_3447l12"
                          HEIGHT="231"
                          WIDTH="2088"
                          VPOS="2887"
                          HPOS="1038"
                          CONTENT="a cette fin ie leurs ay communique la ditte"/>
               </TextLine>
               <TextLine ID="region_1644588599255_3447l13"
                         BASELINE="1054,3136 1156,3140 1259,3144 1361,3147 1464,3150 1566,3152 1669,3154 1771,3156 1874,3156 1976,3158 2079,3160 2181,3160 2284,3162 2386,3162 2489,3164 2591,3166 2694,3168 2796,3172 2899,3174 3001,3178 3104,3182"
                         HEIGHT="227"
                         WIDTH="2085"
                         VPOS="3022"
                         HPOS="1037">
                  <String ID="string_region_1644588599255_3447l13"
                          HEIGHT="227"
                          WIDTH="2085"
                          VPOS="3022"
                          HPOS="1037"
                          CONTENT="lettre de vos serg sllust ls suivant la quelle "/>
               </TextLine>
               <TextLine ID="region_1644588599255_3447l14"
                         BASELINE="1056,3268 1162,3270 1269,3272 1375,3275 1482,3278 1588,3278 1695,3280 1801,3282 1908,3285 2014,3286 2121,3289 2227,3292 2334,3293 2440,3296 2547,3298 2653,3301 2760,3304 2866,3308 2973,3311 3079,3315 3186,3320"
                         HEIGHT="229"
                         WIDTH="2162"
                         VPOS="3148"
                         HPOS="1041">
                  <String ID="string_region_1644588599255_3447l14"
                          HEIGHT="229"
                          WIDTH="2162"
                          VPOS="3148"
                          HPOS="1041"
                          CONTENT="il m'ont assitre, de fir cette affaire en peu de "/>
               </TextLine>
               <TextLine ID="region_1644588599255_3447l15"
                         BASELINE="1060,3400 1165,3400 1270,3402 1376,3404 1481,3406 1587,3408 1692,3412 1797,3414 1903,3417 2008,3420 2114,3423 2219,3426 2324,3428 2430,3432 2535,3434 2641,3438 2746,3440 2851,3442 2957,3444 3062,3446 3168,3448"
                         HEIGHT="221"
                         WIDTH="2141"
                         VPOS="3288"
                         HPOS="1044">
                  <String ID="string_region_1644588599255_3447l15"
                          HEIGHT="221"
                          WIDTH="2141"
                          VPOS="3288"
                          HPOS="1044"
                          CONTENT="tems a quoy ie continueray mes sevoirs, eutre"/>
               </TextLine>
            </TextBlock>
            <TextBlock ID="region_1644588602319_3450"
                       HEIGHT="3004"
                       WIDTH="2472"
                       VPOS="1322"
                       HPOS="3467">
               <Shape>
                  <Polygon POINTS="3467,1322 5939,1322 5939,4326 3467,4326"/>
               </Shape>
               <TextLine ID="region_1644588602319_3450l1"
                         BASELINE="5078,1408 5104,1406 5130,1406 5156,1407 5182,1408 5208,1409 5234,1412"
                         HEIGHT="125"
                         WIDTH="189"
                         VPOS="1337"
                         HPOS="5062">
                  <String ID="string_region_1644588602319_3450l1"
                          HEIGHT="125"
                          WIDTH="189"
                          VPOS="1337"
                          HPOS="5062"
                          CONTENT="ieef"/>
               </TextLine>
               <TextLine ID="region_1644588602319_3450l2"
                         BASELINE="4772,1432 4800,1432 4828,1432 4856,1432 4884,1432"
                         HEIGHT="93"
                         WIDTH="141"
                         VPOS="1366"
                         HPOS="4758">
                  <String ID="string_region_1644588602319_3450l2"
                          HEIGHT="93"
                          WIDTH="141"
                          VPOS="1366"
                          HPOS="4758"
                          CONTENT="24"/>
               </TextLine>
               <TextLine ID="region_1644588602319_3450l3"
                         BASELINE="3544,1510 3663,1508 3783,1506 3902,1504 4022,1502 4141,1500 4261,1498 4380,1496 4500,1494 4619,1492 4739,1490 4858,1488 4978,1486 5097,1484 5217,1484 5336,1482 5456,1480 5575,1480 5695,1478 5814,1478 5934,1478"
                         HEIGHT="266"
                         WIDTH="2423"
                         VPOS="1340"
                         HPOS="3526">
                  <String ID="string_region_1644588602319_3450l3"
                          HEIGHT="266"
                          WIDTH="2423"
                          VPOS="1340"
                          HPOS="3526"
                          CONTENT="temps j'espere, que vos serg: clust= me voudront bien"/>
               </TextLine>
               <TextLine ID="region_1644588602319_3450l4"
                         BASELINE="3512,1644 3630,1640 3748,1638 3866,1634 3984,1632 4102,1630 4220,1627 4338,1626 4456,1624 4574,1622 4693,1621 4811,1620 4929,1620 5047,1618 5165,1618 5283,1618 5401,1618 5519,1618 5637,1618 5755,1618 5874,1618"
                         HEIGHT="239"
                         WIDTH="2395"
                         VPOS="1500"
                         HPOS="3495">
                  <String ID="string_region_1644588602319_3450l4"
                          HEIGHT="239"
                          WIDTH="2395"
                          VPOS="1500"
                          HPOS="3495"
                          CONTENT="fenir diligent, pour quelque terme raisonnable ciant"/>
               </TextLine>
               <TextLine ID="region_1644588602319_3450l5"
                         BASELINE="3516,1774 3602,1774 3688,1774 3774,1773 3860,1772 3946,1770 4032,1770 4118,1768 4204,1766 4290,1766 4376,1764 4462,1762 4548,1760 4634,1760 4720,1758 4806,1758 4892,1758 4978,1758 5064,1758 5150,1758 5236,1760"
                         HEIGHT="239"
                         WIDTH="1753"
                         VPOS="1621"
                         HPOS="3499">
                  <String ID="string_region_1644588602319_3450l5"
                          HEIGHT="239"
                          WIDTH="1753"
                          VPOS="1621"
                          HPOS="3499"
                          CONTENT="l'honneur d'estre ave bien du respect"/>
               </TextLine>
               <TextLine ID="region_1644588602319_3450l6"
                         BASELINE="4342,2272 4386,2264 4431,2258 4475,2250 4520,2245 4565,2240 4609,2236 4654,2232 4698,2230 4743,2228 4788,2226 4832,2225 4877,2224 4921,2222 4966,2221 5011,2220 5055,2218 5100,2218 5144,2216 5189,2214 5234,2212"
                         HEIGHT="275"
                         WIDTH="926"
                         VPOS="2070"
                         HPOS="4324">
                  <String ID="string_region_1644588602319_3450l6"
                          HEIGHT="275"
                          WIDTH="926"
                          VPOS="2070"
                          HPOS="4324"
                          CONTENT="essergneurs "/>
               </TextLine>
               <TextLine ID="region_1644588602319_3450l7"
                         BASELINE="5356,2314 5384,2315 5412,2317 5440,2319 5468,2322 5496,2324 5524,2322"
                         HEIGHT="154"
                         WIDTH="202"
                         VPOS="2190"
                         HPOS="5342">
                  <String ID="string_region_1644588602319_3450l7"
                          HEIGHT="154"
                          WIDTH="202"
                          VPOS="2190"
                          HPOS="5342"
                          CONTENT="dinet"/>
               </TextLine>
               <TextLine ID="region_1644588602319_3450l8"
                         BASELINE="3908,2470 3984,2468 4060,2465 4136,2462 4212,2460 4288,2456 4364,2454 4440,2452 4516,2449 4592,2447 4668,2444 4744,2442 4820,2440 4896,2438 4972,2436 5048,2434 5124,2432 5200,2432 5276,2430 5352,2428 5428,2428"
                         HEIGHT="266"
                         WIDTH="1556"
                         VPOS="2271"
                         HPOS="3888">
                  <String ID="string_region_1644588602319_3450l8"
                          HEIGHT="266"
                          WIDTH="1556"
                          VPOS="2271"
                          HPOS="3888"
                          CONTENT="De Vos secgneuries Ilust"/>
               </TextLine>
               <TextLine ID="region_1644588602319_3450l9"
                         BASELINE="4822,2682 4873,2677 4925,2674 4976,2670 5028,2668 5080,2666 5131,2665 5183,2664 5234,2662 5286,2662 5338,2662 5389,2662 5441,2662 5492,2660 5544,2660 5596,2658 5647,2657 5699,2656 5750,2653 5802,2650 5854,2646"
                         HEIGHT="273"
                         WIDTH="1066"
                         VPOS="2482"
                         HPOS="4804">
                  <String ID="string_region_1644588602319_3450l9"
                          HEIGHT="273"
                          WIDTH="1066"
                          VPOS="2482"
                          HPOS="4804"
                          CONTENT="de Tres husnble &amp; res"/>
               </TextLine>
               <TextLine ID="region_1644588602319_3450l10"
                         BASELINE="4796,2812 4845,2810 4895,2808 4945,2808 4994,2806 5044,2806 5094,2804 5143,2804 5193,2804 5243,2804 5293,2804 5342,2804 5392,2804 5442,2802 5491,2802 5541,2800 5591,2799 5640,2798 5690,2795 5740,2793 5790,2790"
                         HEIGHT="154"
                         WIDTH="1023"
                         VPOS="2683"
                         HPOS="4781">
                  <String ID="string_region_1644588602319_3450l10"
                          HEIGHT="154"
                          WIDTH="1023"
                          VPOS="2683"
                          HPOS="4781"
                          CONTENT="obsesdant serviteers"/>
               </TextLine>
               <TextLine ID="region_1644588602319_3450l11"
                         BASELINE="3512,3056 3575,3054 3638,3054 3701,3054 3764,3054 3827,3052 3890,3052 3953,3052 4016,3050 4079,3050 4142,3048 4205,3048 4268,3048 4331,3046 4394,3046 4457,3046 4520,3046 4583,3044 4646,3046 4709,3046 4772,3046"
                         HEIGHT="268"
                         WIDTH="1290"
                         VPOS="2881"
                         HPOS="3496">
                  <String ID="string_region_1644588602319_3450l11"
                          HEIGHT="268"
                          WIDTH="1290"
                          VPOS="2881"
                          HPOS="3496"
                          CONTENT="d'Anvers le 29 jullet 1732"/>
               </TextLine>
               <TextLine ID="region_1644588602319_3450l12"
                         BASELINE="4278,3220 4303,3222 4328,3225 4353,3226 4378,3228 4403,3228 4428,3228 4453,3228 4478,3228 4503,3228 4528,3228 4553,3228 4578,3228 4603,3228 4628,3228 4653,3229 4678,3230 4704,3230"
                         HEIGHT="220"
                         WIDTH="456"
                         VPOS="3093"
                         HPOS="4263">
                  <String ID="string_region_1644588602319_3450l12"
                          HEIGHT="220"
                          WIDTH="456"
                          VPOS="3093"
                          HPOS="4263"
                          CONTENT="op schrift"/>
               </TextLine>
               <TextLine ID="region_1644588602319_3450l13"
                         BASELINE="3800,3450 3844,3450 3889,3448 3934,3448 3979,3446 4024,3446 4068,3444 4113,3444 4158,3444 4203,3443 4248,3442 4292,3442 4337,3442 4382,3442 4427,3442 4472,3442 4516,3444 4561,3444 4606,3444 4651,3446 4696,3446"
                         HEIGHT="238"
                         WIDTH="926"
                         VPOS="3271"
                         HPOS="3785">
                  <String ID="string_region_1644588602319_3450l13"
                          HEIGHT="238"
                          WIDTH="926"
                          VPOS="3271"
                          HPOS="3785"
                          CONTENT="Messcignenvs"/>
               </TextLine>
               <TextLine ID="region_1644588602319_3450l14"
                         BASELINE="3524,3678 3629,3672 3734,3666 3839,3663 3945,3659 4050,3656 4155,3654 4261,3652 4366,3652 4471,3650 4577,3650 4682,3650 4787,3650 4892,3652 4998,3652 5103,3654 5208,3654 5314,3656 5419,3658 5524,3659 5630,3660"
                         HEIGHT="283"
                         WIDTH="2135"
                         VPOS="3483"
                         HPOS="3509">
                  <String ID="string_region_1644588602319_3450l14"
                          HEIGHT="283"
                          WIDTH="2135"
                          VPOS="3483"
                          HPOS="3509"
                          CONTENT="Messeigneurs les Presidant Consilliers "/>
               </TextLine>
               <TextLine ID="region_1644588602319_3450l15"
                         BASELINE="3510,3836 3629,3836 3748,3836 3867,3836 3986,3836 4106,3834 4225,3834 4344,3832 4463,3832 4582,3830 4702,3830 4821,3828 4940,3828 5059,3828 5178,3826 5298,3826 5417,3826 5536,3828 5655,3828 5774,3830 5894,3832"
                         HEIGHT="228"
                         WIDTH="2413"
                         VPOS="3692"
                         HPOS="3495">
                  <String ID="string_region_1644588602319_3450l15"
                          HEIGHT="228"
                          WIDTH="2413"
                          VPOS="3692"
                          HPOS="3495"
                          CONTENT="et maistres de la chambre des comptes de sa May"/>
               </TextLine>
               <TextLine ID="region_1644588602319_3450l16"
                         BASELINE="3500,3980 3544,3982 3589,3986 3634,3986 3679,3988 3724,3988 3768,3989 3813,3989 3858,3988 3903,3988 3948,3987 3992,3986 4037,3984 4082,3983 4127,3981 4172,3980 4216,3978 4261,3975 4306,3973 4351,3972 4396,3970"
                         HEIGHT="245"
                         WIDTH="930"
                         VPOS="3843"
                         HPOS="3482">
                  <String ID="string_region_1644588602319_3450l16"
                          HEIGHT="245"
                          WIDTH="930"
                          VPOS="3843"
                          HPOS="3482"
                          CONTENT="Timperial &amp; atolique "/>
               </TextLine>
               <TextLine ID="region_1644588602319_3450l17"
                         BASELINE="4436,4152 4464,4151 4493,4150 4522,4148 4550,4145 4579,4142 4608,4140"
                         HEIGHT="287"
                         WIDTH="220"
                         VPOS="3966"
                         HPOS="4409">
                  <String ID="string_region_1644588602319_3450l17"
                          HEIGHT="287"
                          WIDTH="220"
                          VPOS="3966"
                          HPOS="4409"
                          CONTENT="l"/>
               </TextLine>
               <TextLine ID="region_1644588602319_3450l18"
                         BASELINE="5080,4176 5115,4176 5151,4176 5187,4176 5222,4176 5258,4174 5294,4174 5329,4174 5365,4173 5401,4172 5437,4172 5472,4172 5508,4170 5544,4170 5579,4170 5615,4170 5651,4170 5686,4168 5722,4168 5758,4168 5794,4168"
                         HEIGHT="254"
                         WIDTH="748"
                         VPOS="3985"
                         HPOS="5063">
                  <String ID="string_region_1644588602319_3450l18"
                          HEIGHT="254"
                          WIDTH="748"
                          VPOS="3985"
                          HPOS="5063"
                          CONTENT="Brusilles"/>
               </TextLine>
            </TextBlock>
         </PrintSpace>
      </Page>
   </Layout>
</alto>
