<?xml version="1.0" encoding="UTF-8"?>
<alto xmlns:xsi="http://www.w3.org/2001/XMLSchema-instance"
      xmlns="http://www.loc.gov/standards/alto/ns-v4#"
      xmlns:page="http://schema.primaresearch.org/PAGE/gts/pagecontent/2013-07-15"
      xsi:schemaLocation="http://www.loc.gov/standards/alto/ns-v4# https://www.loc.gov/standards/alto/v4/alto.xsd">
   <Description>
      <MeasurementUnit>pixel</MeasurementUnit>
      <OCRProcessing ID="IdOcr">
         <ocrProcessingStep>
            <processingDateTime>2022-02-11T21:46:20.88+01:00</processingDateTime>
            <processingSoftware>
               <softwareCreator>READ COOP</softwareCreator>
               <softwareName>Transkribus</softwareName>
            </processingSoftware>
         </ocrProcessingStep>
      </OCRProcessing>
   </Description>
   <Layout>
      <Page ID="Page1" PHYSICAL_IMG_NR="1" HEIGHT="4630" WIDTH="7891">
         <TopMargin HEIGHT="0" WIDTH="7891" VPOS="0" HPOS="0"/>
         <LeftMargin HEIGHT="4630" WIDTH="0" VPOS="0" HPOS="0"/>
         <RightMargin HEIGHT="4630" WIDTH="0" VPOS="0" HPOS="7891"/>
         <BottomMargin HEIGHT="0" WIDTH="7891" VPOS="4630" HPOS="0"/>
         <PrintSpace HEIGHT="4630" WIDTH="7891" VPOS="0" HPOS="0">
            <TextBlock ID="region_1644585117114_2266"
                       HEIGHT="4281"
                       WIDTH="2557"
                       VPOS="158"
                       HPOS="689">
               <Shape>
                  <Polygon POINTS="689,158 3246,158 3246,4439 689,4439"/>
               </Shape>
               <TextLine ID="region_1644585117114_2266l1"
                         BASELINE="956,274 1070,276 1184,278 1298,280 1413,280 1527,282 1641,282 1756,284 1870,284 1984,285 2099,286 2213,286 2327,285 2441,284 2556,284 2670,283 2784,282 2899,280 3013,278 3127,276 3242,274"
                         HEIGHT="146"
                         WIDTH="2318"
                         VPOS="192"
                         HPOS="940">
                  <String ID="string_region_1644585117114_2266l1"
                          HEIGHT="146"
                          WIDTH="2318"
                          VPOS="192"
                          HPOS="940"
                          CONTENT="faire les payement aux interessees, de la rente, a sa charge, &amp; que ie"/>
               </TextLine>
               <TextLine ID="region_1644585117114_2266l2"
                         BASELINE="964,380 1077,380 1191,380 1304,380 1418,380 1532,382 1645,382 1759,382 1872,383 1986,384 2100,384 2213,384 2327,384 2440,382 2554,382 2668,380 2781,378 2895,376 3008,373 3122,370 3236,366"
                         HEIGHT="185"
                         WIDTH="2302"
                         VPOS="272"
                         HPOS="948">
                  <String ID="string_region_1644585117114_2266l2"
                          HEIGHT="185"
                          WIDTH="2302"
                          VPOS="272"
                          HPOS="948"
                          CONTENT="ne peut ny veut faire auqune innovation, lay  sortement priez"/>
               </TextLine>
               <TextLine ID="region_1644585117114_2266l3"
                         BASELINE="924,480 1033,482 1142,482 1251,482 1360,482 1469,484 1578,484 1687,486 1796,486 1905,486 2014,486 2123,486 2232,486 2341,486 2450,484 2559,482 2668,479 2777,476 2886,472 2995,467 3104,462"
                         HEIGHT="202"
                         WIDTH="2210"
                         VPOS="367"
                         HPOS="909">
                  <String ID="string_region_1644585117114_2266l3"
                          HEIGHT="202"
                          WIDTH="2210"
                          VPOS="367"
                          HPOS="909"
                          CONTENT="de me donner ses ordres positives pour faire la distribution "/>
               </TextLine>
               <TextLine ID="region_1644585117114_2266l4"
                         BASELINE="954,584 1067,587 1181,590 1294,592 1408,593 1522,594 1635,596 1749,596 1862,596 1976,596 2090,594 2203,594 2317,592 2430,590 2544,588 2658,586 2771,582 2885,578 2998,574 3112,570 3226,566"
                         HEIGHT="199"
                         WIDTH="2303"
                         VPOS="479"
                         HPOS="939">
                  <String ID="string_region_1644585117114_2266l4"
                          HEIGHT="199"
                          WIDTH="2303"
                          VPOS="479"
                          HPOS="939"
                          CONTENT="&amp; que sans cela, ie n'en ferray rien, sur quoy j'attend sa responce"/>
               </TextLine>
               <TextLine ID="region_1644585117114_2266l5"
                         BASELINE="978,688 1012,690 1047,690 1081,690 1116,690 1151,690 1185,690 1220,692 1254,692 1289,692 1324,692 1358,692 1393,693 1427,694 1462,694 1497,694 1531,694 1566,694 1600,694 1635,696 1670,696"
                         HEIGHT="144"
                         WIDTH="723"
                         VPOS="606"
                         HPOS="962">
                  <String ID="string_region_1644585117114_2266l5"
                          HEIGHT="144"
                          WIDTH="723"
                          VPOS="606"
                          HPOS="962"
                          CONTENT="avec impatience"/>
               </TextLine>
               <TextLine ID="region_1644585117114_2266l6"
                         BASELINE="980,808 1090,806 1201,806 1311,804 1422,804 1532,804 1643,802 1753,802 1864,802 1974,800 2085,800 2195,798 2306,798 2416,796 2527,794 2637,792 2748,790 2858,787 2969,784 3079,780 3190,776"
                         HEIGHT="157"
                         WIDTH="2242"
                         VPOS="695"
                         HPOS="964">
                  <String ID="string_region_1644585117114_2266l6"
                          HEIGHT="157"
                          WIDTH="2242"
                          VPOS="695"
                          HPOS="964"
                          CONTENT="J'ay a la fin trouve occasion de vous remettre £1000:- argent de"/>
               </TextLine>
               <TextLine ID="region_1644585117114_2266l7"
                         BASELINE="972,912 1081,910 1191,910 1300,910 1410,910 1520,908 1629,908 1739,908 1848,908 1958,908 2068,906 2177,906 2287,905 2396,904 2506,902 2616,900 2725,898 2835,896 2944,894 3054,892 3164,888"
                         HEIGHT="185"
                         WIDTH="2222"
                         VPOS="810"
                         HPOS="958">
                  <String ID="string_region_1644585117114_2266l7"
                          HEIGHT="185"
                          WIDTH="2222"
                          VPOS="810"
                          HPOS="958"
                          CONTENT="change sur gand au pair, que ie vous envoye cy joint, scavoir"/>
               </TextLine>
               <TextLine ID="region_1644585117114_2266l8"
                         BASELINE="982,1020 1092,1020 1202,1020 1312,1018 1422,1019 1532,1020 1642,1020 1752,1020 1862,1020 1972,1022 2082,1022 2192,1022 2302,1022 2412,1022 2522,1020 2632,1018 2742,1016 2852,1014 2962,1010 3072,1006 3182,1002"
                         HEIGHT="148"
                         WIDTH="2231"
                         VPOS="953"
                         HPOS="967">
                  <String ID="string_region_1644585117114_2266l8"
                          HEIGHT="148"
                          WIDTH="2231"
                          VPOS="953"
                          HPOS="967"
                          CONTENT="une assignation de ƒ2000:- de change a charge de mons: Grenier"/>
               </TextLine>
               <TextLine ID="region_1644585117114_2266l9"
                         BASELINE="2816,1098 2841,1100 2866,1100 2892,1101 2917,1102 2942,1102 2968,1103 2993,1104 3018,1104 3044,1104 3069,1104 3094,1104 3120,1103 3145,1102 3170,1102 3196,1102"
                         HEIGHT="141"
                         WIDTH="413"
                         VPOS="1014"
                         HPOS="2800">
                  <String ID="string_region_1644585117114_2266l9"
                          HEIGHT="141"
                          WIDTH="413"
                          VPOS="1014"
                          HPOS="2800"
                          CONTENT="£333:6:8"/>
               </TextLine>
               <TextLine ID="region_1644585117114_2266l10"
                         BASELINE="970,1130 1017,1127 1065,1126 1112,1126 1160,1124 1207,1124 1255,1126 1302,1126 1350,1126 1397,1127 1445,1128 1492,1128 1540,1130 1587,1130 1635,1130 1682,1130 1730,1130 1777,1128 1825,1128 1872,1126 1920,1124"
                         HEIGHT="170"
                         WIDTH="980"
                         VPOS="1033"
                         HPOS="956">
                  <String ID="string_region_1644585117114_2266l10"
                          HEIGHT="170"
                          WIDTH="980"
                          VPOS="1033"
                          HPOS="956"
                          CONTENT="advocat a Gand, faissant"/>
               </TextLine>
               <TextLine ID="region_1644585117114_2266l11"
                         BASELINE="972,1230 1064,1230 1156,1230 1248,1230 1340,1230 1433,1230 1525,1230 1617,1230 1709,1228 1801,1228 1894,1228 1986,1226 2078,1226 2170,1224 2262,1223 2355,1222 2447,1219 2539,1218 2631,1214 2723,1212 2816,1208"
                         HEIGHT="137"
                         WIDTH="1876"
                         VPOS="1160"
                         HPOS="956">
                  <String ID="string_region_1644585117114_2266l11"
                          HEIGHT="137"
                          WIDTH="1876"
                          VPOS="1160"
                          HPOS="956"
                          CONTENT="une lettre de change a  de date a charge de mons:"/>
               </TextLine>
               <TextLine ID="region_1644585117114_2266l12"
                         BASELINE="980,1340 1090,1338 1201,1338 1312,1336 1423,1336 1534,1336 1644,1336 1755,1334 1866,1334 1977,1334 2088,1332 2198,1332 2309,1330 2420,1330 2531,1328 2642,1326 2752,1324 2863,1322 2974,1318 3085,1314 3196,1312"
                         HEIGHT="211"
                         WIDTH="2247"
                         VPOS="1214"
                         HPOS="963">
                  <String ID="string_region_1644585117114_2266l12"
                          HEIGHT="211"
                          WIDTH="2247"
                          VPOS="1214"
                          HPOS="963"
                          CONTENT="frans Louis Bant a Gand en argent de change de .„ 666:13:7"/>
               </TextLine>
               <TextLine ID="region_1644585117114_2266l13"
                         BASELINE="1552,1480 1633,1482 1715,1485 1797,1486 1879,1488 1961,1488 2043,1488 2125,1486 2207,1484 2289,1482 2371,1478 2452,1475 2534,1470 2616,1465 2698,1460 2780,1453 2862,1446 2944,1438 3026,1430 3108,1422 3190,1412"
                         HEIGHT="167"
                         WIDTH="1675"
                         VPOS="1342"
                         HPOS="1532">
                  <String ID="string_region_1644585117114_2266l13"
                          HEIGHT="167"
                          WIDTH="1675"
                          VPOS="1342"
                          HPOS="1532"
                          CONTENT="faisant Ensemble argent de change £1000:0:-"/>
               </TextLine>
               <TextLine ID="region_1644585117114_2266l14"
                         BASELINE="970,1582 1081,1587 1192,1590 1304,1594 1415,1596 1527,1598 1638,1599 1749,1600 1861,1600 1972,1600 2084,1598 2195,1597 2306,1595 2418,1592 2529,1589 2641,1585 2752,1580 2863,1575 2975,1570 3086,1564 3198,1556"
                         HEIGHT="231"
                         WIDTH="2257"
                         VPOS="1457"
                         HPOS="955">
                  <String ID="string_region_1644585117114_2266l14"
                          HEIGHT="231"
                          WIDTH="2257"
                          VPOS="1457"
                          HPOS="955"
                          CONTENT="vous priant d'en procurer le requis, &amp; m'en crediter a nre compte"/>
               </TextLine>
               <TextLine ID="region_1644585117114_2266l15"
                         BASELINE="956,1700 1069,1704 1182,1708 1295,1710 1408,1713 1521,1714 1634,1716 1747,1716 1860,1716 1973,1714 2086,1712 2199,1710 2312,1708 2425,1704 2538,1700 2651,1696 2764,1690 2877,1686 2990,1679 3103,1672 3216,1664"
                         HEIGHT="208"
                         WIDTH="2291"
                         VPOS="1584"
                         HPOS="939">
                  <String ID="string_region_1644585117114_2266l15"
                          HEIGHT="208"
                          WIDTH="2291"
                          VPOS="1584"
                          HPOS="939"
                          CONTENT="court: &amp; m'en donner advis de la reception de cette au plustost a "/>
               </TextLine>
               <TextLine ID="region_1644585117114_2266l16"
                         BASELINE="964,1816 1075,1820 1187,1822 1299,1825 1411,1826 1523,1828 1635,1830 1747,1830 1859,1830 1971,1828 2083,1827 2194,1826 2306,1824 2418,1820 2530,1817 2642,1812 2754,1808 2866,1804 2978,1798 3090,1792 3202,1786"
                         HEIGHT="230"
                         WIDTH="2270"
                         VPOS="1673"
                         HPOS="949">
                  <String ID="string_region_1644585117114_2266l16"
                          HEIGHT="230"
                          WIDTH="2270"
                          VPOS="1673"
                          HPOS="949"
                          CONTENT="fin que ie puisse estre en repos, que ma lettre avec les remises"/>
               </TextLine>
               <TextLine ID="region_1644585117114_2266l17"
                         BASELINE="970,1938 1005,1940 1041,1940 1077,1940 1113,1942 1149,1942 1184,1942 1220,1942 1256,1944 1292,1944 1328,1944 1363,1944 1399,1944 1435,1944 1471,1943 1507,1942 1542,1942 1578,1940 1614,1940 1650,1938 1686,1936"
                         HEIGHT="178"
                         WIDTH="747"
                         VPOS="1819"
                         HPOS="954">
                  <String ID="string_region_1644585117114_2266l17"
                          HEIGHT="178"
                          WIDTH="747"
                          VPOS="1819"
                          HPOS="954"
                          CONTENT="vous at este vendue"/>
               </TextLine>
               <TextLine ID="region_1644585117114_2266l18"
                         BASELINE="980,2050 1088,2050 1197,2050 1306,2048 1414,2047 1523,2044 1632,2042 1740,2039 1849,2036 1958,2032 2067,2029 2175,2024 2284,2021 2393,2017 2501,2014 2610,2009 2719,2006 2827,2002 2936,2000 3045,1997 3154,1994"
                         HEIGHT="190"
                         WIDTH="2210"
                         VPOS="1912"
                         HPOS="961">
                  <String ID="string_region_1644585117114_2266l18"
                          HEIGHT="190"
                          WIDTH="2210"
                          VPOS="1912"
                          HPOS="961"
                          CONTENT="madame melijn a l honneur de vous faire ses compliments de "/>
               </TextLine>
               <TextLine ID="region_1644585117114_2266l19"
                         BASELINE="976,2156 1084,2156 1193,2156 1301,2154 1410,2154 1518,2154 1627,2152 1735,2150 1844,2149 1952,2147 2061,2146 2169,2142 2278,2140 2386,2137 2495,2134 2603,2129 2712,2124 2820,2120 2929,2115 3037,2108 3146,2102"
                         HEIGHT="175"
                         WIDTH="2203"
                         VPOS="2029"
                         HPOS="959">
                  <String ID="string_region_1644585117114_2266l19"
                          HEIGHT="175"
                          WIDTH="2203"
                          VPOS="2029"
                          HPOS="959"
                          CONTENT="mesme a toute la famile, permettez que jy joigue aussij les"/>
               </TextLine>
               <TextLine ID="region_1644585117114_2266l20"
                         BASELINE="992,2268 1100,2268 1208,2270 1316,2270 1424,2270 1532,2270 1640,2270 1748,2270 1856,2270 1964,2268 2073,2266 2181,2264 2289,2262 2397,2259 2505,2256 2613,2251 2721,2246 2829,2240 2937,2234 3045,2227 3154,2218"
                         HEIGHT="159"
                         WIDTH="2191"
                         VPOS="2168"
                         HPOS="976">
                  <String ID="string_region_1644585117114_2266l20"
                          HEIGHT="159"
                          WIDTH="2191"
                          VPOS="2168"
                          HPOS="976"
                          CONTENT="miens ils est aujourd huy 6 semaines, qu elle at tenu le lit"/>
               </TextLine>
               <TextLine ID="region_1644585117114_2266l21"
                         BASELINE="992,2382 1098,2384 1204,2386 1310,2386 1416,2388 1523,2388 1629,2386 1735,2386 1841,2386 1947,2384 2054,2382 2160,2380 2266,2378 2372,2376 2478,2372 2585,2369 2691,2365 2797,2360 2903,2356 3009,2352 3116,2346"
                         HEIGHT="210"
                         WIDTH="2156"
                         VPOS="2265"
                         HPOS="975">
                  <String ID="string_region_1644585117114_2266l21"
                          HEIGHT="210"
                          WIDTH="2156"
                          VPOS="2265"
                          HPOS="975"
                          CONTENT="cependant il vat presentement bien, &amp; nous esperons qu'elle "/>
               </TextLine>
               <TextLine ID="region_1644585117114_2266l22"
                         BASELINE="976,2498 1064,2500 1152,2502 1241,2502 1329,2504 1418,2505 1506,2506 1594,2506 1683,2506 1771,2506 1860,2506 1948,2504 2036,2504 2125,2502 2213,2500 2302,2498 2390,2495 2478,2492 2567,2489 2655,2485 2744,2480"
                         HEIGHT="182"
                         WIDTH="1799"
                         VPOS="2385"
                         HPOS="959">
                  <String ID="string_region_1644585117114_2266l22"
                          HEIGHT="182"
                          WIDTH="1799"
                          VPOS="2385"
                          HPOS="959"
                          CONTENT="ferra la premiere sortie la semaine prochaine "/>
               </TextLine>
               <TextLine ID="region_1644585117114_2266l23"
                         BASELINE="992,2616 1100,2618 1209,2622 1318,2624 1426,2626 1535,2626 1644,2626 1752,2626 1861,2626 1970,2624 2079,2622 2187,2620 2296,2616 2405,2612 2513,2608 2622,2604 2731,2596 2839,2591 2948,2583 3057,2577 3166,2568"
                         HEIGHT="163"
                         WIDTH="2207"
                         VPOS="2526"
                         HPOS="975">
                  <String ID="string_region_1644585117114_2266l23"
                          HEIGHT="163"
                          WIDTH="2207"
                          VPOS="2526"
                          HPOS="975"
                          CONTENT="le restant que boussemait doit a la comenaute vous est"/>
               </TextLine>
               <TextLine ID="region_1644585117114_2266l24"
                         BASELINE="986,2734 1092,2736 1199,2738 1305,2738 1412,2740 1519,2740 1625,2740 1732,2738 1838,2738 1945,2736 2052,2734 2158,2732 2265,2730 2371,2726 2478,2722 2585,2718 2691,2714 2798,2709 2904,2704 3011,2697 3118,2690"
                         HEIGHT="212"
                         WIDTH="2165"
                         VPOS="2605"
                         HPOS="970">
                  <String ID="string_region_1644585117114_2266l24"
                          HEIGHT="212"
                          WIDTH="2165"
                          VPOS="2605"
                          HPOS="970"
                          CONTENT="recomande de faire payer afin que ie puis avoir un fin des"/>
               </TextLine>
               <TextLine ID="region_1644585117114_2266l25"
                         BASELINE="984,2850 1089,2852 1195,2852 1301,2852 1407,2852 1513,2852 1619,2852 1725,2850 1831,2848 1937,2846 2043,2844 2148,2841 2254,2838 2360,2834 2466,2832 2572,2828 2678,2823 2784,2818 2890,2814 2996,2810 3102,2804"
                         HEIGHT="169"
                         WIDTH="2150"
                         VPOS="2721"
                         HPOS="967">
                  <String ID="string_region_1644585117114_2266l25"
                          HEIGHT="169"
                          WIDTH="2150"
                          VPOS="2721"
                          HPOS="967"
                          CONTENT="revendes des brens de selle &amp; suis avec offres de services "/>
               </TextLine>
               <TextLine ID="region_1644585117114_2266l26"
                         BASELINE="2560,2976 2593,2974 2626,2973 2659,2971 2693,2970 2726,2968 2759,2967 2793,2965 2826,2962 2859,2960 2893,2958 2926,2956 2959,2954 2992,2952 3026,2950 3059,2948 3092,2947 3126,2946 3159,2944 3192,2943 3226,2942"
                         HEIGHT="190"
                         WIDTH="708"
                         VPOS="2847"
                         HPOS="2538">
                  <String ID="string_region_1644585117114_2266l26"
                          HEIGHT="190"
                          WIDTH="708"
                          VPOS="2847"
                          HPOS="2538"
                          CONTENT="Adij 28 janu. 1732"/>
               </TextLine>
               <TextLine ID="region_1644585117114_2266l27"
                         BASELINE="988,2964 1019,2966 1050,2966 1082,2966 1113,2968 1145,2967 1176,2966 1207,2966 1239,2966 1270,2965 1302,2964 1333,2964 1364,2963 1396,2962 1427,2960 1459,2960 1490,2958 1521,2958 1553,2956 1584,2956 1616,2956"
                         HEIGHT="129"
                         WIDTH="660"
                         VPOS="2880"
                         HPOS="972">
                  <String ID="string_region_1644585117114_2266l27"
                          HEIGHT="129"
                          WIDTH="660"
                          VPOS="2880"
                          HPOS="972"
                          CONTENT="tres sincerement"/>
               </TextLine>
               <TextLine ID="region_1644585117114_2266l28"
                         BASELINE="822,3110 874,3104 926,3100 979,3095 1031,3094 1084,3092 1136,3090 1188,3090 1241,3090 1293,3090 1346,3090 1398,3090 1450,3090 1503,3090 1555,3090 1608,3090 1660,3088 1712,3087 1765,3084 1817,3080 1870,3076"
                         HEIGHT="178"
                         WIDTH="1081"
                         VPOS="2978"
                         HPOS="806">
                  <String ID="string_region_1644585117114_2266l28"
                          HEIGHT="178"
                          WIDTH="1081"
                          VPOS="2978"
                          HPOS="806"
                          CONTENT="Rijsel wed: theodor Van Zeller"/>
               </TextLine>
               <TextLine ID="region_1644585117114_2266l29"
                         BASELINE="996,3194 1107,3194 1218,3196 1330,3196 1441,3196 1553,3194 1664,3192 1775,3191 1887,3188 1998,3184 2110,3182 2221,3178 2332,3173 2444,3169 2555,3164 2667,3160 2778,3154 2889,3150 3001,3146 3112,3140 3224,3136"
                         HEIGHT="260"
                         WIDTH="2261"
                         VPOS="3027"
                         HPOS="978">
                  <String ID="string_region_1644585117114_2266l29"
                          HEIGHT="260"
                          WIDTH="2261"
                          VPOS="3027"
                          HPOS="978"
                          CONTENT="je vous ay remis p ma derniere du 26 courant £1000:- argent"/>
               </TextLine>
               <TextLine ID="region_1644585117114_2266l30"
                         BASELINE="1012,3300 1120,3301 1228,3302 1336,3304 1444,3304 1553,3302 1661,3302 1769,3300 1877,3298 1985,3296 2094,3294 2202,3290 2310,3287 2418,3282 2526,3278 2635,3273 2743,3269 2851,3263 2959,3258 3067,3250 3176,3244"
                         HEIGHT="200"
                         WIDTH="2197"
                         VPOS="3148"
                         HPOS="995">
                  <String ID="string_region_1644585117114_2266l30"
                          HEIGHT="200"
                          WIDTH="2197"
                          VPOS="3148"
                          HPOS="995"
                          CONTENT="de change en deux lettres de change sur gand au pair &amp; hier au"/>
               </TextLine>
               <TextLine ID="region_1644585117114_2266l31"
                         BASELINE="998,3402 1108,3406 1219,3410 1330,3412 1441,3412 1552,3412 1663,3412 1774,3412 1885,3410 1996,3406 2107,3404 2217,3400 2328,3396 2439,3392 2550,3387 2661,3383 2772,3377 2883,3372 2994,3366 3105,3361 3216,3356"
                         HEIGHT="246"
                         WIDTH="2248"
                         VPOS="3229"
                         HPOS="982">
                  <String ID="string_region_1644585117114_2266l31"
                          HEIGHT="246"
                          WIDTH="2248"
                          VPOS="3229"
                          HPOS="982"
                          CONTENT="soir ie recois l'honneur de la vre, sans date avec trois remises"/>
               </TextLine>
               <TextLine ID="region_1644585117114_2266l32"
                         BASELINE="988,3522 1100,3526 1213,3528 1325,3530 1438,3530 1551,3530 1663,3528 1776,3526 1888,3524 2001,3522 2114,3518 2226,3514 2339,3511 2451,3508 2564,3504 2677,3500 2789,3498 2902,3494 3014,3492 3127,3490 3240,3490"
                         HEIGHT="218"
                         WIDTH="2284"
                         VPOS="3377"
                         HPOS="972">
                  <String ID="string_region_1644585117114_2266l32"
                          HEIGHT="218"
                          WIDTH="2284"
                          VPOS="3377"
                          HPOS="972"
                          CONTENT="payable icy a anvers, &amp; comme ie trouve que les indorsements"/>
               </TextLine>
               <TextLine ID="region_1644585117114_2266l33"
                         BASELINE="996,3648 1105,3648 1214,3648 1323,3646 1432,3646 1541,3644 1650,3642 1759,3642 1868,3640 1977,3636 2086,3634 2195,3632 2304,3630 2413,3626 2522,3624 2631,3620 2740,3618 2849,3614 2958,3610 3067,3606 3176,3604"
                         HEIGHT="231"
                         WIDTH="2210"
                         VPOS="3499"
                         HPOS="981">
                  <String ID="string_region_1644585117114_2266l33"
                          HEIGHT="231"
                          WIDTH="2210"
                          VPOS="3499"
                          HPOS="981"
                          CONTENT="payable a mon ordre, ne sont pas signe, ie suis oblige de vous"/>
               </TextLine>
               <TextLine ID="region_1644585117114_2266l34"
                         BASELINE="1008,3774 1117,3772 1226,3772 1335,3770 1444,3768 1553,3768 1662,3766 1771,3766 1880,3764 1989,3762 2098,3761 2207,3758 2316,3756 2425,3754 2534,3750 2643,3746 2752,3741 2861,3736 2970,3730 3079,3723 3188,3714"
                         HEIGHT="229"
                         WIDTH="2213"
                         VPOS="3633"
                         HPOS="991">
                  <String ID="string_region_1644585117114_2266l34"
                          HEIGHT="229"
                          WIDTH="2213"
                          VPOS="3633"
                          HPOS="991"
                          CONTENT="les renvoyer cy joint vous priant de me les envoyer a la"/>
               </TextLine>
               <TextLine ID="region_1644585117114_2266l35"
                         BASELINE="988,3886 1100,3888 1212,3890 1324,3890 1436,3892 1548,3892 1660,3892 1772,3890 1884,3890 1996,3888 2108,3886 2220,3884 2332,3881 2444,3878 2556,3874 2668,3871 2780,3867 2892,3864 3004,3858 3116,3854 3228,3850"
                         HEIGHT="220"
                         WIDTH="2272"
                         VPOS="3760"
                         HPOS="971">
                  <String ID="string_region_1644585117114_2266l35"
                          HEIGHT="220"
                          WIDTH="2272"
                          VPOS="3760"
                          HPOS="971"
                          CONTENT="reception, les deux lettres sur  son accept"/>
               </TextLine>
               <TextLine ID="region_1644585117114_2266l36"
                         BASELINE="968,4002 1079,4006 1190,4010 1301,4012 1412,4014 1524,4014 1635,4014 1746,4014 1857,4012 1968,4011 2080,4008 2191,4006 2302,4003 2413,4000 2524,3996 2636,3992 2747,3989 2858,3986 2969,3982 3080,3978 3192,3974"
                         HEIGHT="196"
                         WIDTH="2257"
                         VPOS="3893"
                         HPOS="952">
                  <String ID="string_region_1644585117114_2266l36"
                          HEIGHT="196"
                          WIDTH="2257"
                          VPOS="3893"
                          HPOS="952"
                          CONTENT="&amp; de bon respose, celle sur dauvel vignaulz doit estre paye "/>
               </TextLine>
               <TextLine ID="region_1644585117114_2266l37"
                         BASELINE="984,4120 1089,4124 1194,4127 1299,4128 1404,4130 1510,4130 1615,4130 1720,4128 1825,4128 1930,4126 2036,4124 2141,4122 2246,4118 2351,4116 2456,4114 2562,4111 2667,4108 2772,4106 2877,4104 2982,4102 3088,4100"
                         HEIGHT="212"
                         WIDTH="2138"
                         VPOS="3999"
                         HPOS="967">
                  <String ID="string_region_1644585117114_2266l37"
                          HEIGHT="212"
                          WIDTH="2138"
                          VPOS="3999"
                          HPOS="967"
                          CONTENT="le 31 court: c'est une personne que ie ne connoit pas"/>
               </TextLine>
               <TextLine ID="region_1644585117114_2266l38"
                         BASELINE="984,4252 1094,4250 1205,4248 1316,4246 1427,4246 1538,4244 1649,4244 1760,4244 1871,4244 1982,4244 2093,4242 2203,4241 2314,4240 2425,4238 2536,4234 2647,4230 2758,4226 2869,4220 2980,4213 3091,4204 3202,4194"
                         HEIGHT="202"
                         WIDTH="2249"
                         VPOS="4116"
                         HPOS="968">
                  <String ID="string_region_1644585117114_2266l38"
                          HEIGHT="202"
                          WIDTH="2249"
                          VPOS="4116"
                          HPOS="968"
                          CONTENT="c'est le suject de cette &amp; suis avec bien de complienent "/>
               </TextLine>
               <TextLine ID="region_1644585117114_2266l39"
                         BASELINE="1042,4374 1093,4374 1144,4374 1195,4374 1247,4373 1298,4372 1349,4372 1401,4370 1452,4368 1503,4367 1555,4366 1606,4364 1657,4362 1708,4360 1760,4358 1811,4358 1862,4356 1914,4356 1965,4354 2016,4354 2068,4354"
                         HEIGHT="175"
                         WIDTH="1060"
                         VPOS="4252"
                         HPOS="1024">
                  <String ID="string_region_1644585117114_2266l39"
                          HEIGHT="175"
                          WIDTH="1060"
                          VPOS="4252"
                          HPOS="1024"
                          CONTENT="offres de mes services "/>
               </TextLine>
            </TextBlock>
            <TextBlock ID="region_1644585120305_2269"
                       HEIGHT="4408"
                       WIDTH="2679"
                       VPOS="90"
                       HPOS="3291">
               <Shape>
                  <Polygon POINTS="3291,90 5970,90 5970,4498 3291,4498"/>
               </Shape>
               <TextLine ID="region_1644585120305_2269l1"
                         BASELINE="5798,230 5824,228 5851,225 5878,222"
                         HEIGHT="127"
                         WIDTH="119"
                         VPOS="140"
                         HPOS="5779">
                  <String ID="string_region_1644585120305_2269l1"
                          HEIGHT="127"
                          WIDTH="119"
                          VPOS="140"
                          HPOS="5779"
                          CONTENT="0"/>
               </TextLine>
               <TextLine ID="region_1644585120305_2269l2"
                         BASELINE="3452,272 3481,270 3510,270 3540,268 3569,268 3599,267 3628,266 3657,266 3687,266 3716,266 3746,266 3775,266 3804,266 3834,266 3863,266 3893,266 3922,266 3951,266 3981,266 4010,266 4040,266"
                         HEIGHT="164"
                         WIDTH="621"
                         VPOS="174"
                         HPOS="3435">
                  <String ID="string_region_1644585120305_2269l2"
                          HEIGHT="164"
                          WIDTH="621"
                          VPOS="174"
                          HPOS="3435"
                          CONTENT=" van Zeller"/>
               </TextLine>
               <TextLine ID="region_1644585120305_2269l3"
                         BASELINE="3444,388 3561,384 3678,380 3795,378 3912,376 4030,374 4147,374 4264,372 4381,370 4498,370 4616,370 4733,368 4850,368 4967,366 5084,366 5202,364 5319,363 5436,362 5553,359 5670,356 5788,354"
                         HEIGHT="257"
                         WIDTH="2377"
                         VPOS="196"
                         HPOS="3428">
                  <String ID="string_region_1644585120305_2269l3"
                          HEIGHT="257"
                          WIDTH="2377"
                          VPOS="196"
                          HPOS="3428"
                          CONTENT="comme ie ne me fie pas sur vre remise de £200:- j'ay tenue "/>
               </TextLine>
               <TextLine ID="region_1644585120305_2269l4"
                         BASELINE="3448,496 3566,487 3685,481 3804,478 3923,474 4042,473 4161,472 4280,474 4399,474 4518,476 4637,476 4755,478 4874,480 4993,480 5112,480 5231,480 5350,478 5469,474 5588,469 5707,462 5826,452"
                         HEIGHT="187"
                         WIDTH="2410"
                         VPOS="377"
                         HPOS="3433">
                  <String ID="string_region_1644585120305_2269l4"
                          HEIGHT="187"
                          WIDTH="2410"
                          VPOS="377"
                          HPOS="3433"
                          CONTENT="la lettre sur vignaulz icy, a cause qu elle ne pourroit estre "/>
               </TextLine>
               <TextLine ID="region_1644585120305_2269l5"
                         BASELINE="3454,598 3568,594 3682,591 3796,588 3910,588 4024,586 4138,586 4252,588 4366,588 4480,590 4595,591 4709,592 4823,593 4937,594 5051,594 5165,594 5279,592 5393,590 5507,587 5621,583 5736,578"
                         HEIGHT="215"
                         WIDTH="2315"
                         VPOS="464"
                         HPOS="3437">
                  <String ID="string_region_1644585120305_2269l5"
                          HEIGHT="215"
                          WIDTH="2315"
                          VPOS="464"
                          HPOS="3437"
                          CONTENT="de retour a son esseance, il at promis de la payer jeudy"/>
               </TextLine>
               <TextLine ID="region_1644585120305_2269l6"
                         BASELINE="3464,706 3516,704 3568,702 3621,700 3673,698 3726,696 3778,696 3830,696 3883,696 3935,696 3988,696 4040,696 4092,696 4145,696 4197,698 4250,698 4302,698 4354,700 4407,700 4459,700 4512,700"
                         HEIGHT="201"
                         WIDTH="1079"
                         VPOS="589"
                         HPOS="3450">
                  <String ID="string_region_1644585120305_2269l6"
                          HEIGHT="201"
                          WIDTH="1079"
                          VPOS="589"
                          HPOS="3450"
                          CONTENT="prochain sur ma caution"/>
               </TextLine>
               <TextLine ID="region_1644585120305_2269l7"
                         BASELINE="3452,824 3566,818 3680,814 3794,810 3908,808 4022,806 4136,804 4250,804 4364,802 4478,802 4592,801 4706,800 4820,799 4934,797 5048,796 5162,792 5276,788 5390,784 5504,778 5618,772 5732,764"
                         HEIGHT="205"
                         WIDTH="2311"
                         VPOS="699"
                         HPOS="3436">
                  <String ID="string_region_1644585120305_2269l7"
                          HEIGHT="205"
                          WIDTH="2311"
                          VPOS="699"
                          HPOS="3436"
                          CONTENT="on me dit que la ditte lettre peut estre de retour, avant"/>
               </TextLine>
               <TextLine ID="region_1644585120305_2269l8"
                         BASELINE="3450,916 3566,914 3682,912 3798,910 3915,908 4031,908 4147,908 4264,908 4380,908 4496,908 4613,908 4729,906 4845,906 4961,905 5078,904 5194,901 5310,898 5427,894 5543,888 5659,883 5776,876"
                         HEIGHT="206"
                         WIDTH="2358"
                         VPOS="769"
                         HPOS="3435">
                  <String ID="string_region_1644585120305_2269l8"
                          HEIGHT="206"
                          WIDTH="2358"
                          VPOS="769"
                          HPOS="3435"
                          CONTENT="son esseance, ce pour qu'oy vous la trouveray aussij cy jont"/>
               </TextLine>
               <TextLine ID="region_1644585120305_2269l9"
                         BASELINE="3472,1026 3565,1024 3659,1022 3752,1022 3846,1022 3939,1020 4033,1020 4126,1020 4220,1020 4313,1018 4407,1018 4500,1018 4594,1016 4687,1016 4781,1014 4874,1012 4968,1010 5061,1006 5155,1004 5248,999 5342,994"
                         HEIGHT="172"
                         WIDTH="1904"
                         VPOS="919"
                         HPOS="3455">
                  <String ID="string_region_1644585120305_2269l9"
                          HEIGHT="172"
                          WIDTH="1904"
                          VPOS="919"
                          HPOS="3455"
                          CONTENT="avec les deux autres, mais il faut estre exacte"/>
               </TextLine>
               <TextLine ID="region_1644585120305_2269l10"
                         BASELINE="4964,1142 5001,1144 5038,1146 5075,1146 5113,1148 5150,1148 5187,1148 5225,1148 5262,1148 5299,1146 5337,1146 5374,1146 5411,1144 5448,1144 5486,1144 5523,1142 5560,1142 5598,1140 5635,1140 5672,1138 5710,1138"
                         HEIGHT="210"
                         WIDTH="779"
                         VPOS="1019"
                         HPOS="4948">
                  <String ID="string_region_1644585120305_2269l10"
                          HEIGHT="210"
                          WIDTH="779"
                          VPOS="1019"
                          HPOS="4948"
                          CONTENT="Ady 3 febru 1732 "/>
               </TextLine>
               <TextLine ID="region_1644585120305_2269l11"
                         BASELINE="3342,1234 3379,1231 3417,1230 3455,1228 3493,1226 3531,1225 3569,1224 3607,1224 3645,1224 3683,1224 3721,1224 3758,1224 3796,1225 3834,1226 3872,1226 3910,1226 3948,1226 3986,1226 4024,1226 4062,1226 4100,1226"
                         HEIGHT="254"
                         WIDTH="787"
                         VPOS="1062"
                         HPOS="3328">
                  <String ID="string_region_1644585120305_2269l11"
                          HEIGHT="254"
                          WIDTH="787"
                          VPOS="1062"
                          HPOS="3328"
                          CONTENT="Rijsel wed: Van Zeller"/>
               </TextLine>
               <TextLine ID="region_1644585120305_2269l12"
                         BASELINE="3478,1346 3596,1346 3715,1346 3833,1347 3952,1348 4071,1350 4189,1352 4308,1353 4426,1354 4545,1356 4664,1358 4782,1360 4901,1362 5019,1362 5138,1364 5257,1364 5375,1366 5494,1366 5612,1366 5731,1364 5850,1362"
                         HEIGHT="158"
                         WIDTH="2404"
                         VPOS="1239"
                         HPOS="3462">
                  <String ID="string_region_1644585120305_2269l12"
                          HEIGHT="158"
                          WIDTH="2404"
                          VPOS="1239"
                          HPOS="3462"
                          CONTENT="J'ay receu en son temps les deux cheres vres. du 28 &amp; 30 du passe, p la "/>
               </TextLine>
               <TextLine ID="region_1644585120305_2269l13"
                         BASELINE="3482,1464 3601,1466 3720,1466 3839,1468 3959,1470 4078,1472 4197,1474 4317,1476 4436,1479 4555,1481 4675,1484 4794,1486 4913,1488 5032,1488 5152,1490 5271,1490 5390,1492 5510,1492 5629,1490 5748,1490 5868,1488"
                         HEIGHT="155"
                         WIDTH="2416"
                         VPOS="1385"
                         HPOS="3467">
                  <String ID="string_region_1644585120305_2269l13"
                          HEIGHT="155"
                          WIDTH="2416"
                          VPOS="1385"
                          HPOS="3467"
                          CONTENT="premiere avis, que vous aviez reccu mes remises a la somme de mill="/>
               </TextLine>
               <TextLine ID="region_1644585120305_2269l14"
                         BASELINE="3478,1576 3595,1579 3712,1582 3829,1584 3946,1586 4063,1590 4180,1592 4297,1594 4414,1596 4531,1598 4648,1600 4765,1602 4882,1604 4999,1606 5116,1606 5233,1608 5350,1610 5467,1610 5584,1610 5701,1612 5818,1612"
                         HEIGHT="153"
                         WIDTH="2375"
                         VPOS="1487"
                         HPOS="3461">
                  <String ID="string_region_1644585120305_2269l14"
                          HEIGHT="153"
                          WIDTH="2375"
                          VPOS="1487"
                          HPOS="3461"
                          CONTENT="livres de gros de change sur gand, &amp; p la derniere vos trois remises"/>
               </TextLine>
               <TextLine ID="region_1644585120305_2269l15"
                         BASELINE="3470,1698 3588,1700 3707,1704 3826,1706 3945,1709 4064,1712 4182,1714 4301,1716 4420,1718 4539,1720 4658,1722 4776,1723 4895,1724 5014,1726 5133,1728 5252,1728 5370,1730 5489,1732 5608,1732 5727,1734 5846,1736"
                         HEIGHT="145"
                         WIDTH="2409"
                         VPOS="1623"
                         HPOS="3453">
                  <String ID="string_region_1644585120305_2269l15"
                          HEIGHT="145"
                          WIDTH="2409"
                          VPOS="1623"
                          HPOS="3453"
                          CONTENT="signe de retour les quelles sont paye &amp; vous en este credite scavoir"/>
               </TextLine>
               <TextLine ID="region_1644585120305_2269l16"
                         BASELINE="3454,1820 3574,1824 3694,1826 3814,1829 3934,1832 4055,1834 4175,1837 4295,1840 4415,1842 4535,1846 4656,1848 4776,1850 4896,1852 5016,1854 5136,1856 5257,1858 5377,1860 5497,1862 5617,1862 5737,1864 5858,1864"
                         HEIGHT="204"
                         WIDTH="2437"
                         VPOS="1736"
                         HPOS="3438">
                  <String ID="string_region_1644585120305_2269l16"
                          HEIGHT="204"
                          WIDTH="2437"
                          VPOS="1736"
                          HPOS="3438"
                          CONTENT="pour celle sur bieckmans de  876:10 a 89 et pour £325:0:8"/>
               </TextLine>
               <TextLine ID="region_1644585120305_2269l17"
                         BASELINE="3474,1940 3531,1940 3589,1940 3646,1940 3704,1940 3761,1940 3819,1942 3876,1942 3934,1943 3991,1944 4049,1946 4106,1946 4164,1948 4221,1950 4279,1952 4336,1953 4394,1955 4451,1956 4509,1958 4566,1961 4624,1962"
                         HEIGHT="172"
                         WIDTH="1182"
                         VPOS="1843"
                         HPOS="3458">
                  <String ID="string_region_1644585120305_2269l17"
                          HEIGHT="172"
                          WIDTH="1182"
                          VPOS="1843"
                          HPOS="3458"
                          CONTENT="celle sur ditto de ƒ 706:4:8-"/>
               </TextLine>
               <TextLine ID="region_1644585120305_2269l18"
                         BASELINE="5478,1964 5504,1964 5530,1964 5556,1964 5582,1964 5608,1964 5634,1964 5660,1962 5686,1962 5712,1962 5738,1962 5764,1960 5790,1960 5816,1959 5842,1958 5868,1958 5894,1956"
                         HEIGHT="134"
                         WIDTH="446"
                         VPOS="1878"
                         HPOS="5462">
                  <String ID="string_region_1644585120305_2269l18"
                          HEIGHT="134"
                          WIDTH="446"
                          VPOS="1878"
                          HPOS="5462"
                          CONTENT="„117:14:8"/>
               </TextLine>
               <TextLine ID="region_1644585120305_2269l19"
                         BASELINE="3478,2050 3530,2050 3583,2050 3635,2050 3688,2050 3740,2050 3793,2050 3845,2052 3898,2054 3950,2054 4003,2056 4055,2058 4108,2058 4160,2060 4213,2062 4265,2062 4318,2064 4370,2064 4423,2064 4475,2066 4528,2066"
                         HEIGHT="191"
                         WIDTH="1084"
                         VPOS="1956"
                         HPOS="3462">
                  <String ID="string_region_1644585120305_2269l19"
                          HEIGHT="191"
                          WIDTH="1084"
                          VPOS="1956"
                          HPOS="3462"
                          CONTENT="celle sur daniel vignaulz de "/>
               </TextLine>
               <TextLine ID="region_1644585120305_2269l20"
                         BASELINE="5460,2064 5486,2064 5513,2064 5539,2064 5566,2064 5592,2064 5619,2062 5645,2062 5672,2062 5698,2062 5725,2061 5751,2060 5778,2060 5804,2058 5831,2058 5857,2057 5884,2054"
                         HEIGHT="111"
                         WIDTH="457"
                         VPOS="1990"
                         HPOS="5442">
                  <String ID="string_region_1644585120305_2269l20"
                          HEIGHT="111"
                          WIDTH="457"
                          VPOS="1990"
                          HPOS="5442"
                          CONTENT="„ 200:-2-"/>
               </TextLine>
               <TextLine ID="region_1644585120305_2269l21"
                         BASELINE="4806,2168 4860,2168 4914,2168 4968,2168 5022,2169 5076,2170 5130,2171 5184,2172 5238,2174 5292,2176 5346,2177 5400,2178 5454,2180 5508,2182 5562,2184 5616,2184 5670,2186 5724,2187 5778,2188 5832,2188 5886,2188"
                         HEIGHT="266"
                         WIDTH="1113"
                         VPOS="1996"
                         HPOS="4791">
                  <String ID="string_region_1644585120305_2269l21"
                          HEIGHT="266"
                          WIDTH="1113"
                          VPOS="1996"
                          HPOS="4791"
                          CONTENT="faissent ie samble £642:14:9"/>
               </TextLine>
               <TextLine ID="region_1644585120305_2269l22"
                         BASELINE="3474,2256 3592,2256 3710,2258 3828,2260 3947,2262 4065,2266 4183,2268 4302,2272 4420,2276 4538,2279 4657,2284 4775,2287 4893,2291 5011,2294 5130,2298 5248,2300 5366,2302 5485,2304 5603,2306 5721,2306 5840,2306"
                         HEIGHT="249"
                         WIDTH="2401"
                         VPOS="2115"
                         HPOS="3458">
                  <String ID="string_region_1644585120305_2269l22"
                          HEIGHT="249"
                          WIDTH="2401"
                          VPOS="2115"
                          HPOS="3458"
                          CONTENT="ce quil vous plaira d'anster de conformite, &amp; ie vous en ferray des"/>
               </TextLine>
               <TextLine ID="region_1644585120305_2269l23"
                         BASELINE="3476,2378 3595,2378 3715,2380 3835,2382 3955,2385 4075,2388 4194,2392 4314,2395 4434,2400 4554,2404 4674,2408 4793,2412 4913,2416 5033,2420 5153,2422 5273,2424 5392,2426 5512,2426 5632,2427 5752,2426 5872,2424"
                         HEIGHT="236"
                         WIDTH="2427"
                         VPOS="2274"
                         HPOS="3460">
                  <String ID="string_region_1644585120305_2269l23"
                          HEIGHT="236"
                          WIDTH="2427"
                          VPOS="2274"
                          HPOS="3460"
                          CONTENT="remises sur gand p la premiere creasion, presentement il ny a"/>
               </TextLine>
               <TextLine ID="region_1644585120305_2269l24"
                         BASELINE="3474,2494 3595,2497 3716,2501 3837,2504 3959,2508 4080,2512 4201,2516 4323,2520 4444,2524 4565,2526 4687,2530 4808,2534 4929,2536 5050,2540 5172,2542 5293,2546 5414,2547 5536,2550 5657,2550 5778,2552 5900,2552"
                         HEIGHT="219"
                         WIDTH="2457"
                         VPOS="2397"
                         HPOS="3458">
                  <String ID="string_region_1644585120305_2269l24"
                          HEIGHT="219"
                          WIDTH="2457"
                          VPOS="2397"
                          HPOS="3458"
                          CONTENT="point des lettres sur gand. J'aurois envoye le velour pour madame"/>
               </TextLine>
               <TextLine ID="region_1644585120305_2269l25"
                         BASELINE="3462,2626 3580,2626 3698,2628 3816,2630 3934,2632 4053,2636 4171,2640 4289,2643 4407,2646 4525,2650 4644,2655 4762,2658 4880,2662 4998,2664 5116,2668 5235,2670 5353,2671 5471,2672 5589,2672 5707,2670 5826,2668"
                         HEIGHT="231"
                         WIDTH="2395"
                         VPOS="2514"
                         HPOS="3446">
                  <String ID="string_region_1644585120305_2269l25"
                          HEIGHT="231"
                          WIDTH="2395"
                          VPOS="2514"
                          HPOS="3446"
                          CONTENT="Crombien, mais la que ne contient que 17 a ce pour quoy"/>
               </TextLine>
               <TextLine ID="region_1644585120305_2269l26"
                         BASELINE="3478,2748 3597,2748 3716,2750 3835,2752 3955,2754 4074,2758 4193,2761 4313,2766 4432,2770 4551,2775 4671,2780 4790,2784 4909,2790 5028,2792 5148,2796 5267,2798 5386,2800 5506,2802 5625,2802 5744,2800 5864,2796"
                         HEIGHT="232"
                         WIDTH="2419"
                         VPOS="2656"
                         HPOS="3461">
                  <String ID="string_region_1644585120305_2269l26"
                          HEIGHT="232"
                          WIDTH="2419"
                          VPOS="2656"
                          HPOS="3461"
                          CONTENT="mandez moy si cella , il n'est pas  a donner qu'a "/>
               </TextLine>
               <TextLine ID="region_1644585120305_2269l27"
                         BASELINE="3486,2880 3603,2878 3720,2879 3838,2880 3955,2882 4073,2886 4190,2888 4307,2892 4425,2896 4542,2900 4660,2905 4777,2908 4894,2912 5012,2916 5129,2918 5247,2920 5364,2922 5481,2922 5599,2922 5716,2919 5834,2916"
                         HEIGHT="194"
                         WIDTH="2382"
                         VPOS="2790"
                         HPOS="3471">
                  <String ID="string_region_1644585120305_2269l27"
                          HEIGHT="194"
                          WIDTH="2382"
                          VPOS="2790"
                          HPOS="3471"
                          CONTENT="14 escailins ie vous prie de faire mes compliments aussij "/>
               </TextLine>
               <TextLine ID="region_1644585120305_2269l28"
                         BASELINE="3482,3008 3595,3008 3709,3008 3822,3008 3936,3010 4050,3013 4163,3016 4277,3020 4390,3026 4504,3030 4618,3034 4731,3038 4845,3042 4958,3046 5072,3048 5186,3050 5299,3050 5413,3050 5526,3048 5640,3045 5754,3040"
                         HEIGHT="250"
                         WIDTH="2307"
                         VPOS="2884"
                         HPOS="3464">
                  <String ID="string_region_1644585120305_2269l28"
                          HEIGHT="250"
                          WIDTH="2307"
                          VPOS="2884"
                          HPOS="3464"
                          CONTENT="a madame Crombien ie demanderay les ƒ12:2 a mons."/>
               </TextLine>
               <TextLine ID="region_1644585120305_2269l29"
                         BASELINE="3466,3142 3584,3140 3702,3140 3821,3140 3939,3142 4058,3144 4176,3146 4294,3150 4413,3152 4531,3156 4650,3159 4768,3162 4886,3164 5005,3166 5123,3168 5242,3170 5360,3170 5478,3168 5597,3166 5715,3164 5834,3158"
                         HEIGHT="230"
                         WIDTH="2399"
                         VPOS="3015"
                         HPOS="3452">
                  <String ID="string_region_1644585120305_2269l29"
                          HEIGHT="230"
                          WIDTH="2399"
                          VPOS="3015"
                          HPOS="3452"
                          CONTENT="madlenaer pour le billiet de la ditte same, &amp; vous en seray"/>
               </TextLine>
               <TextLine ID="region_1644585120305_2269l30"
                         BASELINE="3474,3266 3592,3264 3710,3264 3828,3264 3946,3266 4064,3268 4182,3269 4300,3272 4418,3275 4536,3278 4654,3281 4772,3284 4890,3288 5008,3291 5126,3294 5244,3296 5362,3300 5480,3302 5598,3302 5716,3304 5834,3304"
                         HEIGHT="196"
                         WIDTH="2392"
                         VPOS="3168"
                         HPOS="3458">
                  <String ID="string_region_1644585120305_2269l30"
                          HEIGHT="196"
                          WIDTH="2392"
                          VPOS="3168"
                          HPOS="3458"
                          CONTENT="credite a vre compte. ce qui reglerd les affaires de mons:"/>
               </TextLine>
               <TextLine ID="region_1644585120305_2269l31"
                         BASELINE="3470,3404 3587,3402 3705,3400 3822,3400 3940,3400 4058,3400 4175,3402 4293,3404 4410,3406 4528,3408 4646,3410 4763,3414 4881,3418 4998,3420 5116,3424 5234,3426 5351,3429 5469,3432 5586,3434 5704,3434 5822,3436"
                         HEIGHT="166"
                         WIDTH="2383"
                         VPOS="3272"
                         HPOS="3455">
                  <String ID="string_region_1644585120305_2269l31"
                          HEIGHT="166"
                          WIDTH="2383"
                          VPOS="3272"
                          HPOS="3455"
                          CONTENT="desjanux aux il m'a respondue pour la seconde fois, ie"/>
               </TextLine>
               <TextLine ID="region_1644585120305_2269l32"
                         BASELINE="3450,3532 3569,3534 3689,3534 3808,3536 3928,3538 4048,3539 4167,3540 4287,3542 4406,3544 4526,3545 4646,3546 4765,3548 4885,3550 5004,3552 5124,3554 5244,3556 5363,3560 5483,3564 5602,3567 5722,3571 5842,3576"
                         HEIGHT="181"
                         WIDTH="2427"
                         VPOS="3445"
                         HPOS="3433">
                  <String ID="string_region_1644585120305_2269l32"
                          HEIGHT="181"
                          WIDTH="2427"
                          VPOS="3445"
                          HPOS="3433"
                          CONTENT="trouve la lettre fort bisade, sans donner ses ordres pour"/>
               </TextLine>
               <TextLine ID="region_1644585120305_2269l33"
                         BASELINE="3456,3686 3576,3682 3696,3680 3817,3678 3937,3678 4058,3678 4178,3678 4298,3680 4419,3682 4539,3684 4660,3686 4780,3688 4900,3689 5021,3690 5141,3692 5262,3692 5382,3692 5502,3692 5623,3691 5743,3688 5864,3686"
                         HEIGHT="212"
                         WIDTH="2438"
                         VPOS="3562"
                         HPOS="3441">
                  <String ID="string_region_1644585120305_2269l33"
                          HEIGHT="212"
                          WIDTH="2438"
                          VPOS="3562"
                          HPOS="3441"
                          CONTENT="la remise que mons: pottier ma fait  son compte il"/>
               </TextLine>
               <TextLine ID="region_1644585120305_2269l34"
                         BASELINE="3472,3814 3587,3810 3703,3809 3819,3808 3935,3808 4051,3808 4166,3808 4282,3810 4398,3810 4514,3812 4630,3814 4745,3814 4861,3814 4977,3816 5093,3816 5209,3814 5324,3814 5440,3812 5556,3809 5672,3804 5788,3800"
                         HEIGHT="191"
                         WIDTH="2349"
                         VPOS="3705"
                         HPOS="3456">
                  <String ID="string_region_1644585120305_2269l34"
                          HEIGHT="191"
                          WIDTH="2349"
                          VPOS="3705"
                          HPOS="3456"
                          CONTENT="ne m e pas permis, de disposer de son argent sans ses"/>
               </TextLine>
               <TextLine ID="region_1644585120305_2269l35"
                         BASELINE="3476,3942 3592,3940 3709,3940 3826,3938 3942,3940 4059,3940 4176,3940 4292,3942 4409,3943 4526,3944 4643,3946 4759,3946 4876,3946 4993,3946 5109,3944 5226,3942 5343,3939 5459,3934 5576,3929 5693,3922 5810,3914"
                         HEIGHT="196"
                         WIDTH="2364"
                         VPOS="3802"
                         HPOS="3461">
                  <String ID="string_region_1644585120305_2269l35"
                          HEIGHT="196"
                          WIDTH="2364"
                          VPOS="3802"
                          HPOS="3461"
                          CONTENT="ordres, &amp; comme ie vois, quil n'est pas d'intention de le "/>
               </TextLine>
               <TextLine ID="region_1644585120305_2269l36"
                         BASELINE="3464,4072 3586,4069 3709,4068 3832,4066 3955,4066 4078,4066 4201,4068 4324,4068 4447,4070 4570,4070 4693,4072 4815,4072 4938,4072 5061,4072 5184,4071 5307,4069 5430,4066 5553,4062 5676,4056 5799,4049 5922,4040"
                         HEIGHT="190"
                         WIDTH="2490"
                         VPOS="3951"
                         HPOS="3448">
                  <String ID="string_region_1644585120305_2269l36"
                          HEIGHT="190"
                          WIDTH="2490"
                          VPOS="3951"
                          HPOS="3448"
                          CONTENT="faire, c'est a vous de luy mander vre payement ou interest"/>
               </TextLine>
               <TextLine ID="region_1644585120305_2269l37"
                         BASELINE="3476,4200 3595,4198 3714,4194 3833,4194 3952,4192 4071,4192 4190,4192 4309,4192 4428,4194 4547,4194 4667,4194 4786,4194 4905,4194 5024,4194 5143,4194 5262,4192 5381,4190 5500,4188 5619,4184 5738,4179 5858,4172"
                         HEIGHT="132"
                         WIDTH="2413"
                         VPOS="4106"
                         HPOS="3459">
                  <String ID="string_region_1644585120305_2269l37"
                          HEIGHT="132"
                          WIDTH="2413"
                          VPOS="4106"
                          HPOS="3459"
                          CONTENT="de vre rente, quil vous donne une assignation, sur moy"/>
               </TextLine>
               <TextLine ID="region_1644585120305_2269l38"
                         BASELINE="3476,4326 3597,4326 3718,4326 3839,4326 3961,4326 4082,4326 4203,4326 4325,4326 4446,4324 4567,4324 4689,4324 4810,4322 4931,4322 5052,4320 5174,4318 5295,4316 5416,4316 5538,4314 5659,4310 5780,4308 5902,4306"
                         HEIGHT="164"
                         WIDTH="2457"
                         VPOS="4217"
                         HPOS="3461">
                  <String ID="string_region_1644585120305_2269l38"
                          HEIGHT="164"
                          WIDTH="2457"
                          VPOS="4217"
                          HPOS="3461"
                          CONTENT="ie vous le bonnefieray promptement, de lendtre cotte"/>
               </TextLine>
            </TextBlock>
         </PrintSpace>
      </Page>
   </Layout>
</alto>
