7817 4685
2470 206 705 172 Ady 5 gbre 1730

762 190 1339 206 Brussel J:.B: Iskraula president

949 335 2205 151 vo agreable lettre du 30 du passe, m'at este rendue p le s: bourgois

918 439 2290 174 en responce de la quelle j'as l'honneur de vous d'ire, que vous devez

912 549 2310 173 confesser vous mesme, que ie n'ay pretendie du premier instant que

935 632 2315 164 ces qui consistoit en droit & raison, & si on avoit commence alors la

935 753 2261 217 purge, il seroit desa fime, pre seig. auroit puu je servir de

922 854 2311 213 largent de l'achapt de la rente, cor personne ne le deffaira

893 965 2404 183 de ses deniers, ce n'est quil est bien & convenablement herite, en

907 1090 2392 214 ayant un bien francqs & allodial, pour libre argent & plustost que

915 1184 2374 174 cette porge sun aecomplie, & que ie serai herite convenablement

909 1313 2215 218 avec unslibre titre, plustoitt que les denvers de la vente

930 1444 2264 196 suivrons les quelles ne peuvent estre touche au paravant

909 1571 2215 206 puis quils sont presente en justice, & reposent teclement

925 1704 2198 183 obsigne & sachette tout ce que ie peu faire de mon cotte

897 1815 2324 146 c'est que se vous faite a vos frais & depens la purqe sur

910 1926 2218 158 mor non somme achetteur, & que vous le poursivivie

911 2049 2205 210 jusqua l'edecution, au plustoit possible, & que vous n

925 2164 2160 219 heite avec un bon frme & libre titre, & que sil ne

913 2334 2339 125 dureroit, que trois ou liz mois tout au plus liz mois

921 2428 2109 212 pour vous semoigner ma candeur, c'est que ie vous

920 2549 2347 221 donneray au dessus de la somme de l'achapt luport

896 2641 2410 194 de l'interest des dits trois ou six mois que ie tireray de le

894 2781 2305 200 ditte vent, avcc quoy vous pouvez refondre, ce que vous

871 2929 2398 233 devez payer a mons: le Cassier Baut & alors vous ne

903 3102 2306 165 seray pour ce tems la en deux interest, cependant

906 3174 2361 243 il vous plaira penser aussy, que ie seray alors pou

914 3376 2224 171 le tems la sau recevoir au quu intrest oumes

893 3450 2297 204 deniers seront aussj oisif, ne pouvant eu en servir

915 3568 2346 230 puis quils sont obsigne en droit & achette dans un

909 3719 2097 213 sacq ainsij que ieseray pier de condition & plus

903 3869 2361 203 prejudidce touchant l'interest pour ce temt la que vre

888 4008 2406 186 edg. ce qipeut vous convainere avec combien de

928 4140 2306 167 cincerite j'en agisse a vre 8gard, ayant l'honneur

887 4297 945 143 d'estre avec respeste

3480 226 2409 153 si vous faiter la ditte purge sus ma non, ie vous

3495 314 2282 216 prie de mettre simplement man noim, sans y joindre

3503 440 634 142 augune titre

5109 441 681 235 Ady 11 sbre 1730

3321 563 842 171 Brussel J:.B: S. Franla

3529 645 2401 221 J'ay receu l'honneur de la vre du 7 courant y joint un proieet de la procude

3491 778 2422 204 que vous souhaiteriez que ie donnerres a vre procureur le S. Jean Bap.

3499 897 2413 211 de soeck procureur au souverami conseil de brabant que j'ay l'honneur

3499 1011 2245 191 de vous renvoijer signe, pour que la purge de la rente que j'ay

3512 1139 2465 168 a chete de vre 19 le fasse au plettosé sur mon noim, mais cependant

3516 1262 2415 176 a vos frais & cepends, comme vous me le marque tant de la ditte

5033 1381 49 58 „

5110 1335 819 166 et la ditte laude

3523 1379 358 193 purge, q

5731 1481 236 121 man

3510 1518 372 119 ou autre

5723 1563 242 161 iele

3519 1631 332 128 pour vous

5726 1684 153 147 doit

3522 1737 353 173 soit. ie

5711 1809 232 134 het bey

3502 1863 356 140 estre in s1

5726 1905 194 167 ben

3503 1964 319 147 a anvers

5705 2050 225 149 coste

3500 2047 361 215 &le Si Jan

5717 2185 209 120 et de

3500 2193 368 143 qui at et p

5705 2314 127 102 te

3497 2298 364 187 l'achapt

5704 2380 155 142 n

3512 2425 358 150 si long te

5712 2503 230 155 ledinte

3490 2550 378 147 ferce & ƒ

5705 2655 230 133 =vous

3468 2657 417 149 du 5 de

5691 2762 173 151 te

3521 2769 339 196 voulez bi

5681 2909 233 134 Litter

3512 2911 330 168 dans la

3504 3062 347 131 vous est a

5680 3164 205 140 1eet

3528 3184 334 140 Egalene

3491 3309 319 147 yele

3510 3407 170 168 1p
