8104 4637
1004 200 2148 121 & roes goit geve, dat daer een goede vranderinge quain,

1015 281 2297 138 want soeete, dat selver oock sal sieck worden boof sat wijnigh

1006 396 2212 107 slapen & groot ongeruttijdt al hoe wel den doeter seght

1009 467 1263 174 geen swordgheydt en s sy is

2522 574 610 176 Ady 14 xber 173

820 589 791 199 Brussel S:1 e Bery

981 681 1200 197 Joffrsael Van Lijne Map. resien smer

997 787 1135 191 nvoonende by het hef tot brussel

1030 857 2266 208 dindispositie van mijn liefit, heeft mij belet eerder te antwoorden op ue

1031 989 2237 165 aengename van 28 pass. hebbende dan d'eere van ue te seggen, als dat de

1010 1110 2207 159 geanthentiqueerde rek: benevens eenige acquiten te rugge, mij ter

938 1243 2204 124 handt gesomen is & hebbe de selve iek: geexamineert & met groot

1004 1323 2249 176 gevoalen gesien, dat aen ons, de posten van de soldaten peerden ge

950 1446 2216 152 van a f 39 tot ƒ° 40 verso, sijn getoyeert, al hoewel door ons, het

1005 1553 2275 192 de creet van de Ma daet over verleent is overgegeven om eenighsints

1032 1657 2261 164 ontrent onse gelijdene schade, geindemmiseert te worden, lufdende de

1017 1763 2315 169 apostille, van te moeten betomen, dat wij niet gehouden sijn de misstairen

1016 1863 2245 206 te doen passeren de lornye vant octroij van de passagie van de riviere

1019 2024 2240 154 is mede over gelevert de heeren connen daer uijft wel sien, dat wij daer

1019 2097 2206 196 bij niet belast sijn, de militairen over te setten, het is wel een droeve

1006 2227 2282 128 sake, dat men soo danige extraordinaire costen, op ons wilt doiige

1006 2310 2246 152 voorders bevinde mede dat de potten van de ƒ 508:8 a ƒ.28 a12  sn

1025 2432 2246 139 voor de savel carren, en de de ƒ936:- a ƒ 28 verso boor de postillions

1028 2562 2165 162 mede geroyeert sijn, hebbende daer af, te de rek voor ontfangh

1515 2662 121 77 ick

1009 2636 2140 203 gebroght den 12 peun: gelijck blijckt a ƒ 12 verso At. 1 en de

977 2798 2279 117 A. 2 bedragende ƒ41:17:4 ende ƒ78: welcke twee sommen

1014 2870 2192 194 a daer voor ontfangh sijn aengenomae, twelck een evident aluyt is

1016 2997 2213 178 want worden de ƒ 502:8 ende de ƒ936:- geroyent soo moeten

1005 3094 2186 199 de ƒ41:17:4 & de ƒ78: oock getoyeert worden, want men can

1013 3193 2212 169 den 12 peun niet pretenderen vant gene geroyeert wordt twijfele

1028 3267 2199 217 niet oft mijn heer Rusquin sal dit abuyt seer, laer bevinden, ende

1032 3407 2242 204 genegen wesen het selve te redrisseren, daerom versocke van den

989 3510 2305 188 selven heere daer over te sprekent, & mij te laten weeten sijn sentiment

1016 3624 2169 217 op wat manien dit redres te doen, vermits de rek. gesloten is

1013 3755 2169 190 mijn gedachten souden wesen, van het slot van de gepasseerde

1025 3800 2270 256 rek. voor ontfangh te brengen in de naeste ick: ende in den uitgent

1007 3970 1761 195 de voors ƒ41:47:4 & de „78:- salvo melion

1033 4036 2273 246 nu londen wij geirne ick doen over de retterende seven daerm als

1029 4191 2288 212 mede dh Van Colen, n sijn partieulier al noch vau dien ty a

822 4345 694 85 N. 3„5: u ƒ. 1:1.  51:0

5777 129 118 127 1d

3484 188 2382 127 dat sij in besit sijn geweest van dheelijc eijdt van burche tot ende met

3495 296 2412 103 sut jaer 1699 over sijn  deelen in de passagie van de reviere, versoeckende

3492 392 2267 151 te weeten, oft mij daer over int toecomende jaer souden geaemiteert

3490 477 281 121 worden

3467 547 2452 195 dedancke ue hertelijck over de genomene moyte ontrent het spaens houdt

3484 691 2376 145 gedaen, het merrteerde niet daer over requeste te presenteren, als sijnde

3450 781 2321 103 van gien belangh, ben daer van voor als nu voorsien, niet te mm

3471 882 2397 164 blijve mijn het den president verobligeert voor syne goede genegensheydt

3486 972 2254 147 versoecke den selven heere, uyt mijnen name daer vvir te bedancken

3488 1097 2400 154 & mijn oodt noedigh respect te betoonen, en de onte complimenten te

3480 1180 2449 185 doen aen mijn heer tasquin blijvende met genegentijdt in afwaght in

3475 1293 899 137 van ul: antwoordt

5074 1289 692 216 Adij 30 xber 173

3392 1393 108 99 4:

3400 1417 450 157 reudt Coppens

3495 1534 2419 152 haeden het geluck verwaght als dat ue met dh. herrij soude overgesonn

3471 1638 2400 159 hebben dogh hebben dan den selven vernomen, als dat ul sijne reyte uyt o est

3489 1717 1517 171 heeft me d'in dispositie van ue lieven fils g

3486 1813 2324 180 als dat dh herrij mij ter hant heeft gestelt wee quitantien van d'hist

3469 1937 2452 157 vant ten Caste dheeren leeten van Brabant hebbe mijn skneght daer mede

3483 2040 2379 115 desen norgent gesonden, diene van ƒ60:- i1 afgeschreven, & dandee van ƒ100:-

3482 2129 2386 181 niet om dat den imero daer van vergeten is op de quitantie de stellen

3489 2225 2373 186 daerom versoecke instantelijck uij den miniers toe te senden, die selve

3467 2339 2132 167 op de quitantie can siesten, & soos te gelijck te laten ontfanghn

3488 2436 2421 199 voorders soo heep pieter de joenge van hildrecht hier oock geweest geeneen

3472 2573 2334 175 maght hier gesleven, one  te spressen,& vermits ul niet gecomen en

3469 2692 2164 160 waert, hebbe even wel van den selven voor ul: reks ontfangen

3454 2793 2424 125 vier en twintigh ponden wissel gede, de boeren van emelen noch

3463 2902 2361 159 andere hebben oock naer ue comen vrage die alle op toecomenden

3471 2989 2425 197 veijdagh sullen comen der halven sullen wij us verwaghten met den

3462 3113 2321 113 eerpen, waer mede naer onse ord: complimenten n haeste blijve

3464 3199 2337 224 hcyn dat merrome doen brief van mijn lieffte sal hebben ontfangen

3388 3338 647 187 Messele Momssens

5182 3338 697 212 Ady 3 febru 1728

3464 3461 2417 190 beyde ue aengename van 31 pass ten selven dage ontfanghen die lesten

3472 3585 2398 231 is don son stevens mij ter hant gestelt waer bij sien, dat het peerst

3450 3715 2459 205 toen sijne overle dene huysvroie hij competerende gespresen wat ƒ35:-

3462 3807 2456 202 hebbe het selve aen hem gelaten voor ƒ38:- en ut even wel wegh

3468 3976 2421 123 gegaen den balliu was hier, aen wien ordre gegeven hebbe, het

3462 4074 2386 196 selve noch te laten voor ƒ26:- & by faute ny iet wille het

3459 4195 1714 145 selve af te halen, watter van is mete iet

3455 4312 2449 97 hoowders hebbe van den heere pattor Jan messell vernomen
