8084 4678
1059 187 2213 145 dealese niet tn lan aen endoc dat het 4 de seel

2601 262 653 145 Adij 16 gber 1730

958 262 1357 126 Meghelen Theer P Maior, canouysse se

1066 332 2152 146 J'ay receu en so temps la lettre obligente, que vous avez bile. voulue

1055 462 2212 142 in escrire le 5 courant ayant dilayez a y respondre, a cause que vous

1052 537 2215 132 me marquiez vre absence de sbalines pendant la semaine passe, j'ay dont

1033 673 2251 140 l'honneur de vous dix, que ie convrend que les troupes de la may. doivent

1035 793 2240 147 passer pur tout, fant p les rivieres, que chemains, il faut considerer icy

1027 908 2161 149 qu'il iny a nmille passage dune riviere comme la noutre ou passe les

2456 974 263 82 ou fermier

1032 1011 2228 148 autres livieres ps pouton dont le proprietaire n'at aucune depense a

1004 1087 2270 182 faire, mais a legard de la notre, il ant la passer p ranes, & nous

1015 1229 2228 138 de vous payer a chacque batelier deux escailins p jour & en ce tenes

1011 1296 2267 161 que les troupes de la may. y out passe, il nous at este ordonne de la

2307 1396 947 88 ce qi ne se pouvoit faire avec les

1848 1405 133 79 2168

1036 1414 2231 170 part de la ditte mais de faire passer incessament les  sur quo

2179 1505 489 83 bateanof ordirgaires

1025 1515 2179 144 on a fait sont ce qu'on a peu nous n avant que des petits foateu

2074 1617 136 83 als

1026 1613 2212 191 aamet, & nous avons este oblige de lover de s grands Batteanx avuez

1016 1700 2258 173 quels on attachat des petits a rames pour les tirer ainsij de lautre

1579 1830 498 95 a footer das vange

1012 1829 2217 168 cotte de la reviere, & nsy vrre cerlae a quoy ou avoit besoing beaucoup

1028 1948 2213 131 du monde ce que nous a conte des grandes sommes extraordinaires, nos

1036 2040 2179 167 predecesseurs, ont este mesme de domage de la perte qu'ils faisions a la

1007 2155 2266 149 ferme, quand le pour de batteau estoit mis sur lescant, ce que mons.

1021 2253 2249 169 les fiscal de pottere, peu voir p un extrait mise entre autres memoire

3027 2321 165 77 nous

1016 2354 2249 164 en ces maings nous n'avons pas seulement perdu la ferme mais

1036 2462 648 71 a vons faitfoubre, ces

1022 2450 2254 152 et oblene ne faire et depences predites extraordinaire, pour le service de

1020 2561 2263 128 la may. & ie ne seray pas juste qun particulier souffriroit un telle exce

1380 2647 684 92 sans. en  deomag

1001 2645 2262 187 de depence, & on quelque joit oy pourroit estre outne, & a legard de la

1014 2749 2231 179 chause les postillions ont tbujours paye le passage les membres de la

2572 2839 242 76 in tpatsagen

981 2824 2289 214 flandre ont ca du temps passé p engagere le ferme de lkiviere de lescau

986 2944 2252 169 & de la chause, & ils ont vendue p oetroy les ditt droits pour perpetidite

1002 3064 2121 166 au sug de burcht & swijndrechet, depuis quel teras & encor avant les

1002 3150 2217 185 postillions out toujour payez, il n'est pas mis dans l'octroy, que nous

998 3240 2219 187 sommes oblige de faire passer les troupes de la may a nois depens

997 3351 2192 139 ny que les postilions seroient cocempts du droit de la chause, on at

2366 3438 403 85 aviviee ee

1865 3458 242 78 le passu

1542 3470 280 75 rant p9

960 3462 2312 166 toujours este paye icy p la manvoy des  jntquta pour le passage

1955 3562 377 81 des puessaue

2358 3553 303 80 1 mardts

999 3586 2231 112 de la chausse, si non qu'en teis que le poste generate il estont ils out

1120 3663 703 90 despayer la batiere

995 3676 2228 116 cesse, cellons des attestations repesentees. ie souhaiterois bien de pouvoir

991 3761 2231 144 me rendre a malines pour recomander l'affaire a mons: le fiscal de pottere

1739 3862 231 71 malade

993 3884 2097 148 meus mon espouze, estant  d'une desluxion sur la portine

5856 211 90 108 110

3460 219 1202 183 Mechelen dheer S: Mayor Janoninck

5142 212 718 186 Ady 3 janu: 1741

3549 312 2379 151 ie me trouve honore de l'agreable vre du premier de ce mois inttement

3540 460 2369 171 mons. Coppens consellier de gand, mon beau frere, estoit chez moy quand

3541 531 2378 198 me l'a rendue, luy estant egalement interesse comme moy, a l'affaire

3555 664 2258 191 en question, il a pris la resolution de partir hier aprez midy

3549 799 2358 140 pour malines, av intention de parler le mesme soir a mons. le

3542 895 2365 208 biscal a cet suyeet ainsy il seroit mut ile pour maj de faire le

3547 994 2268 190 mesme voyage, si non que pour vous souhaiver de bouche la

3546 1186 2357 159 nouvelle anne ou nons sommes entries tres heureuse & salidtaire

3529 1261 2243 157 que j'ay l'honneus de vous faire p cette en vous remerciant

3536 1372 2327 194 enmesme tems, de vre bon souvenir & soins, que vous voulez

3539 1495 2303 152 bien prendre a mon egard, esperant que l'affaire reussiera en

3540 1632 2400 198 nre faveur entre tems, j'ay l'honneur d'estre avec bien du respecs

5044 1766 684 154 Ady 8 meert 1741

3426 1745 792 190 London John Edwards & soon

3542 1882 2339 180 ul: seor geestemeerde Jan 13 Juny, 28 July 1740 & 19 janue deses jaer hebbe op

3516 1977 2376 148 hen tijdt wel ontfanghen, hebbende geene materie bevonden, om die eerder te

3512 2103 2391 167 beantwoorden, nu hebbe d'eere van ue te melden, als dat ue gecrediteert hebbe

3526 2177 2386 174 voor  £ 15:6 ƒ voor de 3 loten in de loterge de N. 1740 voor mij ingekoght

3527 2307 2361 173 £5:2s in gevolge ue: eerste missive, bij den tweeden hadde ontfanghen de

3526 2416 2302 119 numeros dan de selve loten, te weeten N. 11778 tot 11780 in clusive als

3529 2503 2363 199 mede dat ue soude ontfanghen de zrenten op mijne suytsie andities

3515 2612 423 149 vervallen

4998 2633 930 159 24 Juny 1740 £20:0:0

3523 2697 968 163 u uyt die actien vervallen

5003 2742 925 123 24 Juny 1740 „ 3:10:3

3524 2815 2439 193 waet vooren ul: rek: als dan gedebiteert hebbe, bij ul. laeste sien, als dat mijne

3509 2951 2409 178 numeros gande 3 voorgemelde loten, tegens meten sijn uyt gecomen waer

3525 3055 2357 179 in patentie neme, & sal te hedven sijn, ingevalle een andere lotenia

3510 3162 2415 143 uijtsomt sien bij den selven dat ul voor mij al noch ontfanghen hadde

3489 3294 2400 129 te op mijne  £2000:- banck aetien ve 29 sber 1730 ƒ 55:0:0

3508 3404 2382 171 2 ub van mijne. „ 931:13:4 houde  e 9d ... „ 18:12:8

3498 3532 2325 156 waer vooren ue ick: oock op sijn tijdt gedebbteert is soo dat celles in

3471 3615 977 169 conformitijdt genoteert hebbe

3505 3702 2442 213 tis te verwonderen dat alle de fontsen in engelandt soo stant blijven houden

3502 3834 2382 209 soecke geene remise uyt reden dat wel geiwne eenige employen in de

3476 3939 2408 203 fontsen soude doen, & wel principael in de amesties van 3 bt ofte

3490 4088 2416 169 wel in doostindische comp. waerom versoecke soo de comm te dalen

3502 4155 2391 220 de cours van tijdt tot tijdt de noteren, de annityten souten onder de
