8070 4658
1022 208 2118 161 stellen tot exempel vem andere, want jder een soiude syn

1013 295 1116 184 franduleeise maniere volgen

1012 360 2186 144 ende hier benevens oock een extraet uyt den doodt brecks

994 454 2298 162 Jan suijndrecht waer bij blaet dat sijne brouwe begraven is

994 566 2191 212 den selven dagh als de hoey bieste verkoght is geweest

999 688 2079 213 dit tot naeright & oft ue sigh daer van soude willen

1026 758 2226 192 bedienen verloeck ende ue venlige mij dan over te londen

1019 859 2179 264 blijve met eele achtiuye naer u gewenst te hebben

1013 993 2238 225 alle beden ckelijcke bene dictien des hunetsin dit soopnt

2540 1082 716 221 Ady 26 janu 1742

1034 1200 441 140 niuw jaer

834 1241 1131 209 Swijndrecht van beso procurens

1016 1342 2170 246 hebbe de duplique oft replique van den advocaet bcomen

986 1517 2213 161 de welcke ue hier benevens toe sende, met de reg en

1015 1594 2090 190 antwoorde als mede het exvrait uyt den doodt boecke

1007 1751 2094 133 dat mede dienen moet het geschrift van den advocert

1033 1820 2133 218 is bj naer onleeshaer waerom ick het uytgeschreven

1022 1948 2125 238 hebbe, bm ue te faciliteren hier oft daer can een woords

1012 2064 2193 224 sijn dat medchien niet wel is daerom moet ue het oock

1043 2161 2063 250 naer sien, & int net schrijven & soo op het spoedighste te

1019 2303 2106 210 dienen t welck verwaghtende blijve naer groeteenisse

2497 2403 704 186 Ady 27 janu 1142

844 2458 698 161 brussel Cavel de Vos

1037 2517 2182 203 wij sijn ten hooghsten verwondert dat de satuloge van de

1010 2687 2172 150 doecken Jan thier pangard hier niet over gesonden is,

1031 2770 2190 170 geweest hebbe even wel eene becomen, ick hadde geeijnt

1019 2883 2203 154 in persoon over te comen, dogh de sieckte Jan mevrou

993 3005 2180 213 & mijn oudrste doehter heeft mij sute beleft & al soo wel

1041 3124 2122 195 eenige soude begeiren, soo versoecke ue vrindelijck

1006 3249 2259 158 van voor mij in te coopen de numeros als hier achter

1026 3395 2253 153 genoteert gevende ul volle commissie Jan soo veel daer

1035 3506 2165 159 aen te bestteden, als die sonden connen geden, dogh mij

1014 3640 2210 121 op my vertrouwende dat daeronnne ul: de selve niet en

1005 3720 2147 172 sult doen oppaeyen, ic sal ul ten dancke voor de

997 3866 2114 181 commissie en moeyte recompenseren, mij dan hier

996 4003 2208 149 op verlaetende, blijve en afwaghtenge wat ul: suls

1013 4069 1858 208 hebben geeffectuent & groete ue van herten

1012 4183 2137 213 P.C. vertoecke van dese comissie in stilte te houden

4245 212 365 114 en Rolio

5777 220 148 109 174

3441 205 1673 208 44 histoire d'ingleserde p larrey 430l:

3538 327 1721 202 821 dictionaire de la lible p siimon 2 tol:

4225 466 430 144 En quarto

3449 556 1223 171 A„122„ heu vres postumes 330l:

3517 636 1710 189 14„ metode pour esteidier lhittoire £3:C:

4195 744 511 130 jn octavo

3446 801 1859 208 N a40„ description du Cap bon esperance 3 dr.

3499 987 1841 182 154„ hest dite de revolution de poloque 2 Vol:

3510 1095 1509 194 44u anisement de campeeque £30l:

5315 1165 154 87 ne

5080 1165 764 187 Ady fibru. 1742

3453 1199 752 156 indt advocact basilins

3517 1299 2355 194 un mij seer aengename van 24 pass wel ontfangheen daer bij de schrifture

3499 1419 2407 182 van replique tegens hendrick hersens, bedancke ue voor de exaite tude.

3517 1563 2339 126 nu isser wederom wat niuws voorgevallen, scheren soonghman, met

3509 1657 2395 134 naeme pieter van bossche is gecomen ten huyse van Jos van bossche

3491 1742 2382 144 sijnen broeder, men weet niet, oft hij daer bij woonde, echter is al daer

3493 1830 2235 169 siech geworden ende gestorven, oockk tot suijndricht begraven

3496 1925 2308 196 mijnen grestier met meyer en schepene hebben hun getransporteert

3489 2033 2444 175 ten hussel van Joors Joos van bossche op gisteren 31 Janu: 1742 hebben

4941 2138 273 75 overlden

3510 2152 2423 122 hem gevraeght naet den betten pant van lijven vroeder, gaf tot antwoordt

3508 2275 2426 140 gaet in de camen daer sijn de pauden, ende naer de selve gesien hebbende

3484 2317 2407 200 bevonden twee sleghte suttacops waer op hem gevraeght wirdt oft hy

3501 2442 2284 160 geen beter panden, oft juttncoop hadde achter gnlaten, daer op juy

3493 2553 2433 207 antwoorde dat jae, maer seyde, dat sij tsijnen huyse niet en waeren

3491 2637 2409 192 dat de selve waeren in de polders buyten mijne suredictie waer op

3497 2742 2414 183 den meyer present greffier & borgemester hem vraeghde, oft hij van

3493 2843 2420 176 sijnen overleden bloeder, geen voordere gvanden, als hier boven gemelt

3464 2958 2442 238 heeft versteeken, doen oftt laeten versteken, direckelijc oft in directelijck

3488 3056 2353 216 daer ip ditto van bossche antwoorde dat neen, soo heeft den meyer

3498 3166 2398 201 hem versoght te doen den gerequireden hedt als bij het placlaet oft

3483 3280 2231 203 de cretement de N° 24 janu: 1654 in den 3 placcast boeck

3469 3397 2364 191 4olio 1461 verso gementioneert staet welcken bedt niet en heeft

3482 3537 2393 160 willen doen seggende ick en wille niet betreckt mij daer toe

3501 3626 2374 190 waer op sij wegn gegaen sijn, & aen mij het voors rapport gedaen

3491 3709 2322 170 veele sijn hier ontrent sude bemoeyende, en willen soo het schijndt

3469 3798 2476 199 dese saecke tenteren, om te trachten van den iedt niet te moeten

3486 3879 2408 240 doen, om int toecomende hen daer van te prevaleren, & met gemack

3485 3993 1071 156 de bette panden te verste seen

3483 4129 2454 179 synde wederom een groote salie van aengelegentheydt, daerom versoecke

3483 4244 2413 147 engevalle gerechtight ben, den voors endt te doen don, van een
