8077 4644
2448 204 686 136 Ady 10 xber 173¼

873 217 1075 189 wijndrecht van berso Ballin

1010 325 2227 169 alsoo op sondagh toecomende de sherck geboien moeten beginen

1010 452 2146 158 gedaen te wotden tot den sitdagh tot het ontfanghen den

946 534 2251 189 cheijnsen soo sende ul. hier ingesloten het formisier twelckx

1019 651 2225 191 gelieft op segel te doen schrijven & op het prochie hujs af te

951 751 2294 178 lesen, & op de behoorelijcke plaetsen aen te placken twelck

1003 891 1286 183 doende blijve met genegentheydt

2713 882 481 191 Ady 21 xber

851 1013 2001 205 Wienen mons: Poya dies agent au conseil supreme de flandre

1011 1122 2278 178 J'ay receu l'honneur de l'agreable vre du 8 du courant avec la confirmation

1010 1289 2205 134 de la resolution du consul supreme, q uil ny a rien plus a esperer

1024 1365 2251 221 touchant les tenans & banderoles, & qu'il ny a aucux autre est perdent

1027 1479 2166 184 a prendre, qu a solliciter la payente de chevalier, &e ma lettre

1015 1633 2252 154 que ie me suis donne l'honneur de vous escrire le 10 du courant

1003 1740 2202 199 que ie crois que vous autay receu aujourdhuy, vous servira

1006 1831 2203 200 entierement pour responce a vre preditte du 6 & a la quelle

1028 1956 2237 197 ie me referre ne doutant point, que vous fairay la sollietation

1026 2064 2193 209 pour la patente de chevalier avec les tenans & banderoles pour

1018 2204 2218 156 nous deux freres, Jean michel & daniel gerard melijn, esperant

1012 2290 2206 218 ausy, que vous ne rencontrairay plus au'cune difficulte, puis

1022 2422 2257 173 que nos ordres y sont celon la volonte du sonseil supreme & la somme

1017 2538 2270 159 marque celon le taxe, de soite que nous seront en attente d'apprenda

1010 2626 2268 194 p vre premiere, que nre nouvelle requete serat appostille conforme

1016 2726 2194 225 a la demande, & qu'elle serat agree a la chanalerie de mesme

1016 2865 2163 195 & que vous auray eu le soing que la condecoration des ames

999 2960 2287 240 avec tenans & banderoles, risteront au deseendants avec une concession

1025 3127 2162 181 es presse, dans la patente, quoy que lusage est icy, que ces

1034 3218 2168 221 enfans ou desceudants portent les armes telles quelles sont

1002 3319 2249 217 condecoreis, c'est seulement pour une precaution, a quoy il

1011 3472 2246 180 vous plaira faire reffelion, sar sans cela, vous pouvez bien

1031 3609 2222 170 juger, que nous ne feriont belles depeuses, pour le peu du temp

961 3701 2266 206 qu'il nous reste a viere, & si on ne le veut accorderainsy, il

1018 3841 2168 206 faut demander la simple confirmation de noblesse avec

1017 3973 2110 174 concession de la couronne, ie ne lcaurois m'expliquer

1013 4078 2232 221 davantage, que ie n'ay fait p ma precedente, il me viend

1025 4203 2174 212 cependant une peasce, que nous nois pouvons escrire de

5795 117 137 153 1

3492 243 2323 100 melijn, comme il est mise dans ma patente de l'emspre enfin

3498 312 2417 145 mons: toutes choses & closes vous sont recomande en dressantt lal patente

3490 415 2408 161 me fiant entierement a vre chere personne, vous estant tres oblige

3476 507 2271 185 de la bonne confience que vous avez qn moy. i'ay fait lusage

3477 611 1678 175 que vous m'ordonne de vre billiet particulier

3473 680 2399 244 d'apprend que monsieur le conseillier, hille brand de brandan est deja

3475 809 2332 207 En nollande, s'il vient icy, & que jay l'honneur de le voir ie ne

3499 909 2260 223 manqueray pas en suite de vos ordres de luy presenter mes

3500 1057 1516 194 dervices comme estant tres sincerement

3531 1185 2293 197 il ne faut pas vous arretter si on donne le mot de melijn, ou

4681 1301 141 79 11 out

3515 1303 2231 204 non, il nous est indifferant, caf nous n'en sommes jamais servie

5078 1421 716 201 Ady 24 xber 1734

3398 1454 501 194 Gendt Coppens

3501 1614 2402 129 us: ons attiydt seer geettimeerde van 31 sber laest, op syn tijdt wel ontfangen

3481 1721 2414 187 de tot nu toe onbeantwoordt is gebleven, by faute &an presserende matene

3478 1835 2394 173 & ingevolge ul ordre bij den selven, soo waeren de versoghte cansens aen

3508 1937 2390 209 mijn heer grenier ter hant gestelt die niet twijfele, oft sult hebben ontfangen

3484 2054 2393 208 net is ons leedt dat gijlieden beijdie soo gevoeligh sijdt over ons verlies in

3488 2182 2423 200 queltie het gevoelen dat wij hebben in t verlier van onsen seer bend: com

3510 2295 2304 200 pater magitter gaet ons inder waerheydt my wat meer ter hetten

3493 2405 2426 198 estaileert dat e aliden bij tijde geen paert gegeven hebben van siyn overseyden

3491 2543 2329 186 wij hebben sedert eenigen tijdt wederom veele moeyelijck heben gerescontreert

3494 2689 2411 152 wegens indispolitien, als andersints twelck sigh nu beter schickt het maste

3507 2790 2290 187 dat mijn lieftte gein comodert heeft is dat lisebeth het seende meyden

3491 2871 2383 213 is wegn gegaen eer voy van een anders meysen, ons hebben comen voorsien

3492 3021 2410 186 sor laet ul deucken, hoe mijn liefste haer fatigeert pier van paesche

3489 3145 2305 184 is buyten staedt om de hoedts meer te voeren mij gaet op en neer

3493 3215 2341 199 al wat scroghenden wij hebben ons voorsien van eenen anderen

3482 3349 2386 209 ioelies, die naer nie iaer in sijne dienst sal comen, het scheyndt

3436 3503 2435 126 dat lijnen pier oock niet veel lust meer heeft om te dienen, soo

3496 3595 2423 178 synde sllen wij vrij niuwe boden te gelijck noodigh hebben tgene

3487 3714 2271 212 inder daet niet aengenaem soude wesen, dogh moten patientie

3489 3840 1666 184 hebben wereltsche laecken redden hien selven

3478 3919 2467 199 desen sal principalijck dienen, om uliden te bedanckien over ul toewens

3457 4045 2411 207 ainge van het hooghtheydt van aller hejligen, & in te gendeel wenschen my

3500 4189 2384 186 ondden alle, het hooghteydt van kersemisse benevens het aenstaende
