8056 4671
893 255 2353 177 & de penningen daer at ontfanghen dien volgens versoecke

945 379 2326 173 van niet cayer uyt te stellen van gelt te brengen, & t schre

948 455 1708 194 verwaghtende blijve naer groetenisse

2498 565 666 209 Adij 17 Julij 1733

783 581 1078 242 swijndrecht Berso ballinme

941 715 2281 220 alsoo het mij onmogelijck is naer swijndrecht te comen door de

952 833 2160 225 sware verhoutheijdt waer mede geincomodeert ben, soo

961 951 2244 201 versoecke van morgen naer antwerpen te comn om de

941 1072 2195 225 affairens tegens de wed: de bouye te reguleren, sal ick

917 1212 2269 187 schriftelijck en latt geven om te ageren tharen laste

930 1323 2253 198 & aen ul ter hant stellen op recipisse den vriginelen

933 1466 2324 174 brief van de weth, als mede de naeder vercleninge van

909 1606 2317 203 de selve, hebbe hier gesonsilteert met godts & reghts geleerte

941 1716 2198 169 die alle de claveren dat het eenen echtin valschen

939 1873 2267 151 hedt is die de selve wed. godt betert pdaen heeft sy

946 2025 2236 180 moedt volgens advies  d'advocaten, als crimineel

934 2126 2047 212 aengesprosien worden, & de conclus ie nemen tot

936 2258 2323 161 baniussement ick ben gesint dese salie uyt te voeren

923 2387 2212 225 sot wat costten wilt om de selve tot spiesel van

950 2522 2185 223 andere te stellen, & soo danigh quaet ust mijne

950 2646 2268 218 prochie te rmpen, ue broeder sal gelieven te dienen

959 2814 2286 163 in dese sake & als ue hier sal sijn, sullen te samen

949 2930 2219 171 bj d'advocaten gaen, om de conclusie thaven latte

940 3062 2339 232 op te doen stallen ue dan op morgen hier verwaghtnt

943 3224 384 184 blijve

2469 3207 720 230 Ady 27 julij 1733

824 3358 1179 171 sendt procurert cause masier

948 3471 2197 167 sende aen ue hier benevens eenen zueritur over een

933 3540 2331 251 voorgevalle lasse ontrent het besten sateyt op mijne heerlij

934 3681 2286 226 van swijndrecht voorge vallen, versoecke van den selven

951 3810 2277 210 schriftelijck te laeten solveren door dheeren advocaten

944 3919 2273 220 busilius ende fostier te samen, oft ider ent particulier

966 4021 2299 238 bidde van de cortste expeditie te besorgen, & uts mogelijck

967 4151 2302 245 mij beantwoordt sijnde, te rugge te senden, & gelieft de

3449 256 2375 138 te betaelen, & aen mij de notitie van ue verschet &salans mede

3463 359 2388 152 te loeten toecomen sal ue ten dancke alles  door imant

3471 426 1609 211 van gendt rettetiueren, middelertijt blijve

5117 534 647 201 Adiy 3 aug. 1733

3337 586 484 188 Gendt Coppens

3463 722 2424 154 N hebben al met groot verlangen in afwaghtinge geweest van ue met

3468 856 2422 141 me vrouw ue: lierste & fissien hier tonsen huyte tte ontfanghee & gisteren

3481 929 2312 137 besome eenen vrief ven den heere pattor van melsele, waer bij mij

3464 1053 2493 187 adviseert als dat mevrouw ue liefste noch geen valte resolutie genomen

3463 1190 2434 169 hadde om te vertrecken, soo some p desen ue andermael versoecken

3470 1315 2406 167 van ue: vertreck wat te willen verhaesten, op dat wij soo veel te

3441 1383 2376 224 langer mogen profiteren dan d'eere Van ue me vrouws & fisseens

3476 1514 2348 215 geselschap, ul: appartement is over langh veirdigh geweest als

3483 1657 2384 152 mede voor fisien & sijne gewesene mamme wat belanckt da

3466 1749 2344 159 wassene hoordekens, die menschen trecken de leijn al hoe wel sij

3460 1884 2357 170 gelooft hadden van over 1t dagen die souden t tonsen huyse

3466 2002 2376 213 gebooght hebben, isser noch niets van geschiedt onsen kneght en

3489 2101 2416 160 mevrouw selfs hebben daer tifferente reysen sedert noch al om geweelt

3457 2229 2489 169 sonder die te sonnen becomen, & tis nu ilyt gestelt tot opt eynde van

3470 2372 2449 144 dese wecke het heeft seterlijck aen onse devoiren niet gemanqueert

3468 2480 2366 186 wij willen hopen, dat wij het geluck sullen hebben van ue alle

3477 2608 2422 209 voort eyidde van dese weke alhier tonsen huyse te ontfangenn

3483 2721 2444 155 als wanneer de presentie van mevrouw ul liefste veel contribuere

3465 2867 2474 151 sal, tot het afmaken van de selfde hoordeskens soo niet gemaeckt

3466 2941 2462 224 sijn, versoeckende een lettersien tet advies vant vertrecke om ue

3480 3075 2415 204 alle te gemoet te comen mij sijn ue ten nooghtten verobligeert

3474 3214 2311 176 voor ul complimenten door den heere pastor gedaen gelieft

3479 3261 2438 270 inschelijckx biy desen, de onse mede te agreeren, & in afwaghtinge

3476 3420 2223 212 van deeve van ue: nevrouw & fisssen hier te sien blijve

3462 3649 2434 128 twijfele niet oft ue: sal den inventaris van de achtergelatene

3475 3719 2468 189 goederen van d'h. Canno y saliger gevisiteert hebben, als mede de

3457 3873 2341 176 resieniirge van ons beijde daer aen volgende versoecke de selve

3477 3967 2410 202 mede te brengen, om te liguideren, wil hepen dat wij met dh

3492 4089 1698 193 van liessel oock een eijnde sullen becomen
