8063 4644
843 1203 213 214 Suyn

1011 258 2203 145 requette op te stellen tot latte dan den voors Joos van bossche

1008 318 2140 176 tot het doen van den voors Pedt versoecke van notitie te

1017 407 2204 169 houden dan ue houdraire, & oock de poorten van brievan sal

1021 502 2247 190 alles ten dancke voldon, ue avier met het gene gerequirent

1024 615 1402 212 wordt af waghtende blijve met respeet

1018 697 2224 240 P.P. daer is oock noch een brome overleden, die aen haeren

1031 849 2223 203 soone over ettelijcke jaeren bij acte getransporteert heeft

1027 945 2167 230 alle haere goederen, oft niet gerecht ben tit het beste stucke

1018 1022 1976 248 van haere cleederen, oft tot den gouden trouw vonck

2525 1130 666 187 Ady 5 xbru 1742

1065 1191 1482 209 recht bersame balet ue Borgen: & schepenen

1047 1263 2009 253 desen de nienende om regerende borgemeelter & schepenen

1025 1427 2027 204 te bedancken door hunne gedaene dienstae, pom ice te

1048 1560 1958 148 adviseren dat ick de novs hebbe aengestelt voor

1044 1660 2057 221 borgemeeste & schipenen de naer volgende persoonen,

1009 1806 402 141 te weeten

1430 1827 704 209 Vooo voogemeester

1378 1961 777 168 Jan Jan iersihaves

1516 2065 572 193 30oo schepenne

1300 2188 514 172 Pieter Raes

1297 2309 567 212 Earel de Rop

1307 2425 617 148 Mathys 1 aut

1335 2497 674 217 Ladreys Corthals

1311 2620 549 215 Jan de ien

1309 2775 558 171 Pieter Maes

1069 2802 2137 261 ue ordonnerende de selve daer vooren te kennen mits

1054 2990 1026 198 doende den ordinadren Pedt

2502 3002 752 254 Adij 8 febru 1742

910 3132 1016 203 Gendt dh. advoiart basilius

1064 3235 2136 196 ue aengename 3 deser met project van requeste sen latte

1049 3304 2181 201 Joos van bossche tot het doen van den requireerden hedt wil

1061 3438 1898 243 ontfanghen, & hebbe het selve alsoo doen indienen,

1055 3511 2210 217 daer is mij nu ter hant gestelt de duplique van hendrick

1055 3658 2133 192 hersens ingedient twelck aen ue: hier benevens toesende

1062 3799 1198 189 om het selve te beantwoorden

1056 3855 2141 272 alsoo wij bij requerte geposeert hebben dat hj brouwe

1064 3975 2237 205 overleden was op 25 gber 1741 soo prevaleent hij sigh, van

1075 4131 2115 186 te seggens dat de liolybeeste voor de doodt van sijne

1070 4246 2131 226 huys vrouve verscoght was, dat contrarie is termits

3448 227 2493 155 sij begraven is volgens den doort brief op 24 ges & de hoey beette

3473 277 2400 215 t 22 gber vercoght is, oock men begraeft de menschen niet ten

3477 378 2388 204 date als sij gastorven sijn, oft seer vaer soo ist claer blijsiende

3468 471 2279 211 dat die vrouwe op 23 gber moet gestorven sijn & de bieste

3463 590 2405 206 daeghs naer de doodt geralieneert. dat ue: otgegeven hebbe

3476 704 2383 232 op 25 gber gestorven is geweest volgens het schrijven van

3476 830 2349 222 mijnen greffier, mij dunckt dat sullx behoorde de toont te

3474 916 2489 208 worden, eghter gedrage mij geheel aen ue want ben geenen

3481 1086 643 182 reghts geleerden.

3457 1114 2389 257 oorders moet sijn ermoede soo groet niet sijn vermits den

3476 1227 2272 249 pastor wver de begrafenisse wel betaelt wordt, & dat hy

3474 1344 2376 251 de bieste in taude verkoght heeft blijckt bij sijn antwoort

3461 1457 2430 265 aen de schepenen, die verkoght te hebben tot betalinge dan

3472 1599 2379 231 de begraetenisse, en voordere subtistentie, dat bj vrouwe

3465 1690 2366 235 niet en hadde gestorven, hij soude sekerlijck sijne soey bieste

3468 1883 825 183 niet versioght hebben

5399 1878 442 190 maer vam

3479 1983 748 203 sijne over groote arn

5370 2066 526 126 -menschen

3469 2090 757 177 sijnen slegter had

5360 2169 502 190 ropen, te daer

3479 2227 733 170 hunne beesten, op

5342 2280 406 192 elte hooft

3479 2322 739 215 soude selden iets 8a

5352 2426 601 143 te onde

3472 2453 712 163 waetr gans te niet

5356 2535 514 184 dre, din dat

3472 2557 718 205 van dheeljckeydt

5355 2644 471 156 antwoort

3491 2696 711 204 icks te beter sien

5332 2779 302 156 oorsere

3471 2851 712 179 op de duplique a

3491 2944 640 216 schisteeren, hebbe

5339 3047 489 201 den pastoor

3491 3095 638 202 us sinde uyt de

3483 3251 169 106 telt

3564 3273 590 208 gittorven binnes

5322 3332 547 182 dato van den

3471 3385 686 162 sot dat het soude h

3479 3493 1256 207 sterfdagh in plaetse van uen

3561 3546 2338 270 est sakiiu dat het niet noodigh is d'ingeslotene copiyen weder

3482 3715 2336 224 te senden, soo soude ue: onder sigh connen houden voor het

3498 3872 433 177 toecomendie

6010 1255 83 142 se
