7810 4692
914 208 2278 118 resoliche afwaghtende op morgen blije naer ul gewenst te

911 288 2075 184 hebben een saligh nine iaer met weele naer volgende

2619 389 635 140 Ady 13 janu 1730

731 400 778 191 verrebroeckk loos laureijs.

904 508 2329 204 en lange van uf: niets vernomen, hadde nochtans verwaaght dat ue het laer

907 625 2218 153 pacht verscheven her semisse 1728, van de 3 gemeten 19 roeden lants sut

888 727 2329 185 terthuys van dH. de Lannoy competerende, soude hebben comen betalen

900 837 2391 186 dit echter niet geschiedt sijnde, soo come p desen ue vermanen, & om gelt

887 950 2304 185 te brengen, voor de voors vervallene packe met versoeck van niet

900 1053 2345 138 langer ujt te stellen, op dat niet genoodtsaeclt souden wesen van

903 1150 2391 192 andere middelen te gebruycken tet betaling e dan nmet gelt afraghtende

907 1273 281 130 blijve

2589 1265 579 208 Ady 17 d 1730

739 1343 853 172 sheldricht wed: Jan dhooge

897 1442 2276 217 hebbe op 3 geer laest ue geschreven, & daer bij versoght dat ul sijne

903 1559 2304 204 vervallene pachten van de landen van d'hr. Jacques de Lannoy Hiere

902 1687 2339 187 van twijndrecht saliger mijn schoon vader soude comn betalen waer van

897 1777 2252 177 het nu toe niets vernomen hebbe, sijnde seer onredelijck te meer

896 1924 2266 144 om dat het saer verschenen versemisse 1727 noch niet ten vollen

905 2015 2245 197 voldaen is & dat het jaer 1728 over langh behoorde vodaen te sijn

894 2143 2239 124 dh. Coppens raedtheer in den rade van vlaenderen mijn swager

881 2258 2301 173 mede erfgenaem, is daer over oock niet wel gesint waerom aen

900 2352 2273 198 ue desen andermael schrijve met versoecke van de bovenp vervalle

909 2470 2372 157 packten met den eersten te comen voldoen, want souden gen ootsaecken

910 2577 2257 143 wesen den peecht brief naer gent te senden, om ul ufe betreckeen

909 2694 2370 157 tot betalinge, ue weet wel dat niet costen in rechten de voldoeninge

897 2798 2339 186 niet vermondert daerom gelieft luist voor te somen & sal ice dan

875 2883 1506 221 p eerste verwaghte  blijve naer groetenisse

2627 2911 676 203 Ady 15 janu 1730

771 3000 986 174 Lille wed: theotor Van Zeller

915 3100 2349 212 les visires contiieles, que j'ay este oblige de faire, & recevus au suy et

906 3240 2393 191 de cerenmourellement danne, m'ont empesche de respondre p lustost a vre

913 3380 2386 152 agreable lettre du 31 xber 1799 sur quoy j'aij l'honneur de vous dire que mons.

900 3467 2382 146 desjaunaux m'at marque, quil vous avez donne ordre pour torer sur

903 3556 2173 196 moy le quart que vous rervenoit de linterest de la rente en

894 3680 2383 182 question, de sorte que ie vous ay credite pour ƒ 2831- argent courant

883 3745 2240 243 En argent de change £40:- p pour econtre ie vous ay debite

905 3900 2358 196 pour £148:16:27 pour les ƒ1500:- argent courant de lille que vous

885 3982 2406 213 n avez bien voulu ordonner p vre preedente pour ma part lu ce que

900 4083 2389 203 vous avez receu des biens de fen mons: de Swyndrecht le change a 168

874 4211 2375 215 dont vous aste credite au compte de dit s. de mesme pour ƒ1512

3529 210 2484 162 argent courant de lille, que vous avez remis a mons. Coppens ca lettre de change

3528 302 2406 153 de ƒ900:- le change aussy a 168. vous voyez bien, que mons. Coppens

3526 392 2459 129 n'est point au fette pour tenir compte avec vous puis quil le vous marque

3530 519 2397 143 luy mesme, il at ette ioy pendant les fesres, & il na pas pris la peine

3517 593 2453 151 de menir chez nous, mese nous ne l'avons pas vre mons. van Hessel

3534 722 2456 160 a fait des devoirs pour un accomodement sans pouvoir reussie, de sorte

3526 785 2068 157 que le proces est trevitable, s est un homme sans raison,

3522 894 2438 189 nous avons annotte, que martin de le piere at satisfait pour le reste

3521 985 2291 211 de la parfaite de la depoullie 1728 avec la somme de £20:

3520 1101 2459 186 compes la quittaince de ce quil at payez a l'abbesse de marquete

3539 1215 2442 189 & vous este debite au compte de fou mons: de swindrecht pour ƒ33:8¼

3542 1313 2446 166 que vous avez reccu de luy en argent. il seroit bien, auvoit satisfait

3532 1442 2455 156 aussij le parfait de la despoulle 1728, & ie vous prie alors d'avoir la

3538 1512 2306 183 bonte de m'envoyer le compte pour voir si nous allons d'accord

3536 1642 493 157 pour le salder

3544 1695 2464 181 ce qui regarde de la necessite de rerectioner l'escurie de valhe p du dit

3536 1814 2364 167 de le pierre, y consent pour autant qui me regarde, & ie seray toujours

3535 1936 2452 164 contant, de ce que vous jugeray estre necessaire, ayez seulement la

3535 2057 2483 159 bonte de mander le consentement de mons. Coppens tant pour l'un que

3532 2141 2304 174 pour l'autre estant lutte, que les refections necessaire le font

3536 2234 2431 218 J'ay receu la copie du ball du s: courat, & de l'acord fait pour la

3526 2328 2459 203 cave, ayant annote qui doit donner annuelement £514:10 en tout

3536 2483 2410 190 estant pour nre moitie ƒ257:5: ie vous suis bien oblige ma

3529 2586 2371 206 chere tante, pour tous vos bonties, que vous avez pour nous, & ie

3510 2696 2449 143 souhaiterons d'este si heureux de vous pouvoir rendre une service

3539 2830 2319 163 reciptoque esperant que l'occasion se presentera, pour vous

3527 2924 2384 193 pouvoir montrer les marques de l'estime veneration, que jay

3526 2988 2432 211 pour vre chere personne & vre chere famile estant toujours avec

3518 3177 943 177 cubruission & du respect

3548 3243 2304 220 mon esponze a l'honneur de vous faire iy ses complements

3532 3408 2314 165 & a vre cher famile, permette que jy jorgne aussij les miens

5233 3483 766 211 Ady 14 febr 1730

3348 3524 1010 168 Mechelen van Lauwenberghe

3533 3624 2465 139 us: mj see aengename van 13 pass wel ontfanghee, benevens ul. advies

3505 3750 2496 170 & hebben vervolgens den heere radd Coppens bij te quisitonalen & cutatvrialn

3511 3856 2506 196 betrock en den raet van gendt heeft de selve op gehadd en & aen ditto cppeus

3514 3959 2496 184 tijdt gegeven om requeste te presenteren tot mijn laste, welcke reyneste

3527 4097 2471 118 beantwoordt sijn by advertentie & hebben steratire requisi toiva len

3522 4192 2457 206 & itatorvalen p staddt bode gesonden met eenen particulieren brief

3540 4314 2440 135 van d heeren van het ueagistraet waer op de insimuatie is
