8077 4671
1017 187 2307 157 wordt hadde hem een bagatete willen geven, geloove hij het in dancke

1011 290 2215 131 soude aengenomen hebben, als den bode ck betaelt gelieft hen de

1002 366 2269 212 stucken vant proces mede te geven, boven al de attestatie van den

1021 526 2155 152 pastot ende de wet van swijndrecht waer bij sij verclaeren

986 601 2287 220 dat ick geene veranderinge gedaen hebbe, ontrent het sitten decksel

1012 721 2181 152 van myne plaetse in de keresse dan swijndrecht. s. brenght in

1022 832 2130 152 reskeninge difterente oncosten gedaen tot restinitie van de

1010 960 2234 204 hellicht tant raport op onse dupplique ue hadde in dien tijde

995 1072 2278 197 leser moeten don betalen, ofte die sotten niet te doen, al patientie

1019 1226 2267 192 wil hopen, dat soo eenen tuylaert ten minsten sal geluspendeert

1003 1315 2211 147 worden, van sijne officie, op dat andere persoonen oock niet de

1020 1416 2210 159 selbve ofte diergeliecke vlxatien met gepatibuleert en worden

998 1537 2236 214 hope oock dat de veratie aen mij gedaen sal blijven slapen,

1008 1659 2148 189 verniiss voor mij geen reouver soude te vinden sijn, dit sjnde

1008 1760 2170 209 het noodlge deses & blijve naer ue gewenst te hebben en dit

998 1861 2216 216 copende niun ider alle soorten van benedictie des hunneles

2373 1991 774 209 Ady 4 iau. 1740

826 2020 908 233 Poeveren th. Vreylinck

1012 2131 2270 241 us: missive gedateert op heden gisteren wel ontfanghen als oock ten

1001 2269 2325 201 selven dage eenen van den heere raedt Coppens door mevrow geschreven

1038 2394 2281 169 waer by sij noteert als dat haeren man soo tterck geincomodeert light

1016 2501 2267 202 van het fleuresijen, dat hij in 3 a 4 daghen niet verbedt is connen

1012 2615 2176 201 worden, soo dat het hem onmogelijck is, om met dese vacantie

1022 2726 2227 210 oier te comen, & dat sijne reyse, nu niet, als tegens paeschen sijn cau

1010 2863 2222 176 wat belanckt de cheynse die dheerlijck heden van burcht en

1020 2963 2115 205 swmijndrecht in de cheijns bocken van Melsele polder souden

994 3073 2251 207 schuldigh sijn hebbe daer noyt van hooren sprekn, dat niet te

1015 3218 2258 179 verwonderen en is, terwijlent over de 30 jaeren doort sijn gewert

1007 3307 2220 199 echter ick ben bereijdt te voldon dat ick scholdigh soude wesen,

1009 3450 2186 217 voor eerst hebbe ick geene landen in den polder gelegen in

999 3579 2159 184 het tierflant, en cikelijck bevinde een stuck in den Bemt

1034 3733 2166 172 mij competerende, sal mijnen greffier bij ue senden om te sien

1002 3813 2228 226 volgens canten & abouten oft het mijn stuck is, dat ue: gelieft te

998 3945 2259 214 melden, & alsoo bevindende sal hij ue de verachteoieden van

1000 4054 2276 223 29s: betalen bedanccke ul over de gretheijdt, die ul wel heeft

994 4190 2104 217 willen hebben van mij daer over advestentie te doen

4645 894 509 181 9 Januy 1140

3381 1001 1024 231 bersame Borgemcester, & schepenen

3504 1109 1860 286 Also0 de commissie door mij verleendt, nen Joannes chrisostenins

3527 1249 1860 287 van Berlo, tot het bedienen Jan de meyerije van mijne prochie

3527 1350 1865 329 heerlijck hede van swijndrecht comt te resseren op heden aght

3552 1478 1772 278 den regensten Jannaoy deses jaere seveuthier hondert t

3543 1628 1851 263 biertigh soo sal ul den selven, van berlo, uyt mijnen naeme

3550 1722 1872 242 bedancken voor sijnen gedaenen dienst ende interdiceren van

3558 1830 1884 277 voorders eenighe de minste fonctie aen de meyerje dependerende

3555 1963 1843 224 te doen ende vermits de prochie van dusdanighe officiet niet

3562 2076 1794 234 en magh onvoorsien sijn soo hot sordonnere alls dat Jan

3762 2203 625 137 schegpenen uyt  wet

3560 2159 1851 243 hegelger het selve officie sat bedienen per suterin sal bedienen

4402 2303 208 73 7 anders

3562 2231 1893 289 tot ter tijdt dat daer vo over sal gedisponeert hebben, twelck

3647 2483 215 70 doende

3583 2441 708 215 terwaghtelde blijven
