8056 4637
904 197 2351 200 & de penningen daer at ontfanghen dien volgens versoecke

942 336 2330 169 van niet langer uyt te stellen van gelt t brengen, & t sche

955 416 1712 211 verwaghtende blijve naer groetenisse

2512 528 664 206 Ady 17 july 1739

792 542 1072 239 swijndrecht Berlo balliie

941 721 2286 125 alsoo het mij onmogelijck is naer swijndrecht te comen, door de

951 801 2168 216 sware verhoutheijdt waer mede geinsomodeert ben, soo

960 925 2248 148 versoecke van morgen naer antwerpen te comen om de

939 1037 2210 170 affairens tegens de wed: de bouje te reguleren, sal ue

914 1169 2296 198 schriftelijck en latt geven om te ageren tharen laste

938 1293 2249 192 & an ue ter hant stellen op recipisse den vriginelen

944 1431 2316 163 brief van de weth, als mede de naeder ter cleninge van

928 1574 2321 136 de selve, hebbe hier gesontulteert met godts & reghts geleerte

916 1678 2217 167 die alle de flaveren dat het eenen rechtin valschen

942 1829 2278 138 hedt is die de selve wed. goot betert gpdaen heeft sy

922 1938 2261 235 moedt volgens advies n d'advocaten, als crinmneel

944 2088 2044 214 aengesprosien worden & de conclus ie nemen tot

954 2216 2304 156 banussement ick ben gesint dese salie uyt te voeren

930 2336 2219 230 cort wat costten wilt om de selve tot spiesel van

927 2485 2214 228 andere te stellen & soo danigh quaet ut mijne

932 2618 2272 189 prochie te rempen, ue broeder sal gelieven te dienen

954 2769 2292 176 in dese sake & als ue hier sal sijn, sullen te samen

948 2899 2194 188 by d'advocaten gaen, om de conclusie thaven latte

950 3030 2333 227 op te doen stullen us dan op morgen hier verwaghten

948 3182 365 182 blijve

2457 3174 725 232 Ady 27 julij 1739

812 3317 1192 182 sendt procurerd cause matier

961 3449 2159 156 sende aen ul hier benevens eenen cueritur over een

948 3497 2305 266 voorgevalle casie ontrent het besten cateyt op mijne heerlije

929 3649 2292 224 van swijndrecht voorge vallen, versoecke van den selven

944 3789 2257 193 schriftelijck te laeten solveren door dheeren advocaten

939 3890 2266 206 basilins ende fostier te samen, oft ider ent particulier

953 4005 2307 220 bidde van de Cortste excreditie te besorgen, & cits mogelijck

951 4118 2303 238 mij beantwoordt sijnde, terugge te senden, & gelieft de

4434 310 557 208 22 d

4324 570 368 189 Jactum

3994 815 1808 206 Den 26 Juny 1733 is overleden binnen de prochie Van

3767 969 2025 182 N. t swijndrecht scheren pieter de Bruyn in houwelijck sijnde

4028 1042 635 196 met Joan nas Clinck

4027 1191 1764 191 is begraven op 28 junij voors als wanneer naer de begraefy

3866 1225 118 135 2

3983 1286 1732 192 de wethonderen &en swijndrecht uyt den name van den

4015 1411 1773 195 keere der selve prochie suine getransporteert hebben ten

4001 1514 1721 196 sterfhuyse omme op te eyschen den besten pant ofte

3995 1626 1764 184 cattij den selven heere competerende in dien gevalle

4017 1728 1735 211 hebbende des selfs wedue gevraeght naer den betten pant

3998 1868 1709 188 de welcke alles heeft getoont ende aengewesen ende

4014 1977 1698 192 daer op gedaen dens bedt in handen van den Ballie

3994 2093 1686 178 ter presentie van 4 a 5 schepenen van geene betere

4008 2192 1776 207 panden te hebben als de gone sij als dan heeft aengewese

3999 2307 1733 147 hebbende de selve schepenen boven dien gevraeght naer

3998 2423 1805 198 haer pluymen bidde & heeft oock op naeren hedt verclaert

4004 2535 1726 161 noijnt pluymen bedie gehadt te hebben dan alleen

4006 2652 1607 195 een caffen bet maer dat sij van haere sutter oft

4000 2753 1518 187 swagerimme een stonde gekregen te sebben

3993 2864 1814 211 waer op de voors schepenen & Ballinn voor den besten

3786 3006 1974 219 paut voor q in den name van den heere getrocken

3978 3129 1081 195 hebben eenen tossen joustacorp

3986 3241 1782 218 welcken instacorp aen den ieere is thuys gesonden

3983 3392 1776 189 & is publicq op de vrijdaghs marcht tot antwerpen

3831 3505 1918 214 verkoght 3 July 1833 voor de somme van ƒ10:

3981 3642 1816 193 tis gebeurt dat den hure van swijndrecht naer der hant

3835 3765 1962 212 geinformeert is geworden als dat int sterfhuys eene

3964 3894 1851 212 pluymen bidde geweest ijt, & gesien naer alle aparentie
