7810 4692
2360 190 816 187 Ady 31 mey 1730

744 223 784 194 London John Edwards

903 322 2394 215 ue mij seer aengename van 4 deser I. S. wel ontfanghen daer by advie

900 443 2382 155 dat ue de mij deelinge van de banck voor mijn  £1700:- Capitael

902 576 2390 156 ontfanghen hadde  £51:- a 3½ voort half jaer verscheven 25 meer

911 675 2386 153 178010.3 derhalven is ue, daer vooren in rek gedebiteert voorders

919 729 2343 240 bevinde us remise van  £50:- op 2 usos tot 35 p ten laste

915 866 2374 177 noe hellin te betalen aen mijn ordre welcke is geaccepteert, & sal ul

937 983 2206 173 op sijnen tijet daer vooren worden gecrediteert. sien datter geen

922 1092 2237 142 naeder uijtdeeling van den boedel van iustus beck is gedaen

912 1194 2327 145 &onsesier wanneer waer toe men den tijdt moet afwachten

916 1297 1672 201 blijvende naer seer mn same groetenisse

2471 1389 712 212 Ady 2 Juny 1730

726 1517 870 175 Doch de wed: le page

896 1642 1566 153 geschreven os de 4 viertelen taruwe

712 1745 956 179 twijndrecht Joos rottier

929 1867 1892 158 geschreven om betalinge vant stuckie wijlants

763 1968 1065 203 Messele Joos de maeyer

916 2086 2134 158 geschreven om de 3 javen pacht tant lant in calloo

899 2206 1268 191 te weeten 1727 „ 1 ƒ 28 „ 1229

2573 2231 687 215 Ady 171uny 1730

759 2351 1597 188 Mechelen dh. pensionaris van Cauwenbergen

924 2451 2368 155 ag: seer gestimeerde van gisteren wel ontfancke waerbij vernine

895 2583 2354 114 dat ul: de goedtheydt sal hebben van het versoght Capitael van

906 2735 2375 147 ser uysent pouden wissel gelde mij te besorgen, in te te opnemene

927 2797 2347 177 penningen tot het mosien van den niiueven tt een wegh, com

906 2909 2393 207 p desen ue: andermael te versoecken van uy te willen besorgen

918 3044 2288 189 acht duydent ponden wissel gelde capitael, heden heeft then

915 3169 2350 135 op de boste alhier gaen leuren om depenningen te becomen,

917 3275 2376 204 & soude die tence duytent ponden die nu meer versoeckie wel

923 3397 2324 193 hebben sonmen becomen, dogh hebbe geoordeelt het beter te lijv

892 3549 2394 176 die mede van ue te versorcken, om dat het profitubelder is voor

915 3651 2366 172 de stadt van mechelen, dermits van dese penningen geene

922 3746 2316 190 provisie en moet betaelt worden, sten andeven on dat

918 3869 2357 207 verhope meer seheringe sal hebben die van ul. hant te

936 4020 2351 145 besomen, als wel van die leurders, iet sal mij aengenaem

929 4102 2175 211 sijnn de conditien & obtroyen van ce te ontfangen van

933 4245 2295 201 vervolgens te regeleven, & wat den sntrest belanght

3504 185 2480 141 wij sullen ons conformeren, naer die al reede daer over geconveieert

3484 275 2483 164 sijn, binnen moehelen, die hunne penningen al gefourn dedt hebben

3486 393 2485 124 niet moetenderende meerdere e vantagien, & vermits het een ende

3487 479 2415 141 selve hipoteque is soo moedt d'een & dander daer inne egaeck

3493 564 2366 188 sijn, gelijck ul. de goedtheydt gehedt heeft vant selve met

3498 673 2409 150 my tebekennen deere van ul: niss ve met de noodige

3504 812 2354 171 Conditien  pais met velangen afwaghtende blijve met

3503 918 501 181 veel respect

5176 934 714 203 Ady 14 july 1730

3327 1015 1386 171 hungene ballin Borgemeetter & schepene

3504 1068 2348 216 sij sijn seer verwondert dat ul: ontfangen niet en comt betalen de

3491 1212 2420 186 Croisen van de renten van ƒ 3026 4:10 die wij sijn heffende Jan

3469 1306 2499 224 laste de prochie en principale gegoeyde van hingene & alsoo den tyet

3507 1443 2454 154 van betaling veer overt stier it & dat suppoiere dat ul: daer van

3497 1583 2363 137 niet geinformeert sijdt soo neme de lebetijdt ul daer van p

3490 1639 2429 167 desen kennisse te gevenn versoeckende dul: ontfange de praemen

3485 1752 2484 162 dan de oovalle croisen te comen voldoen, op dat niett gen rodtsaeele

3492 1911 2481 120 souden sijn, andere middelen te moeten gebruycken ons vertrouwende

3510 1974 2475 172 op ul goede sorge & de betalinge verwaghtende, blijve met veele

5370 2091 504 162 ady 14d

3519 2112 457 177 aesotinghe

3336 2230 2475 182 Russelmonde Cornelis schreters pachter van de visserge van swjndrecht

3495 2326 2427 219 sedert 6 Junij 1729, als wanneer uk een jaer packt van te visserge

3495 2449 2419 205 op swijndrecht verschenen 22 meij 1729 mij hebt somen betalen

3490 2604 2298 173 voor relleniige van het sterthuys van mijn vader saliger

3493 2659 2388 217 niets meer van ue vernomen, al hoe wel in af waghtinge

3505 2794 2454 173 geweest hebbe, dat ue soude gesomen hebben on het jaer packt

3461 2886 2459 213 verschenen 22 mij 1730 te betalen, ende vermits sulx niet

3509 3019 2428 187 en is geschiedt ende dat niet weete om wat reden, soo come

3492 3142 2339 210 p deben ue vrindelyck versoecken van eens over te comen

3532 3244 2369 114 om ue voonders mondelint daer over te sprcken te meer om dat de

3511 3326 2371 125 eer sleght m dat ul het gaeglackt aen dan copp

3491 3372 2477 198 soude hebben betaelt soo seijnde, bidde van lijne qutantie

3508 3503 2473 178 mede t brengen bie de betalinge te semen aen teerienen

5144 3612 679 88 op 22 gber toecosende

3501 3657 2465 170 ende t  dry jaren pacht g'eecre piveert

3509 3726 2400 204 mondeliust daer vander overse ul dan met

3525 3862 2292 214 verlangen afwaghtende blijve naer groetenisse

4429 3983 1407 180 niet voortgegaen als op s ƒ4944

3395 3987 1121 222 Det de wed: la page

3509 4160 2295 156 wederom vermaendt om de t vierscha teruwe

3515 4283 1688 190 op dijnsdagh toesomende te sendn
