7933 4644
955 194 2304 139 a uytzee annuities & om met geene differente persoonen te doen te

967 283 2303 205 hebben soo soude ue: wel procuratien willen senden, tot het

991 407 2167 198 ontfanghen van de voordere intresten waerom versoecke

994 503 2232 165 mij ewee proieeten tot het eene  het fander over te senden

983 618 2262 225 tgene vorwaghtende blijve naer seer nusame groetenisse

2489 750 731 173 Ady 21 Juny 1732

800 752 742 205 London John Jotnall

969 866 2303 210 J'ay receu en son temps l'honneur de la vre agreable lettre, du 27 mars

966 985 2309 215 passe escrit p mons: vre fils quillieime tatnell y joint les quitances

991 1109 2236 209 de monsr. Isace del pesch, portant £1:11:11 et sterlins, que vous avez

1002 1215 2279 221 eu la bonte a luy payer pour mon compte, pour les quels ie vous ay

992 1344 2284 209 credite a vre compte avec mils remerciements ƒ17:4 ½ sols argent de

995 1453 2276 200 change dicy, ce change compte a 36. ce quil vous plairez dauster

994 1598 550 139 de conformite

996 1622 2277 244 J'ay este en attente de recevoir vos ordres pour des cotils, j'espere mons.

992 1807 2303 190 que vous ne preferreray dautres a moy, pour vous servir, soyez bien

1003 1912 2204 214 persuade, que rien ne me sera plus agreable que de pouvoir

1012 2035 2279 173 entreter ure si ancienne correspondence vous assurant que ie

995 2163 2233 161 vous envoyeray toujours de la plus belle sorte dant vous jeray

1017 2295 2254 142 tres contant & En attendant l'honneur de vos ordres ie suis tres

1006 2436 2148 224 terstublement avec offres de mes services Ad728d

835 2525 1078 181 Lille wed: theodor Van Zeller

979 2628 2310 214 J'ay receu en son thips vre agreable lettre du 29 du passe, j'ijoint

995 2769 2297 204 un extrait du compte courant des heritiers de feu nons. de luynde

995 2882 2309 215 le qiel nous avons examine & anneste le tout de conformmite sur

996 3003 2296 220 les livres de feu mons: de lannoy, p le dit compte il me revrent

1003 3137 2294 215 pour ma dentie ƒ 654:19 courant de Lille dont ie vous ay debite

994 3224 2307 268 a mon compt particulie J y credite pour ƒ550:-- de lelle

991 3355 2301 252 le change a 169 ½ faissant argent de change dicy £54:4:1

1002 3502 2283 209 les quells j'ai porte a vre compte suivant vre ordre du 16 may

1003 3619 2291 222 passe, j'ay aussij exane mon compte pearticelier qu j'aj aves

1001 3732 2303 234 vous, & ie trouve que les predits:550:1½ de lille servent pour

974 3872 2273 218 solde l'ayant ainsy solde, vous priant de faire de mesme

988 3985 2303 234 le compt courant des heritiers est aussij s celde, sil nt clair a vous

993 4106 2306 243 que mons. Coppens puey a vons reclu justement la modfie de

1007 4270 2286 169 revenues des biens de lille, julqua lan to30 inclusive, ie ne

3443 223 2345 130 doute pas, que vous avay envoyez aussij, les coxtrants des comptes

3488 268 2428 201 des heritiers, a mons. Coppens & a fin quil aye sa satisfaction, & quil

3501 412 2327 162 voit que nous sommes egale de dit revennies somme dessur & si

3496 528 2379 178 encas que vous ne l'avez fait ie vous prie de les luysenvoyer la

3512 596 2412 242 pours dite des revennnes est pour son compte seul vous estant bien

3504 738 2326 140 obsige de la consideration que vous avez bien voulue avoir

3508 843 2379 217 pour donner chacquu la moitie de ses revenues ce qui nous

3468 951 2376 215 donnera nne grande facilite a nou comptes que nous devons

3475 1077 2400 208 faire lun, a l'autre. il servit a souhaiter que nous servons

3489 1194 2358 216 separez entierement, & que le partage seroit fait devant

3492 1313 2324 220 saloix sans le quel on ne pent estre amverte, comme

3513 1451 2379 201 proprietere des biens partage au lieux on elles sont situe

3506 1567 2276 205 il est bien expressement aimote & conditione dans la

3488 1690 2436 212 transaction de passer le partage p le premver devant la

3490 1824 2378 202 soix en tous ses formes des lots fait p devant notaire

3488 1960 2400 199 J'ay este demande apres le velons pour meedame combien

3492 2112 2306 131 on ma dit quil faudra bien encor deux moid avant

3506 2193 2367 205 quil serat fait, & l'en auray soing en son temps &ou ie

3508 2322 2316 152 vous puis vendre service en d'autres occasions ie vous

3505 2443 2349 231 prie de me comander, seyez perswade madame & chere

3476 2641 2330 186 tante, que rien ne me sera plus agreable que

3473 2726 2349 211 d'entrettenr une pearfaite lieson entre des s1 proches

3526 2918 1852 134 parens estant toujours tres sincerement

5214 3004 704 186 Adij 14 july 1732

3394 3017 1123 182 melsele Mons: moensseus Preffier

3506 3126 2385 139 alsoo ornelis cattoir niet voldaen heeft aen sijne gelofte, soo some p desen ue

3500 3226 2427 164 versoecken, van de provisie in rechte te sien bekomen, vn de voughten te

3497 3340 2455 125 elde te doen versoopen, van het stuck lant gelegen onderbeurckt in den

3517 3470 2436 173 grooten braeck hoeck groot twee gemeten 280 roeden, sijnde besaeydt met

3470 3576 2442 110 vlas & boeckwey ditto sattoir heeft meer voldaen het jaerverp bamus 739

3496 3679 2455 186 soo dat bamis aenstaende 3 jaeren schuldigh sal sijn, de packte is ƒ 20:-

3507 3791 2410 187 siaers de partije soo soude my comen te bamis naestcomende sostigh

3483 3897 2425 191 galdens versoeckende van niets te versuymen, op dat het vlas niet

3472 4000 2450 216 wegh geraeckt mij geheel op us: vertrouwende blijve naer groetenisse

3528 4092 1330 203 gelieft hem het lant oock op te seghers

3520 4213 2146 194 & eenen anderen goeden pachter met iccasie te besorghen
