<?xml version="1.0" encoding="UTF-8"?>
<alto xmlns:xsi="http://www.w3.org/2001/XMLSchema-instance"
      xmlns="http://www.loc.gov/standards/alto/ns-v4#"
      xmlns:page="http://schema.primaresearch.org/PAGE/gts/pagecontent/2013-07-15"
      xsi:schemaLocation="http://www.loc.gov/standards/alto/ns-v4# https://www.loc.gov/standards/alto/v4/alto.xsd">
   <Description>
      <MeasurementUnit>pixel</MeasurementUnit>
      <OCRProcessing ID="IdOcr">
         <ocrProcessingStep>
            <processingDateTime>2022-02-11T21:46:25.738+01:00</processingDateTime>
            <processingSoftware>
               <softwareCreator>READ COOP</softwareCreator>
               <softwareName>Transkribus</softwareName>
            </processingSoftware>
         </ocrProcessingStep>
      </OCRProcessing>
   </Description>
   <Layout>
      <Page ID="Page1" PHYSICAL_IMG_NR="1" HEIGHT="4644" WIDTH="8084">
         <TopMargin HEIGHT="0" WIDTH="8084" VPOS="0" HPOS="0"/>
         <LeftMargin HEIGHT="4644" WIDTH="0" VPOS="0" HPOS="0"/>
         <RightMargin HEIGHT="4644" WIDTH="0" VPOS="0" HPOS="8084"/>
         <BottomMargin HEIGHT="0" WIDTH="8084" VPOS="4644" HPOS="0"/>
         <PrintSpace HEIGHT="4644" WIDTH="8084" VPOS="0" HPOS="0">
            <TextBlock ID="region_1644588409895_3372"
                       HEIGHT="4291"
                       WIDTH="2480"
                       VPOS="135"
                       HPOS="814">
               <Shape>
                  <Polygon POINTS="814,135 3294,135 3294,4426 814,4426"/>
               </Shape>
               <TextLine ID="region_1644588409895_3372l1"
                         BASELINE="1042,270 1153,270 1265,270 1377,270 1489,272 1601,272 1713,272 1825,274 1937,274 2049,276 2161,276 2272,278 2384,279 2496,280 2608,282 2720,284 2832,284 2944,286 3056,288 3168,288 3280,290"
                         HEIGHT="130"
                         WIDTH="2271"
                         VPOS="216"
                         HPOS="1026">
                  <String ID="string_region_1644588409895_3372l1"
                          HEIGHT="130"
                          WIDTH="2271"
                          VPOS="216"
                          HPOS="1026"
                          CONTENT="ou pair, vous priant de l'annotter de conformite, &amp; me donner vre orre"/>
               </TextLine>
               <TextLine ID="region_1644588409895_3372l2"
                         BASELINE="1038,374 1149,374 1261,372 1373,372 1485,372 1597,372 1708,374 1820,374 1932,376 2044,376 2156,378 2267,378 2379,380 2491,380 2603,380 2715,380 2826,380 2938,380 3050,380 3162,378 3274,376"
                         HEIGHT="201"
                         WIDTH="2264"
                         VPOS="263"
                         HPOS="1024">
                  <String ID="string_region_1644588409895_3372l2"
                          HEIGHT="201"
                          WIDTH="2264"
                          VPOS="263"
                          HPOS="1024"
                          CONTENT="positive, touschant vre remises sur pais, a fin que ie les puis negoti"/>
               </TextLine>
               <TextLine ID="region_1644588409895_3372l3"
                         BASELINE="1042,478 1146,480 1251,480 1355,480 1460,480 1565,480 1669,480 1774,480 1878,480 1983,480 2088,480 2192,480 2297,480 2401,482 2506,482 2611,482 2715,484 2820,484 2924,486 3029,488 3134,488"
                         HEIGHT="170"
                         WIDTH="2121"
                         VPOS="392"
                         HPOS="1027">
                  <String ID="string_region_1644588409895_3372l3"
                          HEIGHT="170"
                          WIDTH="2121"
                          VPOS="392"
                          HPOS="1027"
                          CONTENT="lundy prochain, ou en suivre vre oddre, &amp; en cette attente cy"/>
               </TextLine>
               <TextLine ID="region_1644588409895_3372l4"
                         BASELINE="1032,584 1098,586 1164,586 1230,586 1296,586 1363,588 1429,588 1495,588 1561,588 1627,588 1694,588 1760,588 1826,588 1892,588 1958,586 2025,584 2091,583 2157,581 2223,577 2289,573 2356,570"
                         HEIGHT="180"
                         WIDTH="1353"
                         VPOS="490"
                         HPOS="1018">
                  <String ID="string_region_1644588409895_3372l4"
                          HEIGHT="180"
                          WIDTH="1353"
                          VPOS="490"
                          HPOS="1018"
                          CONTENT="l'honneur d'estre tres parfaittement"/>
               </TextLine>
               <TextLine ID="region_1644588409895_3372l5"
                         BASELINE="2492,634 2527,633 2563,632 2599,632 2635,634 2671,634 2706,636 2742,638 2778,639 2814,641 2850,642 2885,644 2921,647 2957,649 2993,650 3029,652 3064,654 3100,654 3136,654 3172,654 3208,654"
                         HEIGHT="237"
                         WIDTH="750"
                         VPOS="498"
                         HPOS="2476">
                  <String ID="string_region_1644588409895_3372l5"
                          HEIGHT="237"
                          WIDTH="750"
                          VPOS="498"
                          HPOS="2476"
                          CONTENT="Ady 4 febru 1737"/>
               </TextLine>
               <TextLine ID="region_1644588409895_3372l6"
                         BASELINE="866,714 892,714 919,714 946,712 972,712 999,712 1026,714 1052,714 1079,714 1106,714 1133,715 1159,716 1186,716 1213,716 1239,716 1266,716 1293,716 1319,715 1346,713 1373,712 1400,710"
                         HEIGHT="200"
                         WIDTH="563"
                         VPOS="577"
                         HPOS="852">
                  <String ID="string_region_1644588409895_3372l6"
                          HEIGHT="200"
                          WIDTH="563"
                          VPOS="577"
                          HPOS="852"
                          CONTENT="Lille de Lannoy"/>
               </TextLine>
               <TextLine ID="region_1644588409895_3372l7"
                         BASELINE="868,782 896,785 924,790"
                         HEIGHT="106"
                         WIDTH="95"
                         VPOS="710"
                         HPOS="851">
                  <String ID="string_region_1644588409895_3372l7"
                          HEIGHT="106"
                          WIDTH="95"
                          VPOS="710"
                          HPOS="851"
                          CONTENT=""/>
               </TextLine>
               <TextLine ID="region_1644588409895_3372l8"
                         BASELINE="1052,826 1162,830 1273,832 1384,834 1495,836 1606,836 1717,836 1828,836 1939,836 2050,834 2161,834 2271,834 2382,832 2493,832 2604,832 2715,832 2826,834 2937,834 3048,837 3159,840 3270,844"
                         HEIGHT="212"
                         WIDTH="2249"
                         VPOS="702"
                         HPOS="1036">
                  <String ID="string_region_1644588409895_3372l8"
                          HEIGHT="212"
                          WIDTH="2249"
                          VPOS="702"
                          HPOS="1036"
                          CONTENT="ie vous ay avisez p ma derniere du p du courant que ie n'ay peuu"/>
               </TextLine>
               <TextLine ID="region_1644588409895_3372l9"
                         BASELINE="1042,940 1153,944 1265,950 1376,952 1488,954 1600,954 1711,954 1823,954 1934,952 2046,950 2158,950 2269,948 2381,946 2492,946 2604,946 2716,946 2827,948 2939,952 3050,955 3162,962 3274,968"
                         HEIGHT="147"
                         WIDTH="2264"
                         VPOS="836"
                         HPOS="1026">
                  <String ID="string_region_1644588409895_3372l9"
                          HEIGHT="147"
                          WIDTH="2264"
                          VPOS="836"
                          HPOS="1026"
                          CONTENT="negotier vos resuises sur paris a 57 et &amp; qu'on avoit mgotiez d'autres"/>
               </TextLine>
               <TextLine ID="region_1644588409895_3372l10"
                         BASELINE="1040,1054 1152,1060 1264,1062 1376,1066 1488,1066 1600,1068 1712,1068 1824,1066 1936,1066 2048,1064 2161,1064 2273,1062 2385,1060 2497,1058 2609,1057 2721,1056 2833,1056 2945,1056 3057,1056 3169,1057 3282,1060"
                         HEIGHT="190"
                         WIDTH="2273"
                         VPOS="956"
                         HPOS="1024">
                  <String ID="string_region_1644588409895_3372l10"
                          HEIGHT="190"
                          WIDTH="2273"
                          VPOS="956"
                          HPOS="1024"
                          CONTENT="parties a 56¾ et &amp; que ie trouvois le changement du change, qui ie "/>
               </TextLine>
               <TextLine ID="region_1644588409895_3372l11"
                         BASELINE="1036,1172 1146,1178 1257,1180 1368,1184 1479,1185 1590,1186 1700,1188 1811,1188 1922,1188 2033,1186 2144,1186 2254,1184 2365,1182 2476,1181 2587,1180 2698,1178 2808,1176 2919,1174 3030,1174 3141,1173 3252,1172"
                         HEIGHT="205"
                         WIDTH="2246"
                         VPOS="1066"
                         HPOS="1022">
                  <String ID="string_region_1644588409895_3372l11"
                          HEIGHT="205"
                          WIDTH="2246"
                          VPOS="1066"
                          HPOS="1022"
                          CONTENT="vous avois marque le 26 du passé trop prejudiciable pour negotier"/>
               </TextLine>
               <TextLine ID="region_1644588409895_3372l12"
                         BASELINE="1018,1284 1129,1290 1240,1294 1352,1298 1463,1300 1575,1302 1686,1302 1797,1302 1909,1302 2020,1300 2132,1298 2243,1297 2354,1296 2466,1294 2577,1292 2689,1291 2800,1290 2911,1290 3023,1290 3134,1290 3246,1292"
                         HEIGHT="200"
                         WIDTH="2258"
                         VPOS="1179"
                         HPOS="1003">
                  <String ID="string_region_1644588409895_3372l12"
                          HEIGHT="200"
                          WIDTH="2258"
                          VPOS="1179"
                          HPOS="1003"
                          CONTENT="au cours courant vos predittes remises avant d'avoir vre respon ce"/>
               </TextLine>
               <TextLine ID="region_1644588409895_3372l13"
                         BASELINE="1006,1396 1117,1403 1229,1408 1341,1412 1453,1414 1565,1416 1677,1416 1789,1416 1901,1414 2013,1414 2125,1412 2236,1410 2348,1408 2460,1406 2572,1404 2684,1403 2796,1402 2908,1402 3020,1404 3132,1406 3244,1410"
                         HEIGHT="203"
                         WIDTH="2267"
                         VPOS="1288"
                         HPOS="991">
                  <String ID="string_region_1644588409895_3372l13"
                          HEIGHT="203"
                          WIDTH="2267"
                          VPOS="1288"
                          HPOS="991"
                          CONTENT="&amp; ordre positive, ou de les negotier a cours courant, ou de les envoyer"/>
               </TextLine>
               <TextLine ID="region_1644588409895_3372l14"
                         BASELINE="1026,1514 1133,1520 1240,1524 1347,1526 1454,1528 1561,1529 1668,1530 1775,1530 1882,1530 1989,1528 2097,1527 2204,1526 2311,1524 2418,1522 2525,1522 2632,1520 2739,1519 2846,1518 2953,1518 3060,1518 3168,1518"
                         HEIGHT="216"
                         WIDTH="2173"
                         VPOS="1394"
                         HPOS="1010">
                  <String ID="string_region_1644588409895_3372l14"
                          HEIGHT="216"
                          WIDTH="2173"
                          VPOS="1394"
                          HPOS="1010"
                          CONTENT="&amp; Endosser pour vre compte a l'ordre de mons: Bronod feld"/>
               </TextLine>
               <TextLine ID="region_1644588409895_3372l15"
                         BASELINE="1026,1632 1134,1636 1242,1640 1350,1643 1459,1646 1567,1646 1675,1646 1784,1646 1892,1646 2000,1644 2109,1644 2217,1642 2325,1640 2433,1638 2542,1636 2650,1636 2758,1634 2867,1634 2975,1634 3083,1634 3192,1634"
                         HEIGHT="204"
                         WIDTH="2194"
                         VPOS="1521"
                         HPOS="1012">
                  <String ID="string_region_1644588409895_3372l15"
                          HEIGHT="204"
                          WIDTH="2194"
                          VPOS="1521"
                          HPOS="1012"
                          CONTENT="tue Jean Robert prez de st. nicolas des champs a paris, me"/>
               </TextLine>
               <TextLine ID="region_1644588409895_3372l16"
                         BASELINE="1034,1748 1139,1752 1245,1756 1351,1758 1457,1759 1563,1760 1669,1761 1775,1762 1881,1760 1987,1760 2093,1760 2198,1758 2304,1756 2410,1755 2516,1752 2622,1751 2728,1748 2834,1746 2940,1744 3046,1741 3152,1738"
                         HEIGHT="213"
                         WIDTH="2146"
                         VPOS="1632"
                         HPOS="1020">
                  <String ID="string_region_1644588409895_3372l16"
                          HEIGHT="213"
                          WIDTH="2146"
                          VPOS="1632"
                          HPOS="1020"
                          CONTENT="referrant au reste, depuis sans au cune de vos responces "/>
               </TextLine>
               <TextLine ID="region_1644588409895_3372l17"
                         BASELINE="1040,1876 1148,1876 1256,1876 1365,1876 1473,1876 1582,1876 1690,1876 1798,1876 1907,1876 2015,1874 2124,1874 2232,1872 2340,1870 2449,1868 2557,1866 2666,1864 2774,1861 2882,1858 2991,1854 3099,1850 3208,1844"
                         HEIGHT="233"
                         WIDTH="2198"
                         VPOS="1730"
                         HPOS="1025">
                  <String ID="string_region_1644588409895_3372l17"
                          HEIGHT="233"
                          WIDTH="2198"
                          VPOS="1730"
                          HPOS="1025"
                          CONTENT="quoy, que j'en ay peu avoir a suir ou du moins aujourdhuy"/>
               </TextLine>
               <TextLine ID="region_1644588409895_3372l18"
                         BASELINE="1024,1992 1132,1992 1241,1994 1349,1994 1458,1994 1566,1994 1675,1994 1783,1994 1892,1994 2000,1993 2109,1992 2217,1990 2326,1990 2434,1988 2543,1986 2651,1984 2760,1980 2868,1978 2977,1976 3085,1972 3194,1968"
                         HEIGHT="210"
                         WIDTH="2201"
                         VPOS="1868"
                         HPOS="1010">
                  <String ID="string_region_1644588409895_3372l18"
                          HEIGHT="210"
                          WIDTH="2201"
                          VPOS="1868"
                          HPOS="1010"
                          CONTENT="ponnee ie vous cy priez. ie ne peu comprendre la raison"/>
               </TextLine>
               <TextLine ID="region_1644588409895_3372l19"
                         BASELINE="1004,2096 1111,2102 1219,2106 1326,2110 1434,2112 1542,2114 1649,2114 1757,2114 1864,2112 1972,2110 2080,2108 2187,2106 2295,2104 2402,2100 2510,2097 2618,2094 2725,2092 2833,2088 2940,2086 3048,2085 3156,2084"
                         HEIGHT="192"
                         WIDTH="2183"
                         VPOS="1997"
                         HPOS="987">
                  <String ID="string_region_1644588409895_3372l19"
                          HEIGHT="192"
                          WIDTH="2183"
                          VPOS="1997"
                          HPOS="987"
                          CONTENT="de vre silence, ce pour quoy ie vous escrire cette, en vous"/>
               </TextLine>
               <TextLine ID="region_1644588409895_3372l20"
                         BASELINE="1032,2220 1142,2226 1253,2230 1363,2232 1474,2234 1585,2234 1695,2234 1806,2232 1916,2230 2027,2228 2138,2226 2248,2222 2359,2220 2469,2216 2580,2214 2691,2210 2801,2208 2912,2206 3022,2206 3133,2204 3244,2206"
                         HEIGHT="212"
                         WIDTH="2244"
                         VPOS="2099"
                         HPOS="1015">
                  <String ID="string_region_1644588409895_3372l20"
                          HEIGHT="212"
                          WIDTH="2244"
                          VPOS="2099"
                          HPOS="1015"
                          CONTENT="priant de me repondre a la reception de cette, pour me reauser"/>
               </TextLine>
               <TextLine ID="region_1644588409895_3372l21"
                         BASELINE="1034,2340 1140,2346 1246,2351 1352,2354 1458,2356 1564,2358 1670,2358 1776,2356 1882,2355 1988,2352 2095,2350 2201,2348 2307,2344 2413,2340 2519,2338 2625,2334 2731,2332 2837,2328 2943,2326 3049,2326 3156,2324"
                         HEIGHT="161"
                         WIDTH="2152"
                         VPOS="2232"
                         HPOS="1018">
                  <String ID="string_region_1644588409895_3372l21"
                          HEIGHT="161"
                          WIDTH="2152"
                          VPOS="2232"
                          HPOS="1018"
                          CONTENT="a l'avenant, ie vous asseure que ie suis mortifiez de vous"/>
               </TextLine>
               <TextLine ID="region_1644588409895_3372l22"
                         BASELINE="1016,2474 1125,2478 1235,2480 1344,2480 1454,2482 1563,2482 1673,2482 1782,2480 1892,2478 2001,2476 2111,2474 2220,2472 2330,2468 2439,2465 2549,2461 2658,2457 2768,2454 2877,2450 2987,2446 3096,2442 3206,2438"
                         HEIGHT="261"
                         WIDTH="2220"
                         VPOS="2305"
                         HPOS="1001">
                  <String ID="string_region_1644588409895_3372l22"
                          HEIGHT="261"
                          WIDTH="2220"
                          VPOS="2305"
                          HPOS="1001"
                          CONTENT="que vous laissez passer le tems, puis que le lettres de change"/>
               </TextLine>
               <TextLine ID="region_1644588409895_3372l23"
                         BASELINE="1008,2604 1112,2606 1217,2606 1322,2606 1427,2604 1532,2604 1636,2602 1741,2601 1846,2598 1951,2596 2056,2594 2160,2592 2265,2588 2370,2585 2475,2582 2580,2578 2684,2574 2789,2570 2894,2565 2999,2560 3104,2556"
                         HEIGHT="230"
                         WIDTH="2130"
                         VPOS="2452"
                         HPOS="990">
                  <String ID="string_region_1644588409895_3372l23"
                          HEIGHT="230"
                          WIDTH="2130"
                          VPOS="2452"
                          HPOS="990"
                          CONTENT="reviennent, si courtes pour les negotier &amp; En attendant"/>
               </TextLine>
               <TextLine ID="region_1644588409895_3372l24"
                         BASELINE="1016,2722 1123,2722 1231,2722 1338,2722 1446,2722 1553,2722 1661,2720 1768,2720 1876,2720 1983,2718 2091,2716 2198,2714 2306,2710 2413,2708 2521,2704 2628,2699 2736,2694 2843,2688 2951,2681 3058,2672 3166,2662"
                         HEIGHT="211"
                         WIDTH="2181"
                         VPOS="2594"
                         HPOS="999">
                  <String ID="string_region_1644588409895_3372l24"
                          HEIGHT="211"
                          WIDTH="2181"
                          VPOS="2594"
                          HPOS="999"
                          CONTENT="avec impatiente vre responce &amp; J'ay l'honneur d'estre"/>
               </TextLine>
               <TextLine ID="region_1644588409895_3372l25"
                         BASELINE="2670,2778 2699,2780 2728,2780 2757,2780 2787,2781 2816,2782 2845,2782 2875,2782 2904,2784 2933,2784 2963,2784 2992,2785 3021,2786 3050,2786 3080,2786 3109,2788 3138,2788 3168,2789 3197,2790 3226,2790 3256,2792"
                         HEIGHT="165"
                         WIDTH="619"
                         VPOS="2696"
                         HPOS="2654">
                  <String ID="string_region_1644588409895_3372l25"
                          HEIGHT="165"
                          WIDTH="619"
                          VPOS="2696"
                          HPOS="2654"
                          CONTENT="Ady 12 febru 1733"/>
               </TextLine>
               <TextLine ID="region_1644588409895_3372l26"
                         BASELINE="828,2866 927,2864 1027,2862 1127,2860 1226,2860 1326,2858 1426,2858 1525,2858 1625,2858 1725,2858 1825,2859 1924,2860 2024,2860 2124,2860 2223,2860 2323,2858 2423,2858 2522,2856 2622,2854 2722,2852 2822,2848"
                         HEIGHT="205"
                         WIDTH="2025"
                         VPOS="2733"
                         HPOS="814">
                  <String ID="string_region_1644588409895_3372l26"
                          HEIGHT="205"
                          WIDTH="2025"
                          VPOS="2733"
                          HPOS="814"
                          CONTENT="Parus Monsr. Bronod fils ue Jean robert pres de st. nicolus"/>
               </TextLine>
               <TextLine ID="region_1644588409895_3372l27"
                         BASELINE="994,2956 1020,2956 1046,2956 1072,2956 1098,2958 1124,2958 1150,2958 1176,2959 1202,2960 1228,2960 1254,2960 1280,2962 1306,2962 1332,2962 1358,2962 1384,2962 1410,2962"
                         HEIGHT="132"
                         WIDTH="450"
                         VPOS="2868"
                         HPOS="977">
                  <String ID="string_region_1644588409895_3372l27"
                          HEIGHT="132"
                          WIDTH="450"
                          VPOS="2868"
                          HPOS="977"
                          CONTENT="des Chaips"/>
               </TextLine>
               <TextLine ID="region_1644588409895_3372l28"
                         BASELINE="1028,3062 1137,3066 1246,3068 1356,3070 1465,3070 1575,3070 1684,3068 1793,3068 1903,3066 2012,3064 2122,3063 2231,3062 2340,3060 2450,3058 2559,3056 2669,3056 2778,3056 2887,3056 2997,3058 3106,3058 3216,3062"
                         HEIGHT="189"
                         WIDTH="2219"
                         VPOS="2957"
                         HPOS="1013">
                  <String ID="string_region_1644588409895_3372l28"
                          HEIGHT="189"
                          WIDTH="2219"
                          VPOS="2957"
                          HPOS="1013"
                          CONTENT="suivant l'ordre de mons: de Lannoy intendeut qual de mons: le ponce "/>
               </TextLine>
               <TextLine ID="region_1644588409895_3372l29"
                         BASELINE="1014,3168 1119,3172 1225,3174 1330,3176 1436,3178 1541,3178 1647,3176 1752,3176 1858,3174 1963,3172 2069,3170 2174,3168 2280,3166 2385,3166 2491,3164 2596,3164 2702,3162 2807,3164 2913,3164 3018,3168 3124,3172"
                         HEIGHT="187"
                         WIDTH="2143"
                         VPOS="3066"
                         HPOS="997">
                  <String ID="string_region_1644588409895_3372l29"
                          HEIGHT="187"
                          WIDTH="2143"
                          VPOS="3066"
                          HPOS="997"
                          CONTENT="dysenghier de lille, ie vous envoye icy joint trois lettre de change "/>
               </TextLine>
               <TextLine ID="region_1644588409895_3372l30"
                         BASELINE="1028,3270 1107,3274 1186,3277 1265,3280 1344,3281 1423,3282 1502,3284 1581,3284 1660,3284 1739,3284 1818,3282 1897,3282 1976,3280 2055,3278 2134,3278 2213,3276 2292,3274 2371,3272 2450,3270 2529,3270 2608,3268"
                         HEIGHT="181"
                         WIDTH="1610"
                         VPOS="3150"
                         HPOS="1013">
                  <String ID="string_region_1644588409895_3372l30"
                          HEIGHT="181"
                          WIDTH="1610"
                          VPOS="3150"
                          HPOS="1013"
                          CONTENT="endosse a vre ordre, pour compte du dit S: scavoir"/>
               </TextLine>
               <TextLine ID="region_1644588409895_3372l31"
                         BASELINE="1018,3380 1130,3384 1243,3386 1356,3388 1468,3388 1581,3388 1694,3388 1806,3387 1919,3386 2032,3384 2145,3382 2257,3379 2370,3376 2483,3375 2595,3374 2708,3372 2821,3372 2933,3372 3046,3373 3159,3374 3272,3378"
                         HEIGHT="183"
                         WIDTH="2286"
                         VPOS="3265"
                         HPOS="1001">
                  <String ID="string_region_1644588409895_3372l31"
                          HEIGHT="183"
                          WIDTH="2286"
                          VPOS="3265"
                          HPOS="1001"
                          CONTENT="une de deux mil trois cent nonante trois livres, monurie de france finz"/>
               </TextLine>
               <TextLine ID="region_1644588409895_3372l32"
                         BASELINE="1006,3486 1111,3490 1217,3494 1323,3496 1429,3498 1535,3498 1641,3498 1747,3498 1853,3498 1959,3496 2065,3496 2170,3494 2276,3492 2382,3492 2488,3490 2594,3490 2700,3488 2806,3488 2912,3488 3018,3490 3124,3492"
                         HEIGHT="200"
                         WIDTH="2146"
                         VPOS="3380"
                         HPOS="992">
                  <String ID="string_region_1644588409895_3372l32"
                          HEIGHT="200"
                          WIDTH="2146"
                          VPOS="3380"
                          HPOS="992"
                          CONTENT="a st: quintin le 16 sbre 1736 pajable a 4 usances mess. Jean"/>
               </TextLine>
               <TextLine ID="region_1644588409895_3372l33"
                         BASELINE="1014,3588 1058,3590 1102,3594 1146,3596 1190,3596 1234,3598 1278,3600 1322,3601 1366,3602 1410,3604 1454,3604 1498,3604 1542,3605 1586,3606 1630,3606 1674,3606 1718,3606 1762,3606 1806,3606 1850,3606 1894,3606"
                         HEIGHT="165"
                         WIDTH="912"
                         VPOS="3515"
                         HPOS="998">
                  <String ID="string_region_1644588409895_3372l33"
                          HEIGHT="165"
                          WIDTH="912"
                          VPOS="3515"
                          HPOS="998"
                          CONTENT="Cottin laine &amp; fils a paris"/>
               </TextLine>
               <TextLine ID="region_1644588409895_3372l34"
                         BASELINE="1012,3696 1120,3700 1228,3702 1336,3706 1444,3706 1552,3708 1660,3708 1768,3706 1876,3706 1984,3704 2093,3702 2201,3700 2309,3698 2417,3696 2525,3694 2633,3692 2741,3691 2849,3690 2957,3690 3065,3688 3174,3690"
                         HEIGHT="163"
                         WIDTH="2192"
                         VPOS="3587"
                         HPOS="996">
                  <String ID="string_region_1644588409895_3372l34"
                          HEIGHT="163"
                          WIDTH="2192"
                          VPOS="3587"
                          HPOS="996"
                          CONTENT="une autre de dorze cent livres monnoe ditte tirez a amiens le "/>
               </TextLine>
               <TextLine ID="region_1644588409895_3372l35"
                         BASELINE="1020,3802 1128,3806 1236,3809 1344,3812 1452,3814 1561,3816 1669,3816 1777,3816 1885,3816 1993,3814 2102,3814 2210,3812 2318,3811 2426,3810 2534,3808 2643,3808 2751,3808 2859,3808 2967,3809 3075,3810 3184,3812"
                         HEIGHT="184"
                         WIDTH="2194"
                         VPOS="3706"
                         HPOS="1006">
                  <String ID="string_region_1644588409895_3372l35"
                          HEIGHT="184"
                          WIDTH="2194"
                          VPOS="3706"
                          HPOS="1006"
                          CONTENT="24 gbre 1736 p mons. fontaine, payable p luy mesme, au donneile "/>
               </TextLine>
               <TextLine ID="region_1644588409895_3372l36"
                         BASELINE="1010,3912 1089,3914 1168,3916 1247,3918 1326,3918 1405,3920 1484,3922 1563,3922 1642,3924 1721,3924 1800,3926 1879,3926 1958,3926 2037,3928 2116,3928 2195,3928 2274,3928 2353,3926 2432,3926 2511,3926 2590,3924"
                         HEIGHT="172"
                         WIDTH="1611"
                         VPOS="3823"
                         HPOS="995">
                  <String ID="string_region_1644588409895_3372l36"
                          HEIGHT="172"
                          WIDTH="1611"
                          VPOS="3823"
                          HPOS="995"
                          CONTENT="de mons: du Jaux au d paris le 15 fevrier 1738"/>
               </TextLine>
               <TextLine ID="region_1644588409895_3372l37"
                         BASELINE="1006,4028 1115,4030 1224,4034 1333,4036 1442,4038 1551,4038 1660,4040 1769,4040 1878,4040 1987,4040 2097,4038 2206,4038 2315,4037 2424,4036 2533,4034 2642,4032 2751,4031 2860,4030 2969,4028 3078,4026 3188,4024"
                         HEIGHT="164"
                         WIDTH="2212"
                         VPOS="3947"
                         HPOS="992">
                  <String ID="string_region_1644588409895_3372l37"
                          HEIGHT="164"
                          WIDTH="2212"
                          VPOS="3947"
                          HPOS="992"
                          CONTENT="une troisseme de douze cent, cincquante six livres trois sols neuf "/>
               </TextLine>
               <TextLine ID="region_1644588409895_3372l38"
                         BASELINE="1020,4134 1131,4136 1243,4138 1355,4140 1466,4142 1578,4143 1690,4144 1801,4144 1913,4146 2025,4146 2137,4146 2248,4148 2360,4148 2472,4148 2583,4150 2695,4150 2807,4152 2918,4154 3030,4156 3142,4158 3254,4160"
                         HEIGHT="198"
                         WIDTH="2264"
                         VPOS="4026"
                         HPOS="1005">
                  <String ID="string_region_1644588409895_3372l38"
                          HEIGHT="198"
                          WIDTH="2264"
                          VPOS="4026"
                          HPOS="1005"
                          CONTENT="deniers, monnoie ditte, tires au ditjamiens du dit jours, &amp; p le mesme"/>
               </TextLine>
               <TextLine ID="region_1644588409895_3372l39"
                         BASELINE="1026,4246 1136,4252 1247,4256 1358,4260 1469,4263 1580,4265 1690,4266 1801,4268 1912,4268 2023,4268 2134,4268 2244,4268 2355,4268 2466,4268 2577,4268 2688,4268 2798,4270 2909,4272 3020,4274 3131,4278 3242,4282"
                         HEIGHT="198"
                         WIDTH="2249"
                         VPOS="4136"
                         HPOS="1009">
                  <String ID="string_region_1644588409895_3372l39"
                          HEIGHT="198"
                          WIDTH="2249"
                          VPOS="4136"
                          HPOS="1009"
                          CONTENT="S. fontaine, payable p luy, au mesme donieile, le 18 furier 1757"/>
               </TextLine>
            </TextBlock>
            <TextBlock ID="region_1644588412888_3375"
                       HEIGHT="3992"
                       WIDTH="2561"
                       VPOS="156"
                       HPOS="3371">
               <Shape>
                  <Polygon POINTS="3371,156 5932,156 5932,4148 3371,4148"/>
               </Shape>
               <TextLine ID="region_1644588412888_3375l1"
                         BASELINE="3498,282 3617,284 3736,286 3855,286 3975,288 4094,290 4213,290 4333,292 4452,292 4571,294 4691,294 4810,296 4929,296 5048,298 5168,298 5287,300 5406,300 5526,302 5645,302 5764,304 5884,304"
                         HEIGHT="145"
                         WIDTH="2415"
                         VPOS="216"
                         HPOS="3484">
                  <String ID="string_region_1644588412888_3375l1"
                          HEIGHT="145"
                          WIDTH="2415"
                          VPOS="216"
                          HPOS="3484"
                          CONTENT="les quelles trois lettres de change, poitantes ensemble, quatre mil, huit cent"/>
               </TextLine>
               <TextLine ID="region_1644588412888_3375l2"
                         BASELINE="3512,396 3630,396 3748,396 3866,396 3984,396 4102,396 4220,396 4338,396 4456,396 4574,396 4692,396 4810,394 4928,394 5046,394 5164,394 5282,394 5400,394 5518,396 5636,396 5754,397 5872,398"
                         HEIGHT="170"
                         WIDTH="2391"
                         VPOS="310"
                         HPOS="3495">
                  <String ID="string_region_1644588412888_3375l2"
                          HEIGHT="170"
                          WIDTH="2391"
                          VPOS="310"
                          HPOS="3495"
                          CONTENT="quarante neuf livres trois sols &amp; meuf deniers, vous priant d'en procurer le "/>
               </TextLine>
               <TextLine ID="region_1644588412888_3375l3"
                         BASELINE="3518,506 3633,506 3748,506 3863,504 3978,504 4093,504 4208,504 4323,504 4438,504 4553,504 4669,504 4784,502 4899,502 5014,502 5129,502 5244,500 5359,500 5474,498 5589,498 5704,496 5820,494"
                         HEIGHT="172"
                         WIDTH="2331"
                         VPOS="409"
                         HPOS="3503">
                  <String ID="string_region_1644588412888_3375l3"
                          HEIGHT="172"
                          WIDTH="2331"
                          VPOS="409"
                          HPOS="3503"
                          CONTENT="requit &amp; ayant receu le valleur d'en crediter le compte du predit si de "/>
               </TextLine>
               <TextLine ID="region_1644588412888_3375l4"
                         BASELINE="3502,630 3616,626 3731,624 3845,622 3960,620 4075,619 4189,618 4304,618 4418,616 4533,616 4648,616 4762,616 4877,614 4991,614 5106,614 5221,614 5335,612 5450,612 5564,610 5679,609 5794,606"
                         HEIGHT="191"
                         WIDTH="2321"
                         VPOS="513"
                         HPOS="3488">
                  <String ID="string_region_1644588412888_3375l4"
                          HEIGHT="191"
                          WIDTH="2321"
                          VPOS="513"
                          HPOS="3488"
                          CONTENT="vannoy, &amp; de luy adviser la reception de cette de meme a celuy qui"/>
               </TextLine>
               <TextLine ID="region_1644588412888_3375l5"
                         BASELINE="3516,736 3558,736 3600,734 3643,734 3685,733 3728,732 3770,731 3812,730 3855,729 3897,728 3940,726 3982,726 4024,724 4067,722 4109,721 4152,720 4194,718 4236,716 4279,716 4321,714 4364,712"
                         HEIGHT="165"
                         WIDTH="882"
                         VPOS="647"
                         HPOS="3498">
                  <String ID="string_region_1644588412888_3375l5"
                          HEIGHT="165"
                          WIDTH="882"
                          VPOS="647"
                          HPOS="3498"
                          CONTENT="ett tres parfaittementen"/>
               </TextLine>
               <TextLine ID="region_1644588412888_3375l6"
                         BASELINE="5064,756 5096,754 5129,754 5162,754 5195,754 5228,754 5260,754 5293,756 5326,756 5359,757 5392,758 5424,758 5457,758 5490,758 5523,758 5555,756 5588,756 5621,753 5654,752 5687,749 5720,744"
                         HEIGHT="187"
                         WIDTH="688"
                         VPOS="638"
                         HPOS="5047">
                  <String ID="string_region_1644588412888_3375l6"
                          HEIGHT="187"
                          WIDTH="688"
                          VPOS="638"
                          HPOS="5047"
                          CONTENT="Ady 12 febru. 1733"/>
               </TextLine>
               <TextLine ID="region_1644588412888_3375l7"
                         BASELINE="3416,862 3441,862 3467,861 3492,860 3518,860 3543,859 3569,858 3594,858 3620,857 3646,856 3671,856 3697,854 3722,854 3748,852 3773,852 3799,851 3824,850 3850,848 3876,848"
                         HEIGHT="182"
                         WIDTH="494"
                         VPOS="743"
                         HPOS="3397">
                  <String ID="string_region_1644588412888_3375l7"
                          HEIGHT="182"
                          WIDTH="494"
                          VPOS="743"
                          HPOS="3397"
                          CONTENT="Rijsel de Lannoy"/>
               </TextLine>
               <TextLine ID="region_1644588412888_3375l8"
                         BASELINE="3502,956 3619,954 3736,954 3853,952 3970,952 4087,952 4204,952 4321,952 4438,954 4555,954 4673,954 4790,956 4907,956 5024,956 5141,956 5258,956 5375,956 5492,956 5609,954 5726,952 5844,952"
                         HEIGHT="177"
                         WIDTH="2373"
                         VPOS="859"
                         HPOS="3485">
                  <String ID="string_region_1644588412888_3375l8"
                          HEIGHT="177"
                          WIDTH="2373"
                          VPOS="859"
                          HPOS="3485"
                          CONTENT="depuis ma deniere du 4 courant, ie recois la vre datte 3 d. le 5 courant de sorte"/>
               </TextLine>
               <TextLine ID="region_1644588412888_3375l9"
                         BASELINE="3502,1054 3617,1052 3732,1052 3847,1052 3962,1052 4077,1054 4192,1056 4307,1056 4422,1058 4537,1060 4653,1062 4768,1064 4883,1066 4998,1066 5113,1066 5228,1066 5343,1066 5458,1063 5573,1060 5688,1056 5804,1050"
                         HEIGHT="179"
                         WIDTH="2334"
                         VPOS="962"
                         HPOS="3487">
                  <String ID="string_region_1644588412888_3375l9"
                          HEIGHT="179"
                          WIDTH="2334"
                          VPOS="962"
                          HPOS="3487"
                          CONTENT="que cette lettre a estez un jour plus long en chemin qu a lordinaire, vous"/>
               </TextLine>
               <TextLine ID="region_1644588412888_3375l10"
                         BASELINE="3500,1164 3617,1162 3735,1162 3852,1162 3970,1162 4087,1164 4205,1164 4322,1166 4440,1166 4557,1168 4675,1168 4792,1170 4910,1170 5027,1172 5145,1172 5262,1171 5380,1170 5497,1168 5615,1166 5732,1164 5850,1160"
                         HEIGHT="197"
                         WIDTH="2379"
                         VPOS="1053"
                         HPOS="3486">
                  <String ID="string_region_1644588412888_3375l10"
                          HEIGHT="197"
                          WIDTH="2379"
                          VPOS="1053"
                          HPOS="3486"
                          CONTENT="m'accuse p elle, de garder vos trois lettres de change, jus qu'aujourthuy le "/>
               </TextLine>
               <TextLine ID="region_1644588412888_3375l11"
                         BASELINE="3508,1272 3622,1270 3737,1270 3851,1270 3966,1270 4080,1270 4195,1270 4309,1270 4424,1272 4538,1272 4653,1274 4767,1274 4882,1274 4996,1276 5111,1276 5225,1276 5340,1274 5454,1274 5569,1272 5683,1271 5798,1268"
                         HEIGHT="178"
                         WIDTH="2321"
                         VPOS="1171"
                         HPOS="3493">
                  <String ID="string_region_1644588412888_3375l11"
                          HEIGHT="178"
                          WIDTH="2321"
                          VPOS="1171"
                          HPOS="3493"
                          CONTENT="1p courant, &amp; si le change, ne vient point a 52¼ et que ie les envoyerois"/>
               </TextLine>
               <TextLine ID="region_1644588412888_3375l12"
                         BASELINE="3476,1380 3589,1378 3703,1376 3817,1376 3930,1374 4044,1374 4158,1376 4271,1376 4385,1377 4499,1378 4613,1380 4726,1380 4840,1382 4954,1382 5067,1382 5181,1382 5295,1382 5408,1382 5522,1380 5636,1378 5750,1374"
                         HEIGHT="142"
                         WIDTH="2303"
                         VPOS="1306"
                         HPOS="3462">
                  <String ID="string_region_1644588412888_3375l12"
                          HEIGHT="142"
                          WIDTH="2303"
                          VPOS="1306"
                          HPOS="3462"
                          CONTENT="pour vre compte a mons: boonod a paris, &amp; sil arrivoit que le change"/>
               </TextLine>
               <TextLine ID="region_1644588412888_3375l13"
                         BASELINE="3508,1478 3626,1476 3745,1476 3864,1476 3982,1478 4101,1478 4220,1480 4338,1481 4457,1482 4576,1484 4695,1486 4813,1486 4932,1488 5051,1490 5169,1490 5288,1492 5407,1492 5525,1492 5644,1490 5763,1490 5882,1488"
                         HEIGHT="129"
                         WIDTH="2406"
                         VPOS="1421"
                         HPOS="3493">
                  <String ID="string_region_1644588412888_3375l13"
                          HEIGHT="129"
                          WIDTH="2406"
                          VPOS="1421"
                          HPOS="3493"
                          CONTENT="au lien, de venis a 57¼ vient a baisser, jusqu a 56 vy que ie vous envoyerois"/>
               </TextLine>
               <TextLine ID="region_1644588412888_3375l14"
                         BASELINE="3496,1576 3615,1578 3734,1580 3853,1582 3972,1584 4091,1586 4210,1588 4329,1590 4448,1592 4567,1594 4686,1594 4805,1596 4924,1596 5043,1596 5162,1596 5281,1596 5400,1596 5519,1594 5638,1594 5757,1592 5876,1588"
                         HEIGHT="169"
                         WIDTH="2410"
                         VPOS="1492"
                         HPOS="3481">
                  <String ID="string_region_1644588412888_3375l14"
                          HEIGHT="169"
                          WIDTH="2410"
                          VPOS="1492"
                          HPOS="3481"
                          CONTENT="des lettres de change sur paus, pour la cone, d'outre les cincq a six uil"/>
               </TextLine>
               <TextLine ID="region_1644588412888_3375l15"
                         BASELINE="3500,1686 3616,1688 3733,1688 3850,1690 3966,1690 4083,1692 4200,1694 4316,1696 4433,1698 4550,1702 4667,1704 4783,1704 4900,1706 5017,1708 5133,1708 5250,1708 5367,1708 5483,1708 5600,1706 5717,1704 5834,1700"
                         HEIGHT="150"
                         WIDTH="2365"
                         VPOS="1609"
                         HPOS="3484">
                  <String ID="string_region_1644588412888_3375l15"
                          HEIGHT="150"
                          WIDTH="2365"
                          VPOS="1609"
                          HPOS="3484"
                          CONTENT="livres, monnoie de france, a quoy iay l'honneur de vous dirx, que ie n'aj"/>
               </TextLine>
               <TextLine ID="region_1644588412888_3375l16"
                         BASELINE="3506,1796 3620,1798 3734,1798 3848,1800 3962,1802 4076,1804 4190,1806 4304,1806 4418,1808 4532,1810 4647,1812 4761,1813 4875,1814 4989,1816 5103,1816 5217,1818 5331,1819 5445,1820 5559,1820 5673,1822 5788,1822"
                         HEIGHT="181"
                         WIDTH="2314"
                         VPOS="1710"
                         HPOS="3491">
                  <String ID="string_region_1644588412888_3375l16"
                          HEIGHT="181"
                          WIDTH="2314"
                          VPOS="1710"
                          HPOS="3491"
                          CONTENT="peu negotier vos lettres de change a 5¼ &amp; Encor moins, vous remettre"/>
               </TextLine>
               <TextLine ID="region_1644588412888_3375l17"
                         BASELINE="3494,1912 3611,1912 3728,1913 3846,1914 3963,1914 4081,1916 4198,1916 4315,1918 4433,1918 4550,1920 4668,1922 4785,1922 4902,1924 5020,1926 5137,1928 5255,1930 5372,1932 5489,1932 5607,1934 5724,1936 5842,1938"
                         HEIGHT="214"
                         WIDTH="2380"
                         VPOS="1804"
                         HPOS="3479">
                  <String ID="string_region_1644588412888_3375l17"
                          HEIGHT="214"
                          WIDTH="2380"
                          VPOS="1804"
                          HPOS="3479"
                          CONTENT="a 56 &amp; ce pour quoy, j'ay envoyez aujourdhuy vos trois lettres de change "/>
               </TextLine>
               <TextLine ID="region_1644588412888_3375l18"
                         BASELINE="3474,2024 3591,2024 3708,2024 3825,2024 3942,2024 4059,2026 4176,2026 4293,2028 4410,2030 4527,2032 4644,2034 4761,2036 4878,2038 4995,2040 5112,2042 5229,2044 5346,2046 5463,2048 5580,2048 5697,2050 5814,2052"
                         HEIGHT="188"
                         WIDTH="2369"
                         VPOS="1941"
                         HPOS="3459">
                  <String ID="string_region_1644588412888_3375l18"
                          HEIGHT="188"
                          WIDTH="2369"
                          VPOS="1941"
                          HPOS="3459"
                          CONTENT="suivant vre ordre en dosse, a mons: bronod fils, vue dean vobeit, prez de"/>
               </TextLine>
               <TextLine ID="region_1644588412888_3375l19"
                         BASELINE="3482,2136 3598,2134 3714,2133 3830,2132 3946,2134 4062,2134 4178,2136 4294,2138 4410,2140 4526,2142 4642,2144 4758,2148 4874,2150 4990,2152 5106,2155 5222,2158 5338,2159 5454,2160 5570,2162 5686,2162 5802,2160"
                         HEIGHT="151"
                         WIDTH="2352"
                         VPOS="2016"
                         HPOS="3465">
                  <String ID="string_region_1644588412888_3375l19"
                          HEIGHT="151"
                          WIDTH="2352"
                          VPOS="2016"
                          HPOS="3465"
                          CONTENT="stinicolas des champt a paus, l'ayant priez d'en procurer le requit et"/>
               </TextLine>
               <TextLine ID="region_1644588412888_3375l20"
                         BASELINE="3492,2246 3606,2244 3720,2244 3834,2244 3948,2244 4062,2246 4176,2246 4290,2248 4404,2250 4518,2252 4633,2254 4747,2256 4861,2258 4975,2260 5089,2262 5203,2264 5317,2266 5431,2268 5545,2268 5659,2270 5774,2270"
                         HEIGHT="173"
                         WIDTH="2314"
                         VPOS="2130"
                         HPOS="3476">
                  <String ID="string_region_1644588412888_3375l20"
                          HEIGHT="173"
                          WIDTH="2314"
                          VPOS="2130"
                          HPOS="3476"
                          CONTENT="ayant receu le valleur d'en crediter vre compte &amp; de vous adviser la "/>
               </TextLine>
               <TextLine ID="region_1644588412888_3375l21"
                         BASELINE="3490,2356 3605,2356 3721,2358 3836,2358 3952,2360 4068,2362 4183,2364 4299,2364 4414,2366 4530,2368 4646,2370 4761,2372 4877,2374 4992,2376 5108,2378 5224,2380 5339,2382 5455,2385 5570,2388 5686,2389 5802,2392"
                         HEIGHT="177"
                         WIDTH="2343"
                         VPOS="2286"
                         HPOS="3476">
                  <String ID="string_region_1644588412888_3375l21"
                          HEIGHT="177"
                          WIDTH="2343"
                          VPOS="2286"
                          HPOS="3476"
                          CONTENT="ocception, vous priant de de charger mon compte pour les mesme lettres"/>
               </TextLine>
               <TextLine ID="region_1644588412888_3375l22"
                         BASELINE="3486,2466 3598,2468 3711,2468 3824,2470 3936,2472 4049,2474 4162,2475 4274,2477 4387,2478 4500,2480 4613,2482 4725,2484 4838,2484 4951,2486 5063,2488 5176,2490 5289,2490 5401,2492 5514,2493 5627,2494 5740,2494"
                         HEIGHT="199"
                         WIDTH="2286"
                         VPOS="2371"
                         HPOS="3471">
                  <String ID="string_region_1644588412888_3375l22"
                          HEIGHT="199"
                          WIDTH="2286"
                          VPOS="2371"
                          HPOS="3471"
                          CONTENT="de change &amp; de disposer, de vre avance, entre mes mains, estant tres"/>
               </TextLine>
               <TextLine ID="region_1644588412888_3375l23"
                         BASELINE="3478,2586 3504,2586 3530,2586 3557,2586 3583,2586 3609,2586 3636,2586 3662,2586 3689,2585 3715,2584 3741,2584 3768,2584 3794,2583 3820,2582 3847,2581 3873,2580 3900,2580"
                         HEIGHT="153"
                         WIDTH="453"
                         VPOS="2473"
                         HPOS="3462">
                  <String ID="string_region_1644588412888_3375l23"
                          HEIGHT="153"
                          WIDTH="453"
                          VPOS="2473"
                          HPOS="3462"
                          CONTENT="sincerement"/>
               </TextLine>
               <TextLine ID="region_1644588412888_3375l24"
                         BASELINE="5134,2644 5159,2644 5184,2646 5209,2647 5234,2648 5260,2650 5285,2650 5310,2652 5335,2652 5361,2654 5386,2654 5411,2654 5436,2654 5461,2654 5487,2654 5512,2654 5537,2652 5562,2650 5588,2648"
                         HEIGHT="200"
                         WIDTH="487"
                         VPOS="2530"
                         HPOS="5117">
                  <String ID="string_region_1644588412888_3375l24"
                          HEIGHT="200"
                          WIDTH="487"
                          VPOS="2530"
                          HPOS="5117"
                          CONTENT="Ady 22b"/>
               </TextLine>
               <TextLine ID="region_1644588412888_3375l25"
                         BASELINE="3418,2716 3458,2714 3499,2714 3540,2713 3581,2712 3622,2713 3662,2714 3703,2714 3744,2716 3785,2716 3826,2718 3866,2718 3907,2720 3948,2721 3989,2722 4030,2724 4070,2724 4111,2726 4152,2726 4193,2728 4234,2728"
                         HEIGHT="154"
                         WIDTH="847"
                         VPOS="2605"
                         HPOS="3403">
                  <String ID="string_region_1644588412888_3375l25"
                          HEIGHT="154"
                          WIDTH="847"
                          VPOS="2605"
                          HPOS="3403"
                          CONTENT="missele Jan B. moen sens"/>
               </TextLine>
               <TextLine ID="region_1644588412888_3375l26"
                         BASELINE="3478,2822 3595,2822 3712,2824 3829,2826 3946,2830 4064,2834 4181,2840 4298,2845 4415,2851 4532,2858 4650,2863 4767,2869 4884,2875 5001,2880 5118,2885 5236,2888 5353,2891 5470,2892 5587,2892 5704,2891 5822,2888"
                         HEIGHT="192"
                         WIDTH="2377"
                         VPOS="2741"
                         HPOS="3462">
                  <String ID="string_region_1644588412888_3375l26"
                          HEIGHT="192"
                          WIDTH="2377"
                          VPOS="2741"
                          HPOS="3462"
                          CONTENT="hebbe de obligatie hu profijte van jouff: de wed: boon aen ver vlassen ter hant"/>
               </TextLine>
               <TextLine ID="region_1644588412888_3375l27"
                         BASELINE="3482,2940 3600,2939 3718,2938 3836,2940 3955,2942 4073,2947 4191,2951 4310,2958 4428,2962 4546,2970 4665,2976 4783,2982 4901,2988 5019,2994 5138,2999 5256,3004 5374,3008 5493,3010 5611,3012 5729,3012 5848,3010"
                         HEIGHT="205"
                         WIDTH="2397"
                         VPOS="2878"
                         HPOS="3465">
                  <String ID="string_region_1644588412888_3375l27"
                          HEIGHT="205"
                          WIDTH="2397"
                          VPOS="2878"
                          HPOS="3465"
                          CONTENT="gestelt, die tot nu toe den tijet niet gehaet heeft om un profect van een niuwe"/>
               </TextLine>
               <TextLine ID="region_1644588412888_3375l28"
                         BASELINE="3454,3056 3572,3056 3691,3058 3809,3060 3928,3064 4047,3069 4165,3074 4284,3080 4402,3085 4521,3092 4640,3098 4758,3103 4877,3110 4995,3114 5114,3119 5233,3124 5351,3128 5470,3130 5588,3132 5707,3132 5826,3132"
                         HEIGHT="237"
                         WIDTH="2409"
                         VPOS="2965"
                         HPOS="3436">
                  <String ID="string_region_1644588412888_3375l28"
                          HEIGHT="237"
                          WIDTH="2409"
                          VPOS="2965"
                          HPOS="3436"
                          CONTENT="tot mijnen profijte op te stellen, sal hem wat aen pooren, om het selve te"/>
               </TextLine>
               <TextLine ID="region_1644588412888_3375l29"
                         BASELINE="3474,3188 3519,3188 3564,3187 3609,3188 3654,3188 3700,3188 3745,3190 3790,3190 3835,3192 3880,3194 3926,3196 3971,3198 4016,3198 4061,3201 4106,3202 4152,3204 4197,3206 4242,3206 4287,3208 4332,3208 4378,3208"
                         HEIGHT="202"
                         WIDTH="939"
                         VPOS="3085"
                         HPOS="3457">
                  <String ID="string_region_1644588412888_3375l29"
                          HEIGHT="202"
                          WIDTH="939"
                          VPOS="3085"
                          HPOS="3457"
                          CONTENT="becomen, soo haest mogelijck"/>
               </TextLine>
               <TextLine ID="region_1644588412888_3375l30"
                         BASELINE="3478,3304 3598,3306 3719,3311 3839,3315 3960,3319 4081,3322 4201,3326 4322,3330 4442,3334 4563,3338 4684,3342 4804,3346 4925,3350 5045,3352 5166,3354 5287,3357 5407,3358 5528,3360 5648,3362 5769,3362 5890,3362"
                         HEIGHT="207"
                         WIDTH="2442"
                         VPOS="3222"
                         HPOS="3463">
                  <String ID="string_region_1644588412888_3375l30"
                          HEIGHT="207"
                          WIDTH="2442"
                          VPOS="3222"
                          HPOS="3463"
                          CONTENT="desen principael, om ue te seggen, dat op toecomende sondagh lat sierck getort"/>
               </TextLine>
               <TextLine ID="region_1644588412888_3375l31"
                         BASELINE="3486,3424 3600,3426 3715,3428 3830,3432 3945,3435 4060,3438 4174,3443 4289,3446 4404,3451 4519,3455 4634,3458 4748,3463 4863,3466 4978,3470 5093,3474 5208,3476 5322,3478 5437,3480 5552,3482 5667,3482 5782,3482"
                         HEIGHT="230"
                         WIDTH="2331"
                         VPOS="3326"
                         HPOS="3468">
                  <String ID="string_region_1644588412888_3375l31"
                          HEIGHT="230"
                          WIDTH="2331"
                          VPOS="3326"
                          HPOS="3468"
                          CONTENT="soudt laeten doen, tot de versoopinge van het capruijn hust stande op de"/>
               </TextLine>
               <TextLine ID="region_1644588412888_3375l32"
                         BASELINE="3468,3546 3588,3548 3709,3550 3830,3552 3950,3554 4071,3557 4192,3560 4312,3564 4433,3568 4554,3572 4675,3576 4795,3578 4916,3582 5037,3586 5157,3588 5278,3590 5399,3592 5519,3592 5640,3592 5761,3592 5882,3590"
                         HEIGHT="199"
                         WIDTH="2448"
                         VPOS="3472"
                         HPOS="3451">
                  <String ID="string_region_1644588412888_3375l32"
                          HEIGHT="199"
                          WIDTH="2448"
                          VPOS="3472"
                          HPOS="3451"
                          CONTENT="tromesien op sheere straten, tegens maendagh 8 dagen, wesende 4 meert 123"/>
               </TextLine>
               <TextLine ID="region_1644588412888_3375l33"
                         BASELINE="3468,3668 3589,3668 3710,3670 3831,3672 3952,3674 4073,3678 4194,3680 4315,3682 4436,3686 4557,3690 4678,3692 4799,3696 4920,3700 5041,3702 5162,3706 5283,3709 5404,3712 5525,3714 5646,3718 5767,3720 5888,3722"
                         HEIGHT="201"
                         WIDTH="2454"
                         VPOS="3585"
                         HPOS="3451">
                  <String ID="string_region_1644588412888_3375l33"
                          HEIGHT="201"
                          WIDTH="2454"
                          VPOS="3585"
                          HPOS="3451"
                          CONTENT="laet sondaghs voor de vercooping nocht eens hebt eerct gerood geschieden"/>
               </TextLine>
               <TextLine ID="region_1644588412888_3375l34"
                         BASELINE="3478,3778 3597,3784 3716,3788 3835,3792 3955,3796 4074,3799 4193,3802 4313,3805 4432,3808 4551,3810 4671,3812 4790,3814 4909,3816 5028,3818 5148,3820 5267,3822 5386,3824 5506,3825 5625,3826 5744,3828 5864,3830"
                         HEIGHT="201"
                         WIDTH="2419"
                         VPOS="3690"
                         HPOS="3462">
                  <String ID="string_region_1644588412888_3375l34"
                          HEIGHT="201"
                          WIDTH="2419"
                          VPOS="3690"
                          HPOS="3462"
                          CONTENT="soo op burchs als swijndrecht a op het vlaems hooft aengeplecht wordeen"/>
               </TextLine>
               <TextLine ID="region_1644588412888_3375l35"
                         BASELINE="3476,3902 3594,3906 3712,3908 3830,3910 3948,3914 4067,3916 4185,3920 4303,3923 4421,3926 4539,3928 4658,3930 4776,3932 4894,3934 5012,3936 5130,3938 5249,3938 5367,3938 5485,3938 5603,3938 5721,3936 5840,3936"
                         HEIGHT="205"
                         WIDTH="2394"
                         VPOS="3811"
                         HPOS="3460">
                  <String ID="string_region_1644588412888_3375l35"
                          HEIGHT="205"
                          WIDTH="2394"
                          VPOS="3811"
                          HPOS="3460"
                          CONTENT="ick sal op dato voors voorge tijdts, op swijndrecht wesen, waer naer"/>
               </TextLine>
               <TextLine ID="region_1644588412888_3375l36"
                         BASELINE="3466,4038 3510,4038 3555,4038 3600,4040 3645,4040 3690,4041 3734,4042 3779,4042 3824,4044 3869,4045 3914,4046 3958,4048 4003,4048 4048,4050 4093,4050 4138,4050 4182,4052 4227,4052 4272,4052 4317,4052 4362,4052"
                         HEIGHT="218"
                         WIDTH="929"
                         VPOS="3914"
                         HPOS="3450">
                  <String ID="string_region_1644588412888_3375l36"
                          HEIGHT="218"
                          WIDTH="929"
                          VPOS="3914"
                          HPOS="3450"
                          CONTENT="cont reguleren &amp; blijve"/>
               </TextLine>
            </TextBlock>
         </PrintSpace>
      </Page>
   </Layout>
</alto>
