8961 4651
1909 186 2232 118 heeft seven banden, die uytsteken, dan onder en boven noch eenen platten

1922 270 2180 150 bant het plat van den boeck is niet gespichelt maer gelijck gemarbelt,

1894 354 2136 146 gelijck ue uyt de teekening en memone hier binden sal, op de drij

1879 437 2255 211 canten vant pappier van den boeck is geheel roodt &iet gespickelt,

1914 569 2201 137 ue sal alles geniteert vinden op de memorien, dogh soo ue daer naer

1909 666 2164 171 niet ten rechte oude geraken, ick sal liver waghten tot dat ick

1908 800 2148 159 over comit, & aller selver examineerde, den gront vant ler et wat

1918 895 2179 177 vruynachtigh  wille gelooven dat ue nu sich wel sal indachtigh

1891 1004 2201 188 comen hoe mijnen landerus gebonden is, alles tot ue naeright volgens

1899 1101 2226 164 het seggen van dh verdussen, soo soude ue de naeste weelke overcomn

1888 1223 2102 190 als wanneer iue den theatre laere sude connen mede brengen

1894 1352 920 184 welck alwaghtende blijve

3326 1341 653 217 Adij 3 gber 1733

1751 1466 960 201 Turnhoudt wed: Guill: samen

1922 1549 2201 237 ict brief van 30 pass met de twee packen tijken nel ontfangen,

1900 1705 2148 166 & het impert geexamineert waer in erreur bevonden hebbe, ul

1886 1860 2099 162 stett ƒ 859:15 moet maer sijn ƒ 851:12 twelck voorters

1920 1968 2141 163 gelieve te examineren & soo bevindende ue can die weirde op

1901 2070 811 139 miy trecken & blijve

3356 2070 632 209 Adij 11 gber 1733

1942 2176 823 151 den advocaet Basilins

1913 2300 2220 166 hebbe voorleden Jaere 1733 de libertijdt genomen, dan ick toe te senden

1915 2449 2235 122 eenen queriour nopende het recht van het besten hoot op mijne curedicti

1933 2551 2161 137 Jan swijndrecht voor gevallen, waer op ul soo goedt is geweest van

1911 2637 2167 164 mij toe te senden twee gelibelleerde sententien & copye slaende op

1913 2738 2179 150 het selve sas, waer door als dan, mijn recht besomen hebbe, sonder

1913 2822 2093 152 eeiuge difficulteydt, blijvende ul: geobligeert voor alle moete daer

1897 2918 2254 184 ontrent genomen, & sien bij ue quitantie dat den heere raedt coppent

1919 3040 1251 184 ul daer over voldoeninge heeft gedaen

1912 3122 2248 181 ven nu wederom in een ander fas, bij het overleyden van de huys vrouw

1909 3227 2167 158 van den commes ofte ontfangher van de provinciale rechten van

1906 3383 2207 147 blaenderen woonende opliet, vlaems hoeft suredicthe dan twijndraht

1907 3457 2108 190 den welcken uyt crachte wan sijn officie pretendent voij te sijn,

1909 3574 2198 174 mij heeft geweest al hier in de stadt bij den heere saltot die hem

1915 3665 2189 194 soude geseydt hebben als dat hij daer over niets geven moedt dat sijn

1899 3790 2214 152 meetters voor sien, daer over intertenieren oede tgene echter geen

1895 3912 2192 109 recht geeft hier benevens heeft ick: eenen casus positie, den welcken

1894 4010 2099 184 versoecke schiftelijck te beantwoorden, & soo haest mogelijck

1884 4098 2217 210 mij weder te sende sal ul ten dancke voldoen als vooren, & hebbe

1927 4237 712 153 eeve van te syn

4258 195 1168 172 brugge wed: Laurence Van Kentergin

6054 145 767 201 Adij 20 dbr 123

4329 286 2350 163 hebbe eenige dagen over het hoest gesien, van ul: te adviseren, als dat op 15

4345 405 2329 137 deser aen ue toegesonden hebbe p voorman dobbelaer die soomen mij

4345 517 2307 161 seght op voorleden dijnsdagh maer eerst van ier vertrocken is een

4345 590 2348 169 pack gemerckt .N. 80 inhouden de 100 stucken tijsten, welcke alsoo

4335 755 2400 157 gelieve te verclaeren, & peerste vertreckende schip, op London te vertenden

4307 848 2512 182 t addresseren aen dht William tataall, & aen mij het cognossement

4340 932 1652 185 benevens ick  van oncosten te laeten toecomen

4339 1049 2384 128 ul brief van 11 julij laest is mij biy tijde geworden daer bij doncosten

4335 1204 2422 140 op de vale N89 bedragende £3:13:10 waer vooren ue is gecrediteert

4326 1267 2434 208 steven calise heeft de 1 schellingen, voor de vraght van costij p baerge

4333 1380 1310 146 opostende niet willen laeten sorten

4327 1471 2428 205 fis mij leedt, dat ue tgene aen ue schuldigh ban niet can remitteren

4319 1607 2307 190 daerom versoecke het mitto op mij te trecken, waermede blijve

4335 1713 1065 178 naer seer priusame groetenisse

6020 1745 657 220 Ady 26 gbre 1738

4239 1776 809 190 London William tatnall

4312 1911 2356 202 le premier du courant vous fut ma derniere, a la quelle ie me referre

4323 2054 2334 182 depuis sans l'honneur d au  vre, celle pour vous envoyer cy joint

4310 2146 2292 193 facture & connoissement d'un ballot .N.80 contenant 100 ps. des cotils

4317 2266 2343 162 ettant charge dans le batteau de John Strahan, portant en semble

4319 2386 2369 179 en argent de change ƒ936:- esperant que vous les receveray bien

4317 2454 2480 212 lenditionees, ne doutant point, que vous en seray tres satisfait, & quil vous

4303 2545 2487 194 feront oublier le passe, mon ouvrier ma donne des assurances de vous

4309 2665 2363 215 rendre contant pour l'avenir, & quil fournira toujours de la plus belle

4305 2804 2494 184 et melieure marchandise, si en cas que vous en avez besoing, il me, ie

4310 2907 2281 167 prie de luy donner un peu du tems, pour les bien choisir ainsij

4312 2992 2366 220 mons: ayez la bonte de m'envoyer vos ordres a mon loisir, & nous

4295 3095 2270 200 tacherons de vous servir, que vous n'auray plus lieu de vous

4329 3202 1851 159 plaindre, ettant toujours avec offres de mes services

5890 3312 653 175 Adij 27 gber 1738

4250 3299 1176 232 Brussel Jan B. de vos toeck vercoopr

4290 3465 2428 150 preterrere mij aen mijnen voorighen van 25 deser waer bij ue geadviseert hebbe

4303 3554 2395 196 als dat den letten gesonden theatre jaere, sal behouden, dogh dat u mij

4296 3674 2434 167 den in dese soude moeten toesenden in een gebonden, om achter in den boeck

4294 3779 2513 189 te leggen, tsedert hebbe dh verdussen tmijnen huyse gehalt die mij seyde

4304 3893 2477 202 dat us scrijven soude, om ue te melden, van den selven index ofte tasel

4306 3986 2473 203 in albis te senden, dat dien gemackelijck noch in den boeck en gevonden

4304 4098 2385 169 worden, derhalven versoecke den selven dan, in albis te senden. voorders

6734 4227 76 94 af

4291 4178 2469 255 hadde hem gesprosien, over de tuee leste deelen van bietskens heeft ay
