8056 4658
2477 195 711 133 Ady 6 xber 174117

874 189 763 152 sendt advnaet batikius

1030 282 2203 202 ue mij seer aengename met ue advies nopende de reygelden tit laste van

1009 393 2229 206 onse procre op sijn tijdt wel ontfangen, & vervolgens hebben wij aen dien

1000 501 2166 187 st een niet meer derven effen, ick hadde lat gegeven aen mijnen

1005 597 2166 197 gressier, om aen sijnen soone soo ndenssens, wesende slerck bij

973 714 2282 186 gerieren procureur te ordonneren van ue: het honoraere te betalen

997 797 2158 195 tgene soo nu verneme noch niet geschiedt is sal echter sorgen,

1002 928 974 123 dat ue: sal voldaen worden

1031 980 2190 193 ben nu wederom in onmust ontrent het innen van het besten hooft

1000 1131 2117 121 daer is gestorven & begraven op 25 gber pass seke merie van

1023 1201 2249 231 geet, ofte geijdt huys vrouwe van hendries hersens, door welcke doodt

1007 1332 2172 162 op mij vervallen was, een ceoey beeste, hebbende mijnen groffier

1012 1424 2196 183 met den meyer en schepenen suin getransporteert op 28 pass d:

1030 1533 2132 206 ten huyse kan den selven hersens, & aen hem gevraeght, naer den

1013 1637 2239 167 betten pant waer op hij antwoorde hij is in huijs, waer op den greffier

1019 1746 2138 138 ofte meijer vraeghde waer is ue: hoey bieste, daer op hij antwoorde

989 1836 2230 180 de selve verkoght te hebben daeght voor de begraefenisse van sijne

1017 1949 2193 203 vrouwe, tot sijnder subsittentie, ende tot betalinge van de kercke

1020 2051 2194 210 rechten, waer op den greffier antwoorde, dat is den heere fradderen

1017 2157 2151 196 sulx moet aen den heere skenbaer gemaeckt worden, daer op hij

1032 2268 2193 161 repliqueerde, wat can den heere mij doen, ick ben arm, aen mij en

1016 2375 1888 190 ie niet te vervangen, dat den greffier geloot waer te sijn

1034 2503 2143 128 dusdanige voor vallen sijn noch meer geschiedt, hadde hier op den

1027 2567 2178 188 groffier geschreven, dat hij soude in vigileren ofte de selve scoeys

991 2673 2266 142 oot swijndrecht niet versteken, ofte te vinden was, waer op met syn

1008 2788 2142 136 brief de dato 3 deser naeright become, dat hij geinformeet was,

1016 2879 2192 209 als dat die hoey, vrijdagh gepasseert en aght dagen wesende op

1011 2985 2042 179 24 gber soude verkoght geweest sijn op de vie merckt, binnen

1022 3098 2236 158 antwerpen door scheren pieter comende alle vrijdagen op de selve

1016 3201 2166 155 merche gaende gevoonelijck met eenen blouwen sveel, ende

1021 3347 2224 153 dat den selven die hoey soude verscoght hebben op den selven dato

1014 3420 2151 192 24 gber aen de wedue passchier leytens, woonachtigh binnen

1014 3538 2220 177 swijndrecht al waer hij op 3 deser benevens meijet en schepenen

1013 3634 2148 209 sijn gegaen, ende doen af vraghen door den meyer waer de loey

1007 3739 2230 195 bieste was, van hendrick hersens, waer op de selve wedue was

1004 3860 2223 168 antwoordende, dat sij geen hoey en hadde van hendrick hersent

1017 3978 2217 188 maer dat sy t antwerpen vrijdaght gepasseert lest aght dagen

1025 4097 2186 181 een loej beette aldaer hadde gekoght op de vie merckt van

981 4214 2119 141 den voors pieter met sijnen blouwen heel, ende dat sij

3472 201 2458 172 sijnen toenaem niet en wist en niet en weet wiens coey het geweest was

3499 273 2310 190 wij sijn alle van gevoelen, dat daer onder iets gemengelt die wede wilt niet

3489 399 2340 120 ccaippen, dit is alles wat tot hier toe hebbe connen achter shaelen, sijnde

3488 497 2344 171 miet te min in goort achter dencken, om dat het eenen spoor slagh

3491 581 2248 159 is voor andere, moet hier ontrent ageren om daer inne te voorsiene

3489 679 2227 182 coste wat het wilt, om dien hersens voor tempel te stellen

3493 778 2259 196 versoeckende dan op allen het voors reflexie te nemen,& mij te

3488 894 2419 163 ondervighten op wat maniere ue geraden vindt, hier inne te ageren

3478 991 2424 187 men seght dat ick mijn pant vervolgen magh, soo synde, soude die

3472 1102 2343 182 honge bieste van de voors wedue leysens, connen doen afhaelen

3480 1196 2281 206 soo niet soo soude den gemelden hertens moeten betreekie & al is hij

3480 1267 2347 210 armtegens ham insspannen, al het gene het recht hier ontrent

3480 1407 2305 200 doen can want tis een salke van al te groote aengelegentheydt

3471 1528 2344 175 us dan seer vrindelyck versoeckende, van op te stellen tgene hier

3471 1603 2328 201 ontrent gerequirent wordt, t 'sij tot laste van den selven hersens

3467 1715 2396 171 ote tit laste dan de gemolde wed: onder wie die coey biette soude

3469 1808 2373 233 berusten, tot moedelijck biddende, vant selve miy te laeten toecomen

3472 1918 2203 213 cito mogelijck & sult verobligeren die met val respect blijve

3826 2146 1171 230 AdMaiooen Der

3752 2370 1413 253 Der pareque Virgiuis

4079 2600 512 225 Marce

3707 2768 1620 205 Honorem St loriane

3805 3000 1286 190 Anno Domini 174&

4966 3134 851 230 Ady 20 Janu 1723

3396 3237 894 171 sendt advocact basilius

3472 3388 2392 185 s mij seer aengename dan 2 pass is mij op sijne tijde wel over hant

3455 3482 2388 208 gecomen, daer bij de opgostelde requeste, ten laste hendrick herfsen

3449 3660 2393 175 welcke alsoo ingedient hebbe, hij is soo vermeten geweest, &an daer

3457 3725 2436 167 tegens te dienen welcke antwoordt benevens et requeste ue: hier

3450 3875 2458 183 ingesloten toe sende, met versoeck van eene replique daer tegens te mekcey

3444 3940 2356 214 men seght mij dat hij niet te verliesen heeft, & dat hij van andere

3451 4056 2380 176 ongestocsit is gewerst ick moete dese sake vervolgen, het sal mij

3451 4150 2481 199 genoech sijn, bij faute van de connen voldoen, hem te cote te connen
