8077 4658
1061 192 2246 127 magh ontfanghen, dan salder noch ontrent een jaer verachtert blijven,

1041 267 2225 147 neme de libertijdt van mij bij us: te addresseren, in hope blijvende

1000 361 2235 153 dat door e goede sorge voldoeninge sal becomen, mij daer op

1033 472 1655 174 betrouwende blijve nmet presentatie Jan dienst

2724 517 609 203 Ady 5 d'aoust 11

840 585 1743 201 Diville Nicolas Marcq Marchand des pieres a feluy

1044 723 373 151 a Nivelle

1035 783 2225 221 comme j'auray besoing de vos marchandises ie viend vous prier

1024 900 2234 200 cette, que quand vous viendray a auvers de me veur voir, ie ne

1025 1015 2223 209 suis pas presse, puis que ie ne l'auray besoing que pour le

1012 1108 2237 239 comencement de l'anne prochain n'ettant aussij que de peu

1028 1264 2150 207 de chose, scavoir 3 fenettres 4ps: quarre, pour servir pour

993 1366 2185 194 piedestanx, & deux autres pieres, dont nous parlerons plus

1034 1471 2225 180 amplement, quand vous seray icy p occasion a vre gouverno

1051 1628 991 170 estant tres parfaittement

2413 1628 686 192 Adij 18 xber 174

861 1738 934 163 Londonn John Tddwards & soon

1027 1858 2213 174 bevinde mij verplicht te beantwoorden ue mij altijdt seer aengename van

1020 1962 2236 153 48 febus 2 3isseert 5 Junij &2 sept: J.S. waer op tot antwoortt dient, als dat

1034 2060 1423 171 us rek: gedebiteert hebbe volgens den eersten

1028 2143 2236 208 Prento 2  van mijn £1060:- iuwe heydes: Ameditys  £20:0:0:

1022 2267 2212 135 hn .. 1 b van mijne £234:7:6 &utr: aetden . „ 4:2:-

1019 2399 2279 124 bij dentweeden gesien de cours van de fontsen, die mij alle te hoogh waeren

1041 2502 2209 158 en dese tijdts: conjecture, & tis te verwonderen, dat die noch soo blijven,

1017 2588 2264 156 te meer, om dat men siedt, dat Engelaurt bij desen brlogh, geen avantagie

1017 2670 2279 172 sal becomen bij den derden bevinde de notitie van ontfangene peaniegen

1029 2806 1528 151 veuten vervallen 25 ilert laest te weeten

1025 2817 2207 281 Jaumyne  2090:- banck febven a 2 £ 55:0:0

1012 2950 2225 205 Jan myna £931:13:4 et su de sougte fauditys a 2x .. „18:12:8

1025 3058 2282 212 ende vervolgens den laetten hebbe ue re: oock gedebiteert voorvende

1035 3213 1263 174 vervallen A siduy laest, als volght

1017 3263 2250 238 Jan myle £1000: niuwe suyt fanoitys a2   £20:0:0

1028 3417 2220 118 bave  £234:7:6 suyt: actdew a 1¼ pb „ 4:2:-

1019 3534 2239 151 volght alles wel, & hebbe het selve, alsoo sonform met ue genoteert

1007 3639 2199 139 terwijlent de fontsen, het noch toe in staet blijven make geene

1012 3764 2158 127 spiculatie als op de aninditij a 3  daerom, soo us: mij d'eere

1036 3823 2118 162 aen doedt van te schrijven, versoecke die cours mede te noteren,

1028 3942 2248 139 als mede ue oordeel, wat het beste geraeden soude sijn, gelieft niet te

1026 4044 2191 172 remitteren, maer mijne pennegen sonder ue te laeten. berutten,

1034 4176 2158 152 tet naeders spiculatie & blijve naer seer minsame groet emisse

3409 211 461 148 brussel Sarel de Vos

5214 203 726 163 Adiyj 23 gber 1741 t

3513 278 2216 186 sedert dat ue hier geweest heeft, niets van ue vernomen, hebbende nochtant niet

3505 407 2393 167 antwijfelt, oft ue soude mij de placeaten van vlaenderen gelevert hebben, te weeten

3466 491 2426 121 de 4 oude, alle van den besten druch, daer by de 3 muwe alle in veau fauve

3514 611 2408 95 getonden, voor ƒ50:- misr de 4 oude van mij ter hant te stellen in eschange

3493 712 2445 149 bij de voors ƒ50:- oock op conditie, dat ue die senden soude, tot mijn contentemnt

3495 803 2397 166 souden moeten wesen, doch ue begeirde ƒ52:- courant glt, & vermits sien,

3505 883 2384 196 dat ue het niet anders van sin is te laeten, soo ben geresolveert, ue de ƒ52:-

3504 999 2377 175 courant, te geven, der sialven can ue die gereedt maken, proper & iet in

3497 1086 2379 174 reau fauve gebonde gelijck mijn andere placeaten van brabant sijn

3510 1229 2327 171 voorders soo wenste oock te hebben, les ocuvres postuies p mabillon

3496 1338 2264 162 in quarto in 3 deelen, gelijck ue aen dhe vander voorst gesonden hebt

3474 1449 2427 206 ten prijse gelijck hij die betael heeft, in gevalle ue die soo conde becomen

3502 1542 722 135 cot die mede senden

3460 1607 2403 213 tis ue besient dat de wercken van tillemont gekoght hebbe, in den voep

3484 1746 2326 158 van dh Engelgrave, sijnde in quarts, waer ue mailqueert het serde deel

3499 1840 2340 210 van l.'listoire des empereurs, wenschte dat ue mij dat deel in quarte

3477 1947 495 138 conde besorgen

3482 1994 2393 172 hebbe als dan oock gekoght, histoire de l'accademie voyale des sciences waer

3483 2145 2382 183 tegens ue oock geboden hebt ic soude die op schere conditien wel af staen,

3497 2262 2393 128 alsoo die dan mijn departement niet en sijn, sijnde vant jaer 1699 tot 1726

3494 2380 2409 169 wij souden met mallanderen daer over connen convenieren, als die ue souden

3481 2448 1336 185 connen te passe comen dit ie gouverno

3489 2527 2433 220 voorders soude ooc wel begeiren den dictionaire van beyt & de seven deelen

3501 2685 2327 160 van pieter bos, daerom gelieft mij te laeten weeten, wat ick mij soude

3471 2782 2391 161 connen besorgen, & tot den aldermintten prijs om vervolgens te reguleren

3476 2942 2363 131 ue antwoordt op alles met verlangen af waghtende blijve naer seer

3472 3013 759 153 mensame groetenisse

3465 3113 2382 186 het selde deel van huttoire des empereurs, soude moeten sijn in albis

3477 3214 1441 141 om naer de andere gebonden te worden

3477 3350 1950 153 soude oocke wel begeiren hestoire de gennereve in folis

3466 3437 1357 182 den dictionare van calinet in folis
