8022 4665
1043 208 2275 247 pour toutes ces raisons iattend de la haute justice de vetre grandeur qu'elle ne souffrire

1025 263 1833 213 pas qu'on me charge de ces fraix immeuses dont on veut m'accubler,

988 339 2262 232 esperant par cette reponce d'avoir satisfact a la dite appostille j'au l honneur d'etre avec la

991 402 739 125 veneration la plus parfaite,

1150 502 437 144 Monseigneur

2079 530 596 166 De votre grandeur

2085 659 1084 140 latres humble et tres obeissante servante

2520 725 542 171 Anvers 3 aout 1746

1010 829 1987 195 usse voenden laet weten aldan dent eje heer manck gen t

1008 964 1917 96 van wegens het hoostcolligie van sande van waer t met

1000 1009 2090 109 de copie van hett onder daer anner de welcke saude maehen

982 1076 1849 95 gestelt geworden hebben voor de sude vwastaende

943 1103 589 107 reppetentatien

960 1191 2203 165 peeten hooftschepenen vanden Lande van waes ende den

1006 1303 2172 110 heer manck ghare sover de seven quartienen die stadt antweipen

984 1377 2187 90 hun van weghen den heere intendent de Secheelle gevndonneert

955 1437 2212 126 sijnde volgenss het mandenvent hier annen van Jinstantelijck

971 1523 2151 97 te doen maecken de schepen ten eijnde als daer y gett

980 1573 2190 89 ende geconsideert hebbendde, dat fhim sulcx geensti en can

985 1662 2191 94 regarderen, dan wel de gone campittezende het recht vande

996 1695 2102 118 pussagie van het deveu veir woet antweepen, sal den eeesten

971 1749 2077 126 opfais hier toe aensocht uyt den naeme van d'heelen

992 1845 2160 96 requisanten hem teispaiteten aen d'eene. heeren van liet

979 1884 2203 121 magisthaet der selver stadt ende aen remime donancie van

959 1948 2322 158 sweijndnecht soo voor haer selven als haeve mede deel hebbenen

974 2014 2161 132 an wie het voorseyde rscht compiteert ende daer van

966 2061 2140 157 de vorpachtinge sijn daende hun alhaegen of sij erstaen

968 2143 2151 121 de votorsender, plosten te doen maecken then lieden coste

971 2207 2198 131 en cas van Resul ofte dilaey then lieden laste te protestecen

980 2278 2101 114 van alle costen scheden ende intesten die de destie

969 2374 2139 102 vande requitanten daer doer allende hebben geleden ende

971 2432 2169 102 noch sullen commen te lijden hien eensweght anijt den

965 2483 2251 109 naemt als voen te kennen gevende dat sij ingevalle van

974 2589 2132 106 I selve hesus ofte delay on wonder onheyl te devitesen, ende

970 2625 2172 118 onder motestatie van non pelijnditie, op heden wesende den 28

965 2726 2200 92 deser sen tece wien naer nan inde herbeige waer vmor het

960 2806 2218 96 reecken uytstaet s anthaninis de padua op de schaenmenckt

981 2853 2212 135 binnen dese stadt sullen aenbesteden aende minst aennemende

962 2929 2138 100 de naeste de tonstlucke van de selve pleysen met worden

960 3025 2172 104 advententie dat de heeren regnnanten te saemen het gelt

968 3092 2163 98 daer aen dependerende sullen lichten op intrest ten coste van

976 3173 2154 100 engelijck thandende van hunne antw pertnente nattitie

966 3247 2160 90 4 leveren Relaes om aende requitanten te vallideren gelijck

975 3303 2203 100 en justitie sal behoven, Jan welcken afsecte hebbe de selve

991 3367 2060 89 hetien requitanten dese doen ons eeteeeme elck doan

997 3449 2211 99 hem lieden gecmnatteerde ach in antwerpn 28 u 1545

973 3496 2188 125 ende wat cons. van  van leeughee manc igiaue

964 3568 2215 96 dondre stout er  as haedt  voous lande

965 3671 2197 82 van waes 6 was ont. de la coust ondrstont collutai

962 3700 2207 133 concondat uin sua, q ant vorqua hae 2 g july 2746 geuwd

966 3775 2002 138 affesfor mas ans. JB: van aerckelaer nots weg. 1746

1469 3838 1756 140 a allatum concordat un coua nthentica a

1449 3932 1750 124 d' ang vWs6 onr. D: voir laessens nots 1746

5847 192 136 113 Rof

3898 276 1095 154 oW De Roy

3575 400 2297 116 Jcan Morean pheyalier, seigniend de sechelles conseiller

3577 490 2099 146 BB tat intendant en flaendes et des asmeer du loy

3582 569 2416 153 faut necessaire pour le service du Roy d'etablir quatie voitiries d'eun

3603 685 2291 117 pour la commqnication d'anverr a la tete de flaendies, nous

3603 785 2285 75 ordonnour que cet quatie soitres seront constinites et et ablies

3581 829 2416 94 anssitot que le present i die sua comminque dans la faime et de

3570 900 2407 121 la maniuze qui sera judique pax m. le masquis d'heconville, et

3566 964 2346 129 que la depense necessaire seha payee moitie par les quailiers

3586 1039 2196 113 d'anvers et moitie paz le paist dil waes attendu que cette

3601 1136 2309 102 communication est egallement atile aure lantons fait au

3594 1186 1846 128 camp de lier le 15 suillet 1746 signe de sechelle

3554 1319 2405 116 les vritures d'ean dont il est fait mention le dessus doirent etie

3559 1362 2350 122 faites de faiou a poiter ave dsuiete et  d'un l a

3565 1489 2419 72 lantie de l'escant viigt maitzes et ringt chesaux tout equi pes

3568 1545 2392 83 et a etze conduets avec ju  batteliers soit a la soile suit a la

3579 1591 2389 88 rame, a anvis le 21 jullit 1746 sigue 'heronville de cloye

3571 1675 2402 98 om bas etoit collata concoediit ca sus ou genale anfrespice

3587 1724 2364 100 hue 29 July 1746 guod attestor signs T.B: van berchelaer nots

3569 1792 2418 114 rey viyl collaten concaidat tam copia autientica au

3594 1875 1954 92 2 au gusey 1746 onsD: vewlaessen nots 1746

3594 1989 2340 137 Bengelles mad. la superscuce de anvers le 21 augusy 1746

3667 2064 462 88 bery laymont

3623 2111 409 98 Wadame

3555 2166 2410 138 jespece que la presente vous thouveza en petfaite saute que servila

3571 2265 2389 103 parr avair l'honneur de vous advisir que ae envoie hier pour

3573 2331 2413 104 ma sille aisne par la barque de voitire diu a Bruxelles son liet

3572 2417 2349 90 et la chevert qu'nant neuu bien conditionne je vous pries de

3565 2458 2438 139 ln en lavve sparee la paitne comme de zaisqn y as soint du pain

3575 2514 2362 123 de regulis ef un peu de suire d'orge pour adouue la partiine non

3563 2599 2404 102 sommes avive s asser heuresisement le mesme jour de nosie denait

3560 2653 2449 107 de iuxelles lett moufite de cette occasion pour pas pie ves

3533 2711 2456 112 Inttanment de poulours accaider a ma ditte fille de chicher dan

3542 2765 2410 98 la chambee des auvezsoises ou raus maviez dit dun pienne instant

3547 2822 2444 122 destre encor trois licts onveits d'antant quil y at diturses demois il les

3544 2897 2468 89 du la connaissance comme m admais ille good madz Jau ban madcce

3538 2954 2382 111 van nelisserto maeh gans mad van Zasselt et mad Cogels

3556 3065 2370 69 et madr oscy etauties guille mattemoigne ln faire plus de

3568 3088 2377 145 plaisur que iessez entie des esthangers ce qui lu fer oft plus las

3475 3191 2398 113 sjauoutunner, et dalleurs comme elle est dun compllextien assez

3536 3237 2422 140 delicate de priteirne il ne lui conviendies aucunnement de con

3550 3312 2464 107 en bas dantant quil y est plus huides et sur loute pendant l'hiysad

3569 3367 2410 143 et es perant que vous veud ne me refuserez ceste giace ja

3558 3422 2404 173 l'honneur destre avec bien du respert et reniratine et zele

3538 3599 2423 123 Monsieur de blangher et ma lille badette vous assurent de leurs tres huiibles respects et periellez

3545 3645 2359 138 sil vous pat plaist que flademoiselle de Ribades trouve jeu les mepries sach assurances de

3542 3709 2078 112 notre parte ett ma fille aisne de notre amitie en attendant de ses nouvelles

5810 3775 78 67 2

3547 3742 2387 135 depuis cette escrie je recois a ce momant une lettre des ma ditte fille qui oit de ne trouveer entre

3546 3783 2377 182 ses hardes les boueles dargent de ses souliers qui sont dans le sond de la boite ou sont ses baques

3545 3852 2440 168 doreilles de diamants la quelle est dans un des layes dans son grand boffre et son bouteau sest dans

3563 3903 2444 200 son pepitre comme aussi son soufflet que je vous prie d'avoir la boute de lui commiquer et que je

3550 3950 2411 191 sui repondre au sur plus de sallettre par le premier en excusant les pernes que je vous donne
