8056 4651
1024 217 2254 126 aprez avoir etre deux fois chez luy & l'ayait encor

1006 334 2245 160 parle, plusieurs fois prencontre pour obtenir la copie

1010 386 2265 207 de la lettre en question, que feu mons: pedro meuleau

994 499 2265 223 son pere vous at escrit le prmier d'aousr 1778 la quelle

1004 636 2240 197 il mat envoyez hier an sois deuement le galise que

997 733 2231 215 ie vous envoye cy joint esperant que vous la trouveray

1003 868 2164 207 a vre satesfaction, ayant paye ƒ2:6: pour les frais

993 954 2227 195 madame de suijndrecht auroit bien souhaite de vois

988 1067 2268 246 pouvoir escrire elle mesme, mais les affaires domettigus

1000 1216 2101 208 ne l'ont pas donne le loisir elle vous fait bien

986 1318 2243 240 des compliments comme celuy qui a l'honneur d'estres

2468 1420 557 196 Ady 13

846 1504 1081 170 Brussel s: Ban vent hem

973 1570 2254 252 nc: aengewane 5 deses wel ontfanghen, daer benevens

964 1701 2264 184 de metinge van het hout metende te samen brusselen

986 1844 2152 208 mate 1624 weten bedragende tot seven geldens

2690 1968 549 199 ƒ 112:12

966 1965 1259 223 tijft huijvers courant gelt

977 2089 2315 201 sal wat veel is & wat te hoogh in prys gestelt even wil

984 2224 2135 191 termits ontrent het noust seer voldaen ben soo

953 2366 2159 193 cont die waerde op mij trecken terwijlen ue mij

956 2472 2260 171 seght het gelt tet ent werpen noodigh te hebben

980 2592 2117 191 ick hadde ue eerder geantwoordt, dogh den

965 2712 2260 188 beurtman is eergesteren naer noch maer eerst

969 2872 2162 180 gelost geweest & hebbe gisteren den geheelen

918 2997 2296 227 dogh iyt stadt gewelst dat sijnde het noodige

925 3143 2251 228 derses & blijve ue afwaghtiaen uls advis Jan

921 3288 1231 191 den trato met groetenisse

2422 3385 656 203 Adij 4 July 1742

810 3425 918 183 Gendt advocaet batilius

950 3546 2269 177 heden become Copijen Jan de sententien nopende de sasken tegens

963 3667 2245 124 hundric herstens over de verkoghte coey bieste als mede tegiers

962 3769 2266 127 Joos van bossche over het doen van den ledt sijnde ick bij de selve

948 3901 2232 148 beyde verelaert niet ontfanckelijck nochte gefondeert, & in de

943 3987 2269 128 costen gesondemneert waer over seer verwondert ben gewecke,

948 4107 2248 161 principael over de lioey bieste, want soo dese sententie plaits

954 4189 2218 189 grijpt, soo is het besten ho half verloren, ider een sal sijn

3502 232 2404 111 reste pancen versteken, ofte verkoopen, soo tij sullen sien, dat

3503 287 2416 169 den sicken sterven gaet, mij dunckt van die sake te appelleren

3502 407 2416 158 te vervolgen soo veroe alse cn, soo ue het geraden vindt, ue

3502 482 2416 169 soude daer ontrent met noch andere advockten connen consultere

3502 585 2335 176 om de beste pactje te kiesen, ick weete niet wat hier in

3510 667 2390 155 doen, geloove dat voor de selve rechters sal te weeten voor het

3501 781 2411 175 not Collegie van den lande van waes sal moeten appelleven

3505 878 2390 177 daer het sekerlijck noch eens sal verlooren worden, de hope is

3495 992 2302 167 alleen in den raede van vlaenderen, tis waer dat legens

3511 1121 2401 173 eenen cormen ruyter procedere, dogh het gevolgh is van grodte

3489 1195 2417 162 aengelegentheyt, daerom bidde van op beyde de saken tijpelijck

3489 1324 2414 146 te peyen, & mij te laeten weeten wat daer ontrent te doen

3502 1451 2357 184 ofte te laeten. ick en hadde niet gemeiynt de sake tegens

3495 1575 2416 132 hendrick herssens te verliesen. soos van bossche is icrobligeer

3488 1644 2404 162 sijne hedt te doen, nu weete niet op wat in aniere geloove hij

3483 1734 2423 184 serst alle de panden moet aen weysen, & dat men hm vragen

3495 1873 2371 113 moet waer hij sijnen iedt wilde doen, en fin sal ul: advies

3483 1938 2435 200 f waghten, hoe mij in dese gelegent heden te dedragen blijve

3492 2072 709 126 niett alle respecte

3665 2135 1694 209 Ingesloten de copyen van de sentuetien

5178 2231 721 229 Ady 13 July 1742

3436 2280 1289 194 wijndrecht Sr. Van Berlo procurers

3488 2393 2369 202 Moenssens heeft mij ter hant gestelt de doubels van de twee

3483 2529 2432 174 processen, daer biy copye van de twee on verwaghte sententien

3490 2629 2356 139 in mijn naedeel, wel ke sententien naer gent gesonden hebbe

3481 2763 2290 160 sijnde mijn advocaer daer over soo seer verwondert als ick

3484 2872 2410 128 niet te min, moeten dese saken vervolght worden tit in den

3490 3004 2329 136 raede van vlaenderen, waerom ue bij dese ordonnere van

3474 3118 2400 167 protest van appel te doen, naer behooven, & partijen het selve

3483 3215 1923 185 te insinieren waer mede naer groetenisse blijve

3459 3317 2109 210 draeght sorge dat aen het appel niets man queert

3486 3477 2426 150 ick moete de doubels van de twee processen naer gent senden

3483 3561 648 187 tot ul: naeright
