8097 4651
1046 210 2276 149 goede beloffen, gylieden seydt nu ontrent ie doy jaereu, vois ten achteren

1000 288 2259 149 het soude onsledt sijn ul osten aen te don, waerom bij desen

1048 416 2247 106 uls andermael come vermanen van ten langhsten in de toecommt

1032 514 2113 166 maenst ont twee jaeren te comen voldoen, & bij faute, sijdt

1016 600 2269 210 versesiert dat niet langer sullen waghten de noodige middeleu

1043 763 2116 160 in te spannee om betalinge te becomen, waer naer cont

2727 845 124 110 210

1043 858 947 188 regulieven, ende blijven

2475 852 782 231 Adij 8. xber 1736

868 1012 1441 198 Brugge wed: Lauvence Van ventergeen

1041 1125 2256 218 ue aengename van 30 aug. laest op sijn tijdt wl ontfanghen

1020 1233 2183 234 daer bij het cognossement foncost ick van het pack tijlen

1013 1400 2158 197 B.N.82: bedragende n courant gelt £324:11et waer

1031 1514 2199 223 vooren al1 rek is gesreditert desen tot advies als der op

1023 1652 2207 219 heden p voermen dobbelere, die morgen vertrckt aen

1030 1740 2028 245 ue: tregesonden hebbe, een ander pack J.N. 73

1035 1908 2185 208 inhouden te hondert stucken tijken twelck als het

1035 2026 2180 224 voorige gelieve te verclaeren  te versenden p eerste

1012 2144 2241 181 vertreckende schip op london & te addresseren aen dheeren

1033 2304 2180 168 John Satuall & son, & aen miy cito doenelijck het

1008 2455 2183 165 lognossemet &oucost ick. tis te verwonderen dat

1038 2556 2250 244 John handyside op  pass: net het pack N.22 bot

1037 2696 2201 211 london noch niet was scartiveert te mee om dat ce

1041 2834 2231 241 met ue voors. brief adviseerde, dat hij met dan eersen

1013 3046 2130 163 goeden wint sont te vertrecken versoecke te

974 3131 2207 210 eerste vertreckende schepen niet voorbij de laten

1012 3317 2164 173 gun qe soguossement met ves van oncosten

1013 3414 1083 214 of cought ende blijve

2475 3422 719 212 Adij 13 xber 1736

852 3529 913 200 London John batuall & son

1012 3644 2292 221 J'ay receu l'honnneur de la vre du 10 du passe avec ordre pour cent ps

1007 3778 2292 199 de cotils, les quelles sont deja envoyez dans un ballot N.73 & montant

1015 3902 2198 192 en argent de change ƒ913:13 en suite la facture cy joint

1027 4071 2295 159 estant charge dans le batteau de vichard sorad ford celon lincluse

1011 4133 2244 217 Cognossement ie vous envoyeray p ma premiere vre compte

1026 4246 2279 216 courant l'estois estonne, que john hannside n'ettoit pas ensor

3482 223 2364 89 arrive a lendres, mais d'apprend de bruges quil s'est arretre quelque tems

3474 317 2438 147 aottende, j esperant sal bon arrive a L'ondres, si bien, que de richard bradford

3479 407 2367 134 & que vous receveray les deux ballots N.72 & £3. bien conditionces,

3473 499 1551 155 & la marchandise a vre entiere satesfaction

3475 568 2386 205 j'apiend que mons vre fils se vat manier avec lady whoser, & que

3485 697 2416 134 cette mariage est a vre entiere satisfaction, & que vous allez quitter

3478 803 2406 184 vre negoced en faveur de mons: vre fils dont J'ay l'honneurs de vous

3497 903 2380 175 en seliciter de mesme au jaunes marices, vous faite comme mon

3399 1041 2401 168 seu pere at fait, & il est juste, que les parens reposent dans leurs vieux

3468 1118 2376 162 pours, quand ils ont des enfans capables, pour suivre leurs traces, ne

3406 1203 2393 208 doutant point que mons: vre fils serat de vre sentiment espertant

3452 1305 2347 160 d'entretenir la correspondence avec luy comme j'ay eu l'honneurs

3471 1457 2307 166 de l'avoir avec vous, & on ie vous puis vendre service commandez

3487 1522 1163 223 celuy qui se dit tres parfiittement

5027 1568 785 192 Adij 17 xbe 1736

3382 1682 930 188 London John Satuall & son

3462 1807 2322 198 le 13 du courant fut a vos graces ma derniere y joint facture

3476 1903 2338 201 Cognossement dun ballot P.N. 73 contenant 100 ps Cofils montant

3465 2022 2347 203 ƒ 913:13 me oeferant au reste depuis sans l'honneur d'aucune

3488 2151 2258 197 vre, celle ne servira que pour vous envoyer vre compte courant

3476 2248 2274 225 celon vre ordre p vre precedante etten du 10 sper passe que

3464 2382 2409 219 vous trouveray icy incluse, p le quel, il me remend pour silde

3460 2517 2457 197 ƒ 129:16. vous m'aviez ordonne de les tirer le solde mais comme

3455 2644 2237 202 ce n'est q une fagatelle, ie le porteray a compte nouveau

3456 2760 2459 206 cesiendant comme vous m'avvez marque que vous avez cede ve

3466 2882 2447 232 negoce a mons: vre fils ie vous prie de me d bouloir marquer

3469 2992 2417 230 s ie les dois porter sur son compte seul & me dire son prenome

3476 3131 2420 207 ou a compte nouveau, en comp. & en cette attente j'ay l'honnur

3450 3263 289 162 d'estre

3491 3362 2413 214 ie vous prie d'esaminer le predit compte & ne marquer somme

3475 3491 870 186 vous l'auray trouve
