8077 4630
988 205 2164 121 & de m'en donner avis afin que ie puisse vous remettre la somme

983 298 2222 172 & nous y ajouterons quesque chose de plus tant pour vre bon service

981 377 2224 198 que pour le port des lettres, copie de la requette, aussij ƒ8:- qui faut

976 477 2237 191 donner au bureau de la potte, pour franchir le pacque de la patente

973 596 2150 166 & un florin pour le valet de la chancelerie, me fiant entierement

978 685 2247 204 sur vre personne, & que vous tacherary de nous vendre ce service & en

987 795 2161 175 attendant l'honneur de vre responce au pluttoit possible ie suis

987 932 578 126 tres sincerement.

950 984 2280 202 P.S. ie suis informe que le conseil supreme accorde la concession de la

970 1123 2307 153 d dato de son premier diplome depesche e la chancelerie de l'empiere

987 1274 2169 98 ce quil vous plaira observer, & davoir soing, qui soit iuserre dans

979 1309 2236 199 la patente ces sauses, suppliant pour leffect de tout ce que dit

994 1432 1554 191 est u tout desfaut qu'il y pourroit avor

992 1539 2221 140 city que j'auvay receu vre notice de la juste somme mon frere TM: melij

937 1627 2319 167 donnera dodre a mess. palins & freres son correspondant, pour la payer entre demis

985 1699 2273 143 ie vous prie de travallier pour la depesche, le conseil supreme, devois ordonner

1002 1810 2288 120 aux herautted armes de faire l'euregistrature a demne droit car ils sont quelque

980 1892 2303 107 fois, si exhorbitant, quils pretendent une telle somme sans le quel, ils refusent

999 1979 2291 144 faire l'en registrature ainsy ils fontt des taxt a leurfautasce, on ma dit, que

825 2079 2458 129 c'est la chambee de compte pie de la resquesse quil mettera a la denne fu

996 2162 2240 190 a la quelle j'ay payez la desniere fois, ƒ255, pour l'enregistrature

1897 2245 724 140 et sempeneur doy

982 2289 2275 200 kemontre En tout huinclite daniel gerard lelijn seig: de swijndrecht

994 2434 2273 192 au pays de waes en flandre, et Jean michel cmelijie, ancien eschevir

1002 2547 2280 173 de la ville d'anvers, freres, & fils legitines de fen Jean michel illely

995 2653 2140 136 et d'la belle Bouwens fille dee feu serard bouwens pectiss et

990 2737 2248 212 inhabitans de la ville d'anvers, une de tros hefs villes de son

972 2876 2251 173 duche de brabant, quil a pleut a vre sacre Muy. honnorer

967 2985 2255 197 la famile de melijn de noblesse, comme lils seroient issues de

984 3091 2252 159 quatre generations Nobles tant paternels que materneles et au

980 3193 2237 214 predit daniel gerard Melijn de celuy de chevalier hereditaire

1003 3326 2252 208 par displonme du 19 gbre 172, depesche per la chancelerie de

1017 3462 2232 181 d'empire, comme il appert par la copie autentique cy joint

998 3533 2279 225 et comme les remonttrants sont apris, quil a pleut a vre aug:

997 3702 2163 187 Mas de sevocquer tous les diploines, de graces & merce des

1007 3809 2239 200 obeenmees & depeschees par autre canal, que celuy, qui se trouve

1019 3909 2074 205 establie les vres personne koyale, pour la direction des

998 4058 2171 120 affaires des pays: bas les remonstrants viennent de rechetf

1001 4159 2233 221 comme bidils & obeissants suyects, smp lover vostre saere illayt

5801 101 113 103 14

3479 199 2391 150 imperiale et fatholiqne pour obtenir de nouveau quelque grace

3496 278 2324 136 de la bien veillance a les causes, ils prement leurs recours avec

3494 398 2364 169 un tres profond respect au piedssacrees de Vottre tres auguste

3492 474 387 139 Maiette

3474 592 2437 226 la suppliant tres hunblement que son bon plaisir soit d'accorder

3476 732 2453 205 par faveur aux remonttrants lettres paterites de confirmation de

3493 854 2334 174 Roblese, avec annoblissement de Nouvean pour autant que de

3489 986 2410 165 besoing pour eux ett leurs descendants Malis et fancles wees et a

3475 1096 2425 174 faire de seal mariage au port d'armes, quil at pleut a vostre

3473 1195 2294 188 jaere May. leur accorder par le predit diplome qui sont de

3494 1288 2383 176 qiueule a trois pass de vair l'escu surmonte d'un heaune d'argent

3434 1397 2432 148 wille & lisere dor avec une couronne dor au lieu du bourlet aux

3424 1507 2440 163 rambrequins, de queule er d'argent, et pour cemiler deux vols l'un

3424 1614 2395 210 d'argent, & l'autre de queule, au lieu, dune reste et cols d'asne

3498 1742 2195 145 & partgrace spetiale, pour suppont ou tenants deux Lilles

3485 1859 2346 113 asiatdques, habillees d'asur et en borde et orne dor coisfees d'un

3476 1950 2404 148 bonet de queule et one dos, aux quelles bonnets perdent un voil

3486 2094 2406 172 blanc Paye de sucule, hetrosse sur leurs bras tehants du ne maing

3492 2195 2340 179 l'escu, et de l'autre chacque une banderolle, celle a desxtre de

3486 2313 2415 176 l'eseu, a sinittre d'or au sautoir de quenle, a la face de sinople

3494 2427 2203 165 en la forme, et ainsij qu'icelles artroivies, vous icy jointes

3463 2519 2415 193 depentes, suppleant a tbutt de fauts et de sur ce faire expedier

3483 2632 994 198 diplone, E faisant

4262 2740 534 137 p ptificatie

3552 2997 783 185 de Waping geschildert

4698 3011 1080 191 met 2 tenans heln & croone

3473 3436 2416 191 be sousigne charels van den hecke ISc. Roy et herault d'armes

3464 3600 2431 186 ordinaire de a lay. imp. et satholigue en ced pays bas, sertifieet de clare

3471 3711 2432 170 avoir vue et sue la patente originele accorde p vre sacre May depesche par la

3486 3803 2313 170 chancelene de lempire en date 19 gbre 1721, en faveur de la famile de Melij

3478 3913 2304 184 comme pue de quatre generations nobles taut paternels que materneles

3465 4012 2377 194 le daniel gerard esselijn celle de chevalerie hcreditaire, a qui la maje

3467 4148 2354 175 a pleu conferer de porter, pour armordes un escu de quaule a trois

3475 4259 2379 190 pals de vair, comme elles vont icy dessus depentes, dans l'eseu, et la
