8070 4671
965 230 2213 175 te mentinem, in gevolge den laesten soo sende aen ue hier benevens

977 350 2183 124 een copye antentique van de pachte van het lant van sudoeur

969 449 2231 152 van oheren, gepasseert voor den notaris de vettere, in dato is mij

958 601 2170 163 1721, om ue daer van te bedienen, hebbe de selve moeten doen

941 670 2169 197 uyt trecken, alsoo geen packtbrieven ue: resggicierende, hebbe

926 819 2272 171 comen vinden onder de pappieren van het sterfuys, oock ben

943 902 2272 205 wel in dachtiijn dat alle de packt brieven van ue landen aen ue

952 1012 2204 203 ter hant gestelt sijn, echter wille wel gelooven, datter maer

948 1143 2252 211 timpen Copyen sijn, om dat mijn heer lanmoy saliger niet seer

935 1246 2177 204 genegen wat, tot den segel, het is ons leedt dat ue vecl

875 1399 2371 188 moeyelijck heden res contreert ontrent desen pachter wil hopen

948 1457 2281 218 dat ue geen schade en sal leyden, te meer omdat het mij

946 1570 2232 276 & brouwerge op uee grondt, door de pachters gestelt is wat

963 1710 2275 236 belanght de ress van den notais nerremans d heer van Hessel

933 1825 2313 253 heeft mij gisteren door mijn broeder don ter hant stillen de rek

955 1969 2267 221 val voors notaris & doen seygen, dat hij de principaelste heeren

927 2067 2217 263 van het stadt huyss daer over geconsulteert heeft, & dat hij mij

946 2225 2247 219 raede die rek te betalen, tgene echter niet doen sal sonder

962 2375 2252 215 ut approbatie ick voele wel, dat bij tattaet daer niets van

944 2461 2314 240 soude gescort worden, & om hem te dwingen tot den hedt sal het

970 2561 2165 259 ons noch gelt scosten, & souden maer uyt gelacken worden

960 2730 2180 219 daerom bidde u positive resolutie te schrijven, ick voor

950 2839 2309 186 mijn deel, soude niet geirne depensens indtiles laten geschreden

953 2960 2202 217 tis ons lief te vernemen, dat ue alle wel varende tijdt &oute

937 3057 2155 256 fillekens sijn fissien wil verobligeert van alle sijne goede

938 3209 2286 190 genegent heden, & affectien, sij sullen het geluck verwaghten

886 3284 2310 258 vn hem met ue & sijne lieve moeder al hier te ontfanghen

955 3407 2218 265 tgene ons oock ven eer pplaisir sal don, ons treschen

930 3530 2306 247 is sedert voorgisteren wederom sieck geworden, dogh hopen van

955 3695 2272 196 geen quaedt gevolgh sal wesen, middelertijdt versoecke van onte

912 3841 2351 172 complimenten al hier te ceecepteren, als mede men rouwn. liefte

935 3901 2244 230 pueij heer ue broeder, & fissien, als oock die van onse fillen ens

942 4002 2271 275 blijve met presentatie van dienst in alle voorbullende occasien

969 4186 516 149 op rechtelijck

901 4265 2256 227 B. hebbe aen den notaris de vetten betaelt ƒ 1:4 voor de

5800 226 100 131 90

3491 231 1280 148 Copp van den versoghten packt brief

3487 244 2310 241 dier van hessel pretendeert dat wij de helft betalen in de costen

3484 426 1118 163 van de gepasseerde transactie

5133 436 651 169 Ady 17 februr 1734

3376 525 720 160 London Johh Edwards

3491 575 2273 209 us: mij seer aengename van 14 xber 114 pass sijn mij op hun tijdt

3440 717 2310 161 wel ter hant gecomen, met den eersten mijne rek: courant, waer bij

3472 841 2370 195 aen ue p saldo was comende £13:- tvelck alles d'accoordt hebbe

3468 952 2368 185 bevonden, & uke op ni'un rek. alsoo gecrediteert met ue laeste, geiff

3471 1040 2250 210 ue mij advies dat de uijt deelinge der loten van de lotterije der

3464 1184 2240 187 liefdadige corporatie was gedaen, & dat uk: voor mijne 5 loten

3473 1254 2411 215 gekomen hadde van N. 11576 a N. 41580 segge nimero een prietigh

3425 1399 2316 188 duijsent bijf hondet tes en seventigh, tot nu mero een en. vienigh

3465 1514 2332 168 duysent bijf hondert & tachentigh, inslusive, welcke loten, onder ue

3471 1610 2238 205 gelieve te laten berusten, & wil hopen, dat van ue ontrent dit

3458 1743 2354 168 vantuer een goede tijdinge sal versrijgen, ben echter tot nu toe in

3438 1807 2413 230 de engessche lottergen niet geluekigh geweest maer altijdt verloren,

3431 1951 2196 220 & noyt prijs gehadt de lottenge van uytrecht in hollant is mij

3448 2014 2408 266 favorabelder geweest hebbende over &jaeren eenen prijs gehadt van

3460 2185 2362 239 ƒ8000:- & nu in sber pass 1733 ƒ10000:- in gevalle voor mij

3454 2303 2336 208 iets goedts voorsent gelieve te laten weeten, & met verlangen

3451 2434 2385 140 fwenghtende iebt aengename missive tsij p hollant oft ostende

3460 2549 1393 190 blijve naer sier vrindelijcke groetenisse

5030 2576 774 232 Adj 4 meert 1734

3380 2686 456 213 Gdt Coppeuis

3463 2797 2432 172 ck mij altijdt seer aengename van 25 janue lest, op sijn tijdt wel ontfangen

3463 2908 2404 183 met advies, dat het toegesonden hierseel ue wil was ter hant gecomen

3486 3065 2416 158 als mede ue gedachten ontrent de rekeninge van den notans hermans

3476 3116 2452 191 waerom den selven niet betaelt hadde, & mij wel hebben willen vervoegen

3472 3270 2319 191 met ul van ditto notaris te dvingen tot den ledt, hij heft mij

3465 3359 2462 215 over eenige weesken de betalinge not erialijck doen afvragen, & hadde

3460 3496 2419 186 geantwoordt dat bereyt was hem te voldoen mits dowe den cedt

3478 3604 2343 184 over de deugndelijck. heijdt van sijne overgeleverde rek. eenige

3467 3729 2289 199 daghen daer naer is hij gecomen mijnen hujse met een lijn

3468 3827 2355 217 gesieningtie tot mijn laste alleen, twelck aenstonts betaelde, g ter

3470 3964 2421 177 selver tijdt broegh hij, wanneer sijne ick: tot latte het sterfhuys

3468 4075 2399 185 soude betalen, met een groote assuratie waer op hem seyde, dat

3468 4202 2323 222 hij soude seveiren, dat het import van sijne rek: aen hem
