8084 4671
5848 155 113 135 d

3564 220 2336 149 ul doedt seer wel, van tegens den boeckhonder van den hoft cheyse

3564 297 2323 126 bont te ageren, tis sesherlijck dat wij al die wils bedrogen worden

3548 392 2320 185 de instilutie van den selven boec luydt dat het eenen prister sijn

3556 502 2395 129 moedt onder wie den selven moet berutten, & door wil de certificatien

3536 575 2393 226 moeten gegeven worden, den procureur vervlassen, soude ue: daer

3549 692 2339 189 over ten vollen comen informeren daer is mj desen somede Coocke

3532 838 2375 138 nis dat niet te recht en is overcomen, op den hooft theynsboeck

3571 918 2324 205 ait trna Maria verbraken getrouwe met Jan  de longe

3565 1048 2218 157 den cursten boeck & sterfboeck staedt sij Joanna umaria

3551 1116 2306 217 erbraken, huysvrouwe van doons de longe, niet tegenstaende

3539 1222 2317 221 hebben sij te boeck gestelt alle de kinderen van ditto de longe

3535 1356 2373 205 met anna maria verbratiee, sijnde den naem joanna larda

3527 1508 2136 112 en alles standt sonder taet oft dato, in den sieresten boeele

3508 1598 2371 186 H. Bavonis folio sinay, cets mijnen greffier by ue sal comen

3511 1685 2143 203 can ue: daer over breeder mondeliux spressen, wensche ue

3512 1797 2326 194 inschelijck x alle seren & benedictien, in dit coopende nieu iaer

3523 1932 1428 193 met noch veele naer volgende  blijve

5023 1985 869 229 Ady 12 Janu. 1740

3475 2043 358 185 sndt Coppenk

3516 2144 2404 167 ue aengename van 2 deser op sijn tijdt wel ontfanghen, daer uyt met leedt weten verstaen

3498 2291 2420 155 hoe danigh met het lcuresijn gun comodeert hebt geweest, & gisteren heeft dhe pensioncens

3522 2381 2226 169 van hussel, uk messive door ue selfs geschreven aen mij gesonden, wij bij wij

3518 2478 2434 125 vernomen hebben dat ick: begonde te beteren, dogh dat mevrouw ue liefhte eene sware

3513 2599 2368 160 vallinge hadde, de welcke, soo verhopens voor als un sal gepassent sijn, ick hebbe

3524 2685 2392 178 oock seer geincomodiert geweest op de borste dat 2 dagen mijn camer hebbe moeten

3509 2797 2301 126 houden, oock mijn vrouwe in haeren etren, dat eens deels de reden is geweest

3508 2938 2383 140 niet eerder ul brief beantwoorrt shebbe, ten anderen, soo hadde gelast aen den

3494 3011 2356 174 sone van mijnen gresfier moenssens bij ue te gaen, om te seggen, dat ue brief

3502 3113 2358 163 wel ontfanghen habbe, & dat uy: int resten soude in voorderen in gevolge ue

3507 3218 2346 183 versoecke hebbe veele moeyte gehadt, ontrent ue gesondene quitantien, waer van

3498 3344 2344 129 maer een betaelt is, & sende de 3 andera hier nevans terugge misseau hadde

3499 3447 2444 168 geen gelt voor een half jaer, hij sal ul: te paesschen betalen, paulus de suuyt en

3462 3527 2437 170 dis gun half jaer dan schuldigh, sal ue oock tegens paesschen voldoen, dogh bilkin

3510 3695 2377 123 naer dat & heeren gesonden hadde heeft ten lesten geantwoortt dat hij in sijne

3499 3774 2380 142 peruien wijnige neiringe hadde, & dat hij gelt hadde, beter aen broodt soude besteden

3499 3855 2287 185 soo dat die huy shure voor een csjn verlicsie achte, jacques heeft vier stwijvers

3492 3967 1834 160 nt getrocken voor schouw dagen, dit tot hier toe tet naeright

3486 4089 2329 155 het aerdighste is van uwen pachter pieter de laet heeft wel 3 keeren comen

3486 4182 2380 124 suformeren naer ue comte, & als mijnen pieter seyde wat valter soo die wil

3486 4275 2244 182 te vragen, giest gelt, mijn meester heeft vrive, om dat te ontfanghen
