8097 4644
2531 182 626 155 Ady 24 xber 1738

901 189 1048 153 Turnhoudt wed: Guitb: sanen

1043 279 2230 161 ue aengename van 5 deser hebbe op sijn tijdt wel ontfanghen bij welcke

1040 401 2291 135 ue mij seght de leven en dertigh guldens sevint hien stuy vers ghalven, wissel.

1050 506 2199 162 mij sult laten valideren in bekeninge, oock nmet terschering, dat ue mij, soo

1049 603 2187 125 schoonen goedt sat senden, alser iwers bij eenige cooplieden te becomen

1038 711 2224 128 sijn, waet op ter selver tijdt aen mijn voindt ue brief gecomuniceert hebbe

1039 793 2183 160 besomende heden antwoordt dat hij mij voor de refactie op de leste bale

1040 931 2254 121 in gevolge ue brief gedebiteert heeft, voor de ƒ 37:17 ½ voors. even wel toont hij

1030 1017 2270 133 hem noch soo misnoeght, seght tot nu toe, van het pack in questie niet meer

1034 1104 2078 151 als een stuck verkoght heeft, tot t schellingen sterkinde verlies. hij

1010 1205 2233 133 considereert, ingevolge ue schrijven, dat ue int toecomende het alder beste

1022 1331 2223 137 goedt sult leveren, waerom hij mij nu positive ordre geeft van de 100 ps

996 1439 2171 139 bij mijnen voorigen ue genoteert te besorgen, hij heeft sedert ue

1028 1528 2229 145 laeste pack al drij balen gehadt van van wanghal siedt eens wat

1038 1613 2220 189 prespiditie daerom besorght de 100ps. met een particuliere op lettentijdt

1031 1734 2253 160 & heeft ue moeder de faijte begaen, dat soude noch wel eens comen geschieden

1029 1817 2292 158 wie weet waerom, daerom besiedt van stuck tot stuck die ue senden sal

1029 1934 2199 146 dat se fijn & dick vallen, witt & het blouw schoon van couleur, om hem

1031 2053 2193 166 nu te animeren, & siene op dat wanghen niet meer te laeten dencken,

1017 2132 2050 188 sendt dese tijken op ue gemaek, & lelle de stucken wel te besien,

1027 2249 2216 149 ick hebbe ue rekeninge gedebiteert voor de ƒ 37:17½ & als ue: schrijfft

1030 2312 2170 216 ft op mij treckt ue moedt dat selfs onderteelienen, want ick niet ue

1030 2413 2111 231 oeder gan rekeninge houde, waermede naer groeteisse blijven

1291 2555 1369 176 50 ¼ groot lost. 30 smalle „ 20 breede

1879 2667 249 122 20 d.

1293 2674 289 138 208d

1298 2760 811 168 10 ¼ 3 segels10d

1287 2843 839 199 20 ¼d„ 20 d

1901 2893 775 189 30 sulle 20 brets

1229 3024 277 128 100 ps

2632 2923 524 253 Adij 25d

893 3045 486 204 Gendt Coppens

1045 3177 2279 188 referrere mij aen mijnen laesten, 11 deses sedert geene van ue aengescam

1027 3273 2286 158 ontfanghen deser dan alleenelijck om ue hier nevens terugge te senden

1026 3419 2316 170 us qodtantie van tevee pouden grootuy ten laste lambertus van poppry

1023 3523 2275 182 voor de resterende 3 maenden huys hure vers. bafmuesse 233 ditto van

1019 3639 2190 183 pqpel wilde af trecken, ƒ 4:1 voor 20 eninck & vier t: Scauw

1038 3737 2184 179 vayu, & alsoo ue daer van gene de minte mentie en maeckt in de

1042 3838 2166 182 quittantie nochte in ue vooige missive soo hebbe het gelt niet willen

1036 3949 2245 173 ontfanghen & geruden gevonden de quitantie weder te senden ue can

1035 4079 2161 122 mij een ander senden, oft wachten tot ue over conmste, middelertijdt

1022 4185 2181 181 gelieft op ue boeckeeien aen te teekenen, dat ick dese qpoitantie

1039 4265 2136 194 weder gesonden hebbe, om ulen a buysen te rescontreren

3477 201 603 131 onsen ioetsier &

5099 190 817 166 Adij 25 sber 1738 31

3387 275 712 147 brussel Jan B. de vos

3455 361 2411 168 ick hebbe ue missive van 13 deser op sijn tijdt wel ontfanghen daer bij het

3477 489 2266 156 bladt dat manqueerde in den boeck van ristijn, hebben den selveene

3484 583 2393 176 noch hier gehouden, in de gedachten sijnde dat ue oock soude sonnen vinden

3485 673 2356 190 het afdrnicke sel oft plate die noch is in den selven manqueert a ƒ:90

3478 814 2414 132 sijnde corenge genaemt ende a ƒ. 92 de waping van Joannes stassart

3470 914 2383 174 die men daer op seer gevoeckelijck souden connen doen placken, twijfele

3482 1056 2423 135 niet oft dh: veroussen heeft ue daer over geloreven & den marchionaet

3492 1140 2375 140 aen u weder gesonden. wat belanght dan theetre saere in 3 tooneery

3480 1252 2433 141 ingevalle die gebonden sijn gelijck die 6 boecken van sanden die van

3470 1346 2402 151 ul gescoght hebbe, niet gebonden, & het werrsi van den selven bant die

3485 1427 2319 138 u mischien noch indachtigh is, wilt ue die over senden sal die

3475 1533 2439 150 behouden soo de selve van den selven bant, & maniere gebonden sijn

3479 1651 2429 134 sust egael aen dandere, om dat het gelijck een werrke is, dhe verdussen

3479 1779 2396 113 sege mij dat ick staelt over te comen, ue soude de boecken omen

3475 1858 2297 190 mede brengen, & als die niet en souden sijn gevonden gelijck de

3475 1979 2365 178 andere, waeren maer weder te dragen & van eenen in albis te

3475 2085 2140 184 laeten binden, gelijck mijnen landerus is tot gouverno

5414 2200 74 73 6

3377 2179 689 158 London Will: tatnall

5100 2200 699 182 Aeij 8: gber 1738

3472 2307 2393 193 J'ay receu l'honneur de la vre du 9 passe, &1B. avec vre ordre positive pour

3473 2411 2343 190 les 100 ps: cotils ordonne p vre derniere, les quelles j'ay dja reccu de mon

3475 2535 2332 185 ouvrier qui me marque que ce sont tous des pieces choisies, & si en cas

3478 2604 2393 204 celles cy, ne vous donnant du contentement, qu'il est in capable de faire

3450 2733 2410 199 des melieurs ie les pacteray au plustost, mais il serao bien encor 8jours

3466 2820 2442 160 avant que le chariot de bruges arrivera icy, ie vous envoyeray en tems

3455 2950 2414 192 la facture & connossement. de procureray le requis de vre remise de

3452 3053 2398 201 £100:- a 35:9 tirez p robert dillon & comp. a la charge de will:

3452 3158 2418 203 archdeacon a bruges, payable dans anvoir, vous ayant credite entre

3455 3291 2430 186 tanpe pour ƒ37:4 ½ pour tous les domages & refaction ds ballot N79

3469 3391 2181 220 vous priant de le noter de conformite & me croire que la suid

3377 3523 631 180 Brussel Jan B. de Vos

5050 3537 675 194 Adij 3 gber 1738

3392 3682 2504 192 1 ae aengename Jan 31 pass. gisteren eerst ontfanghen, daer bij de twee plaeten die

3473 3761 2367 208 in corttijn manqueren, dat nu wel is, dogh ue moedt dien iets minder laeten

3460 3863 2450 211 as 20 goldens, om dat het eenen gelapten boeck is. wat aengaer den theatre saere

3449 3999 2458 199 om den selven te binden gelijck van sanderus soo sende aen ue hier ingesloten

3453 4090 2400 209 de mate van de leingde, ende breede, op de coffesone gemeten, boven dien

3449 4200 2465 238 een gerecende Crabbelingh, soo van den nigh als van het plat de ruggt
