8091 4644
1043 218 2231 159 hoyt soude verloren gaen, onder ons geseydt ingevalle de heeren

1032 322 2262 120 Jan het hoost collegie niet genegen sijn ul doen, sal ick de salke

1034 436 2247 160 gaen beginnen, daerom moet ue absoluet naer t nicolas gaen

999 539 2298 154 artrachten deen oft dander te weeten, & in gevalle sij niets sullen

1037 617 2244 152 doen moet ul de ordginele attestatien wederom sien te becomen

1043 735 2235 125 om ons daer van te bedienen den gouverneur heeft de revisie

1039 827 2212 162 van het proces tegens den heere de wit verloren waer door

1033 946 2261 145 hij totabiter is gernincert soo dat hij als ijdt seer hoengerigh sal

1026 1050 2267 177 sijn & de nuwoonders dapper persen, tgene oock wl eens aen

1045 1183 2222 134 moente voorgehouden worden want tis een sake van de

1018 1280 2142 199 grootere aengelegentijdt derhalven doet alle mogelijcke

972 1414 2202 200 devoiren sonder uytstel, om het eynde te hebben van de

1025 1536 1967 204 heeren van het hoot sollegie & geeft aen mij advies sij

1021 1628 1980 255 schreftelijck ofte mendeliur sende slattene & blijve

1018 1748 2167 246 P:geeft dingeslote memooie aen borgemeester verstraten

1040 1928 552 156 devouden

2477 1896 681 215 Ady 18 april 1736

894 2045 829 166 swijndrecht Vae Esbeeck

1057 2066 2229 246 hebbe al in afwaghtinge geweest dat ul. het jaer packt van de saght

1053 2240 2214 216 verschenen kersenisse laest gepasseert soude hebben comen betalen,

1034 2365 2234 199 dogh van ul niets vernomen comende bij desen ul vriidelijck

1054 2475 2189 206 versoecken, van niet lansg uyt te stellen, & als ul over cont

1033 2649 2192 158 soo versoeckke uls tot de vrindeljcke portie snomens aen mijn

1042 2726 2101 202 tatel, ick hebbe noch soo vel werck op mijnen buuyten, hef,

1026 2858 2168 178 dat den tijdt niet hebbe, van eens naer twijndrecht e comen

1041 2963 1977 215 ul: dan hier verwaghtende blijve naer groetenisse

2702 3070 497 199 Adij 18

863 3111 896 192 swijnd recht den balliue

1046 3220 2201 214 alsoo op mij gedevolveert is den besten pant van magdaleun

1025 3340 2181 227 van steen aesier huysvrouwe van Joos liitterck, & dat met

1033 3484 2165 204 den selven niet aelorderen en ca hebbende de gepresene

1041 3608 2092 184 sewerte blaedere coeybeeste aen hem gelaten voor ƒ20:-

1022 3700 2152 220 & wilde naer ƒ12:- geven soo gelieft soo goedt te sijn,

1040 3847 2247 216 van de selve met suegelaer & raes die se gesloten & gepresen

1044 3958 2194 229 hebben af te haelen desen dagh, alsoo hij se niet langer

1039 4104 2045 182 wilt houden, & de selve by ue oft by jemant anders

1030 4219 2187 211 bettellen voor de baete, tot vrijdagh, & laet die dan door

3497 244 2393 157 van overgebroght worden, ingesloten een briefie voor LE van 8 sbeeck

3487 339 2369 115 om versoeck van betalinge vant dat packt van de pacht vens

3495 406 2277 211 iertemisse laest twelcke hem gelieft te laeten behandighel

3488 546 2248 178 twelck doende blijve naer seer vrindelycke groetenisse

5106 663 688 183 Adj 6 Juny 1736

3397 649 1126 206 brugge wed. laurence Van rentergen

3478 749 2456 211 beijde ue: seer aengename van 15 mars & 28 pass op hien tijdt wel ontfangen

3501 893 2411 153 met den certten lognossement &oncost rek. op het pack N.74. waer vooren

3501 1009 2425 156 ue is gecrediteert in £2:13:1 en biy den laetten eene Notitie van de packen

3471 1095 2426 183 N 64 tt 31 waer van de incosten te samen beloopen in courant gelt

3474 1214 2374 127 £27:8:5 et welcke somme ue p assignatie op mij getrocken hadde

3479 1308 2250 153 te betalen aen schipper lucas trrrobant die ter presentatie met

3490 1438 2438 175 intreckinge van syne quitantie promt betaelt hebbe, & ue rck daer voor

3486 1519 2365 209 gedebitert & gesaldeert. het heeft mij veel plaisir gedaen dat ue van

3477 1639 2437 187 d'occasie hebt geprofiteert van te trecken, alsoo hier doccasie niet en

3467 1747 2419 193 con vinden van soo danige bagatelle te comm remitteren, dit sijnde

3471 1857 2171 201 het noodige deses & blijve naer seer minsame groetenissen

5047 1971 774 205 Ady 8 Juny 1736

3379 1993 571 192 Millcle moensseus

3487 2128 2432 184 alsoo mij gepresenteert wort eene rente op het doop van t.Hmants & dat

3470 2248 2317 166 met inclineren soude die de aeveerden ingevalle het selve dorp in

3480 2340 2417 190 guden staet waere tyene mj inbekent is soo some & desen ue versoecken

3431 2450 2370 150 ven sigh & my sent te willen informeren, by deen of dander oft die

3473 2571 2329 185 procise un goeden staet & reputatie is, & of de selve wel gerequert

3473 2697 2444 151 wordt om mij vervolgens te reguleren voorders hadde heden verwaght

3472 2815 2422 118 van ul te vernemen wat antwoordt ue gehadt heeft van esbeke

3478 2914 2322 188 & wat ul daer ontrent gedaen heeft sijnde seer curieus om het

3465 3021 2428 197 gevolgh van sijne gedaghte te sien, versoeckente een lettersien

3466 3179 2277 183 antwoordt ontrent allut voors & blijve naer groetenisse

3404 3254 473 212 Gendt Coppens

5067 3283 720 200 Ady 15 Juny 1736

3479 3395 1492 241 beautewoort de brieven Van 6 mey & 12 deser

3486 3523 2338 208 congeliment over de slacke van fisien & van hem bedanckt over te

3470 3693 2353 142 comn in dese conquncture het present vant huys gepresenteert

3479 3778 2383 177 te senden & in afwaghtinge t verneme de beternisse van fils
