8084 4692
970 238 2336 137 s00 moeten omen goet weet hoo dat alles in deses tijdts coniecture

1006 335 2294 147 sigh soeghen sal hebbe gesien in dhollantsche gasetten, dat de

1011 471 2281 126 cuytsee comp.  uyt deelen sal voor  verballew 25 sper 1730

1025 536 2263 185 dat daer van is, sal bij tijde van ue ver waghten te vernemen,

1022 666 1865 183 middeletijdt blijve naer seer miusame groetenisse

2503 770 655 160 Ady 4 mey 1711

862 779 508 183 Gendt Coppens

1033 878 2254 157 referrere mij aen mijnn voorigen dan 6 deser gisteren sijn de gelod.

1004 979 2168 197 frenien thuys recomen, & hebbe de selve gisteren avont bestelt

1007 1067 2166 213 en huijse van den factenr, in een packie met ue adves ende

1016 1164 2159 199 al noch gewerckt e T C. oock het dooisie mp de selve weijse

1031 1277 2182 134 particculier alsoo sulx ons door de brenghtter gerecomandeert

1032 1394 2051 143 was, dit goedt if desen morgent vertrocken met Jan de smet

1037 1493 2150 191 voor m an van gent op antwerpen, soo dat niet twijfelen

1027 1622 2209 156 oft sult het selve desen avont ont fauquee hebbe & hebbe daer

1010 1741 967 171 vooren betaelt als volght

1116 1765 1999 239 60 ellen wit breede seyde gallon a 4 st: delle . £13:10

1072 1906 2064 196 120 ellen wit smal seyde vallon a 2½ p delle  ƒ„15:-

1142 1984 1997 238 5 gelle wit seyde gedobelde frane & 26 st: d'elle . „ 6:16½

2226 2102 941 157 in corant gelt ƒ 35:6-

1106 2217 2054 184 noch verschooten aen het cassien voort fluweel „-:14

2301 2287 907 188 samen ƒ 56:0:

1042 2432 2180 157 dogh alsoo op de rek. van de galonnen afgetrocken hebbe 6½ st

1025 2549 2238 171 soo blijve iust ƒ35:14: contant sijnde in wisselgelde £5:2:0:

1034 2650 2243 137 waer vooren ue: vk: gedebiteert hebbe, versoeckende tselve benevens

1041 2753 2171 202 mij aen te teckene waer mede naer onse ord: compliment

1044 2896 713 180 blijve in haelte

2506 2898 709 181 Ady 13 July 1721

863 3027 827 162 Gent advoiart Basilius

1034 3065 2226 244 ue mij seer geestimeerde Jan 4 junij 1740 op sijn tijdt wel ontfanghten

1019 3196 2183 209 daer benevens het opgestelde tequest tot het recouvreren vant better

1013 3315 2243 188 hoeft, waer mede imt cort de luyden tot reden gebroght hebbe, blijvende

1026 3435 1323 153 us: danckbaer voor de goede instouctie

1015 3490 2228 226 tn hebben wij een swaerder as voor handen, rakende de prochie

1003 3638 2224 179 de heeren dant hoost collegie hebben mijne prochie altijdt een mees

998 3756 2207 144 langen tijdt, gequotiseert in de latten den ieure van de landen

1020 3855 2215 191 van waes alleen regarderende, & soo lange als ick heere geweest

1029 3974 2169 141 hebbe, hebbe daer tegens hooven murmiereren, tis oock waer,

1023 4076 2260 201 als wanneer den heere haedt peijsce de generale rekeningen van

1031 4192 2180 176 den lande, heeft comen aenhooren, dat hij braeghde, wel hoe comp

3533 219 2386 148 swijndrecht hier inne te contribueren, nimant weet om wat reden te me

3524 325 2388 130 om dat swijndrecht & cruijbesie in den derden article van d'eerte ibriqu

3540 400 2379 133 worden uytgesteken, voor bassaelrijen, van den heure, & Cruybehe betaelt

3538 488 2042 164 niets in de lasten Jan den ieure, tgene ous tremt dunckt

3523 575 2284 186 ouben ontfanger gelt dragende naer st. Nicolas Voor dordinaire

3508 656 2396 203 subsidie wirdt hem oock gevraeght de penningen den heure rakende

3520 793 2403 116 hij niet bodt sijnde, seyde sonder meer wel mijn heer moet onse prochie

3503 890 2412 136 dat oock betalen waer over wat gemordt wirdt dit sijnde nu 6 maenden

3501 1020 2379 176 geleden, & is sedert daer over niet gemaendt geweest galsoo wij ons

3531 1140 2370 152 wel gaerne soude ontlaten Jan die contoibutie, waer het doenelijck

3507 1234 2409 128 soo mene de libertijdt van aen ul: hier benevens toe te senden eene

3488 1351 2373 165 casus positie versoeckende de sake eens rijpelijck te overleggen,

3500 1459 2360 163 & ul advies, schriftelijck daer op te stellen, het waer een gewenste

3510 1549 2204 157 sake, dat wij ons daer buyten londen houden want het beloopt

3498 1674 2416 155 jaerelijckx noch al veel, voor de prochie wij weeten wel, dat wij

3503 1780 2355 184 sonder proces, daer niet van geraken sullen, tjene geirne willen

3514 1867 2400 149 uyttien, in gevalle wij gefondeert sijn biddende van ue advies, mj

3490 1995 2435 134 over te senden soo haest mogelijck want sijn bevreest voor sommatie

3487 2116 2432 169 het geluck van ue antwoordt te gemoet siende, blijve met veel respect

3441 2197 2477 182 antighe fransus verhaeghen meulder op ryckcloosche meulen Adij 31 gulij 1711

3461 2330 2459 214 dalsoo ue mij op 29 mej 1239 betaelt hebt een jaer intrest van de vente

3490 2441 2420 232 die ick ben hebbende tot laste michiel vols & maria verhaegen sijne

3490 2571 2433 213 overledene huysvrouwe ul luster saliger met versoeck van mij bij ul

3477 2705 2288 177 te addresseren int toecomende, oock met geloste, dat ue soude

3482 2770 2436 247 oppassen, van de imerelijcksche croisen promt te betalen, waer aen

3496 2925 2418 195 ick ik mora sijdt gebleven, vermijs tot nu toe daer niets van

3486 3038 2435 223 gecomen is, ten nu wederom over de twee saeven ten achteren

3450 3133 2386 242 qniwant peit om miy te comen betalen, waer om ue dese

3475 3252 2368 226 schrijve, & sal dienen tot vermaninge dat engevalle int cont

3460 3393 2410 163 deen betalinge besome, verobligeert sal sijn andere middelen

3448 3527 2417 177 bte gebruycken, dit tot ue naeright & blijve naer groetemisse

3440 3600 1006 211 Braught Jh Gan saeker schouthet

5230 3666 596 211 Adij 4 ug 1741

3471 3746 2440 230 hadde al in afwaghtinge geweest, dat de borgencesters mij ten minsten een daer

3453 3879 2357 163 crvis van mijne vente op us prochie, soude comen betalen, dogh tot nu toe

3489 3983 2401 214 innmant vernomen, bene verachtert sedert 15 sber 1738 sijnde 2 jaeres en

3465 4099 2445 206 bij de 10 maenden, dat al te wijdt loopt waerom al: seer vrindelyck versoecke

3473 4192 2389 161 van de borgemcestert daer over te vermanen, op dat twee jaeren intrest
