8097 4651
1075 203 2229 146 sien toecomenden srturdagh oft sondagh, met het gelt van den 18 peaniinck

1090 286 2156 122 vant verkoght lant doorsmatia van mighen, als mede dat van den

1077 367 2214 195 verkoghten cost van Coppians, om elles conform aen te teestenen ick

1078 486 2211 186 hooren niets vant gedaen arrest op de pretentie van Coppians die casie

1080 573 2253 169 moet vervolght worden, gelieft buyt mijnen name den ballin te belasten

1063 736 2268 125 van de 3 kerese geboden & doen tot het houden van den sitdagh over den

1043 800 2181 163 Cheijnsboeck op 21 deser, derden tersdagh, & alsoo het tijdt is dat de

1057 890 2202 215 versooninge geschiedt van den Capriyn van de troencke boonen soo

1044 1006 2240 206 stellt daer aft cens de conditien op & laet daer over oock eerck geboden

1061 1141 2199 203 geschieden soo wel tot burckt als swijndrecht, & den dagh te fisteren

1027 1269 2251 147 op 28 deser als wanneer daer bij sal connen sijn emmers versoecke

1062 1361 2188 203 van op toecomenden saturdagh over te comen, om over ullek voorsers

1066 1501 2060 185 te resolveren & onse saliel taet het oudt jaer te hetfnen

1060 1604 841 191 blijv naer groetenissel

2433 1614 714 208 Ady 14 xber 1736

882 1709 823 175 Turnhoudt uild: Sanelk

1076 1785 2175 257 referrere mij aen mijnen Voorighen van 3 courant sedert dan ue niets

1063 1920 2173 197 vernomen, eghter hadde gewenst dat ue op mij het slot van rek. hadde

1063 2067 2136 202 getrocken, tgene noch bersoecke, benevens het pmport van 60 stucken

1016 2196 2253 155 tijken c groot loit te weeten 10 smalle & s0 breede strepn die p eerste

1059 2294 2214 163 mij gelieve toe te senden, oin dit jaer de selve noch te connen versenten

1049 2414 2169 196 dogh van het alder beste goedt liever wat patientie als sleght goedt te

1055 2525 2226 159 senden, om mijn vrindt aen te moedighen voor het toecomende jaer tot

1053 2668 521 151 groot partijen

1017 2668 2257 249 voorders nevrouw seght dat sij eenige tijken noodigh heeft voor onte

1055 2852 2224 155 bedden, eygen gebruych, daerom versoecke van 2 a 3 ¼ 3 segels smalle

1060 2959 2187 155 treper partieulier & laten maken, & hope, dat ue daer over een

1070 3074 2250 177 partieulier aght sult nemen & sendt mij de selve toe, soo haest gemaeckt

1041 3206 1465 195 sullen wesen blijve naer groetenisse

2557 3202 637 205 London Ady 29 xber

903 3311 682 168 London John Edwards

1063 3345 2211 260 ul: aengename Jan 29 pass 8:3. wel ontfanghen, daer by notitie van de

1054 3519 2109 184 ontfangene intresten & dividenten Jan luijne fondtien in engeland

1046 3648 1606 182 maer vvorw ne: ik: is gedebiteert te weeten

1023 3699 2293 242 Jan mijne £1000: orde p anuities verballen 24 iuny a 2 £20:0:0

2428 3846 886 175 24 d . 1 ½ . 3:10:3

1042 3885 1110 119 van „ 234:7:673 aetden

1038 3956 2280 201 Van . „2000:- banck tetien vens. 29 sber .a 2  55:0:0

2390 4073 902 190 29 da2 „ 20:0:0

1047 4077 951 136 an „1000  quiitie

2434 4214 885 242 smen ƒ141:0:1

3504 213 2446 172 bevinde mede een extract van de rek courant met d de Lannoy de

3505 308 2444 191 swijndrecht waer bij aen de erfgenamen is comende £9:2 p waer vooren

3502 409 2407 195 ue mede op onse rek: gedebiteert hebbe, & al soo de boecken onder mij

3499 535 2408 208 sijn berustende sal alles conform doen noteren, & hebbe het sterfhays

3500 629 1368 189 voor de voors £9:2 p gecrediteert.

3514 702 2406 234 uke remise van sp £100: a 35:107 ten laste gerard van Wanghee

3509 856 2339 216 is geaccepteert, & werdt us: ick bij tijde voor des selfs waerde

3481 1007 2356 184 gbrediteert. versoecke van mijne ick: courant mij toe te senden,

3457 1089 2370 249 & de selve aforaghtende, blijve met toewenschinge van alle heijl

3507 1191 2170 271 en segen in net aenstaende niene jaer Adij 4 janu. 173

3426 1313 744 189 Turnhoudt Swild: Sanen

3506 1426 2346 247 el: briet Jan gisteren is mij wil behandight benevens de twee capuy nen

3511 1557 2359 159 in een mandesien, twelck aen ul met desen weder sende, en bedancke ul

3493 1675 2308 206 hertelijck voor het present de tijken voor mevrouw presseren soo niet

3488 1755 2340 170 dogh recomandere vand jets particulier te senden, alsoo die sijn voor

3508 1906 2346 187 iggen gebruyck & versoecke van te trecken tgene ul is somende porck

3856 1971 170 88 dse

4166 1982 125 73 1 ely

4042 1985 120 71 1roy

3494 1979 2298 141 & blijve naer uls gewenst te hebben in dit begonnen niene jaer alle

3482 2112 2441 198 bedenckelijcke benedictien, des hemens gelijck merrouw mijn liefste mede

3515 2192 1138 174 is doende, & groete uls van herten

5124 2219 726 221 Ady 12 janu 1737

3384 2310 1183 158 Brugge wed: Caurence Van rentergen

3478 2396 2373 220 beyde ue: seer aengename van 4 & 9 sber van den gepasseerden jaere 1736

3498 2533 2366 179 op hun tijdt wel ontfanghan met den laetten rekeninge cognossement van het

3491 2692 2320 152 pack B.N.23. bedragende £3:3:8 en waer vooren ue resk is gesteditert

3486 2783 2416 140 desen tot advies als dat op heden aen ue toesende p voerman dobbelere een

3478 2891 2326 208 ander pack gemerckt .N. 34 inhoudende lettigh ps: tijken, twelck alsoo

3476 3031 2345 186 gelieve te verclaeren, ende  eerste vertoeckende schip op londen te versenden

3446 3123 2380 179 & aen mij cito mogelijck het cognossement benevens de notitie van oncosten

3488 3269 2412 150 opt selve gevesen, twelck afwaghtende blijve naer ue gewenst te hebben in dit

3493 3379 2388 212 regonnen niuu jaer, alle bedenckelijckx bandictien dis alderhoogetten, & groete ue

3491 3441 351 129 van heten

3476 3555 2299 235 gelieve het selve pack te consigneren aen dheeren sohn dat well & son

3394 3667 803 193 London John tatuall & son

5187 3702 661 179 Ady 12 janu. 1733

3471 3784 2332 235 J'ay dilayez a respondre a l'honneur de la vre du 26 gber de lanne passe

3471 3919 2368 179 par ce que les festes de nouelles, nous out empesche de faire la moindre chose,

3488 4010 2291 199 ie vous informe dont p cette, que vre ordre pour 60 cotilt  gread leads est

3497 4120 2382 218 exccute, les ayant pacte le 8 du courant, & ils partent aujourdhuy pour

3487 4246 2369 202 bruyes, pour y estre embarque sur londres, dabord que ie receveray le
