7817 4685
2487 201 735 158 Ady 16 . 1730

721 189 713 179 Londen Satuall

930 256 2311 199 ie me referre a celle que ie me suis donne l'honneur de vous

919 438 2303 162 escrire le 5 court: depuis ie recois lagreable vre du 31 passe,

899 544 2253 176 estant pour responce, que vre ordre donne vous 120 dichs

910 634 2235 160 estoit effectue, avant la reception de vre preditte lettre

875 757 2290 129 & le baslot est partie dicy pour bruges les 13 courant dont

884 887 2213 184 jattend a tout moment d'apprendre son arrive, & ie vous

897 977 2369 160 envoyeraz le cognossement aiec la facture au plustoit possible

897 1125 2323 171 ainsy mons. vous pouvez juge, que vre derniere ordre est

909 1182 2325 220 venne trop tard, porr le nouvoir executer, si vous souhaite

900 1315 2254 174 deresnavant de ces very smalest strips ies vous prie de

910 1424 2285 162 m'envoye des eschantillions pour les faire faire de

880 1558 1676 204 conformite, estant toujours tres sincerement

2618 1604 605 252 Ady 23 auy 1730

736 1706 712 188 London John Bathall

909 1809 2357 164 ie me referre ce celle que ie me suis donne l'honneur de vous escrire le

911 1956 2339 140 16 court depuis sans auqune vre la presente ne servira dont que

902 2056 2329 209 pour vous envoyer lincluse facture d'un ballot de cent & vingt ps.

876 2181 2149 176 de tieses, portant ensemble en argent de change ƒ1214:16 ½¼

921 2305 2167 194 estant charge, dans le battean de richard boad ford qui est

922 2400 2307 216 partie de bruges pour estende avec dessin de faite le voyage

882 2511 2333 228 de londres &ll premier vend favorable, diun ie consene j' vous

913 2655 2283 198 lauste recevoir le ballot bien conditione ne doutant point que

892 2760 2339 216 vous seray tres content, si bien de la qualite des marchandises

900 2878 2292 218 que du prix, & sil y at dautres choses ou ie vous puis vendre

908 3010 2127 206 service comandez celuy qui at l'honneur d'estre

2641 3135 639 207 Adij 26 aug: 1730

748 3133 870 227 London Sauwel Swinfen

906 3279 2339 201 J'ay receu en son temps l'honneur de la vre du 20 passe mois. V.D

913 3383 2342 176 la quelle jay apris que le gouvernement at trouve a propos de payer

900 3529 2317 160 byn sent en diuminution du Cepital de la comp. du sud a la H. Jan

901 3629 2369 207 dernier de mesme 2 e pour le divident dontef cy donne part a

912 3735 2348 191 mes freres depuis mon frere piere melijn, m a comeieque la lettre

888 3836 2373 186 que vous avez escrit depuis & pour y satisfaire ie vous envoye cy

893 3995 2348 183 joint mon assignation sur le S. lochyer, pour recevoir le six p cent

888 4127 2294 127 du capital de mes mille livres sterlinx que j'ay dans la ditte

905 4210 2176 192 comp du sud, vous priant de les faire recevoir, & m'en crediter

915 4309 2305 144 pour  £60:- & comme l'annerois bien mes mille livres dans

3480 197 2464 133 la ditte comp. complete, & quil ne me resteroit en capital que £940:-:

3500 289 2421 133 ie vous prie d'achetter pour mon compte les soisante livres qui me

3477 409 2409 159 seront rembourse, dans la ditte comp. du sud, & les faire mettre sur

3482 490 2391 137 mon nom, afin que ie resterois crediteur de la ditte comp. pour

3483 596 2440 188 mille livres sterlinx coutre comme ie n'aij que six cent livres

3478 727 2440 162 sterliux Capital en annoities ie vous prie d'achetter encor pour

3475 802 2422 215 mon compte quatre cent livres sterlinx ples faire mettre sur mon

3477 935 2410 185 nom, a fin que ie puis avoir, pour mille livres sterliunx Capital

3467 1028 2465 197 en amsdities, & comme vous n'avez point la provision en cause

3487 1127 2373 198 vous pouvez tirer sur moy la somme necessaire a courte idurs

3491 1234 2417 210 pour prefiter du change, & ae ferray tout honneur a vos traittes

3496 1355 2336 187 vous priant de le faire au plustois afin que ie puis prefeter

3485 1477 2274 129 le divident du dit capital, qui je doit faire le 29 sbere

3495 1603 2456 142 prochain & En attendant l'honneur de vre responce & ce que

3485 1735 2443 149 vous auray effectue, si bien de l'un, que de lautre il me dit

3465 1828 701 133 tres sincerement

3486 1923 2425 167 ie vous prie de me marquer aussij si vous avez reccu

3493 2062 2483 146 le divident de mes anmnuities presentement en Capital £600:-

3498 2114 2471 230 es chue le 25 mars passe, pour pouvoir l'anneter de conformite

4026 2231 1375 245 Copiye Van de gesondene assignatie

3515 2383 155 160 sir

3445 2477 2480 200 Pray Pay to M. Lamwel Swinfen, list pounds percent on the

3477 2666 2437 160 sidm, of thousand pounds being all the sholk strading in my name

3478 2729 2474 215 in the booses of the south bea Company on the 24 day of sune

3476 2855 2464 207 last, wich I acknowledge toe beson discharge & annihilation

3472 3041 2471 149 of somuch of my saidstock from that dely, & this shall be

3467 3095 2385 200 your sufficient Narrant antwerp the twentie six day

3479 3237 2075 159 of august thousand seven hundred & chirtie

3523 3403 331 154 30 F

3496 3486 944 238 Charles Sochijer 11

3476 3637 950 185 accomptant to the

3481 3778 919 175 south sea Company
