8104 4637
1048 197 2235 125 Cognossement ie vous l'envoyeray avec la facture. J'ay este oblige de

1057 318 2199 142 prendre une piece de toil de 23 aunes, n'ayant point de 66 a les

1044 394 2212 133 quelles ont trouve ravement, cependant ie ne doute pas, que vous en

1040 500 2239 183 seray tres contant tant de la qualite, que du prix de 12 pattars

1037 622 2242 176 l'aune, comme ie ne trouve point l'cccasion de tirer sur vos graces

1040 725 1643 143 la somme requise, ie vous prie de me remettr

1047 794 2149 178 il est bien, que vous avez trouve vre comte courant accordant, & que vous

1068 963 2157 155 m'avez credite a compte nouveau pour ƒ179:16, ce qui regarde van

1044 1068 2148 161 wanghen, il montre p ces escrits, qu'il a peu de jugement jaurois

1041 1116 2156 232 pourtant bien sounaites, que cela n'auroit point sur venue sur

1058 1268 2222 179 tout a mon egard, j'ay fait tout ce que j'ay pue pour vous de domager

1038 1336 2155 212 & ie craiqne, que ie ne seray pas cito quitte des peaux des veaux

1048 1493 1600 181 n'en ayant pas encor vendue, un sul paeu. 11

1043 1569 2116 180 mons: sijauserois vous prier, pour m'envoyer un aunse de la

1028 1685 2119 196 semence des choux fleurs, vous me feriez un grand plaisir,

1057 1778 2145 215 mais il faut faire reflexton, qu elle soit plus grosse de graies

1042 1884 2250 221 que la derniere car il y en a peu, qui sont venue en parfaint son,

1030 2002 2182 220 ie vois qu'elle estoit trop vielle, cependant ils doivent estre de

1034 2146 2226 137 deux annee vien, si vous voulez bien prendre la peine, pour me

1039 2247 2111 215 le procurer, ie vous prie de porter l'importance ea mon compte

1019 2342 2258 222 & me le marquer pour vous en crediter. ie vous souhaite dans cette

1046 2480 2146 177 année nouvelle, toutes sortes des benedscrdont du siel, sudvire

994 2568 2081 208 des nombres d'autres & suis avec offres de mes servces tres

1056 2751 398 111 sincerement

2488 2711 689 202 Ady 15 janu. 1737

908 2826 489 186 sendt Coppens

1038 2868 2140 213 us: ons seer aengename 10 deses wel ontfangheen daer by verstaen

1034 3023 1235 190 ue goede & gelochige thuys comste

1038 3099 2216 217 wat aengaet de penningen onder den heere van den Cruysse ick ben ten

1017 3226 2216 184 dien regarde, voor u paert tot ue dienste dogh wat de rest aengaet

1046 3342 1708 171 wille mij daer niet mede bemoeyen tot ice: naeright

1015 3457 2276 174 de seyde gallonnen sijn inde maeck & sullen int eijnde van de toecomende

1038 3554 2142 188 wesie gedaen sijn, sij sijn veraccordeert voor de breede gaeconnen

1010 3697 2226 126 a 22 st: p dolijn & de smalle a 18 t: p dosijn sullen de p sant

1029 3781 2203 177 aen ue toesenden, & twijfle niet ofte het satsoen sal aen ma sou

1034 3899 1602 185 beter aenstan, als haer gesonden patroon

5159 208 785 150 Ady 23 janu 17370

3395 204 879 159 London John tatuall & son

5830 314 112 93 22

3522 326 2371 128 ie me referre a celle que ie me suis donné l'honneur de vous escrire le 12

3511 413 2323 138 du courant depuis sans auqune de vos nouvelles celle ne servire dont que

3519 516 2366 169 pur vous envoyer l'incluse facture & cognossement d'un balot NA

3519 607 2326 188 contenaut 60 ps. cotiss montant en semble ƒ192:5:6 ettant charge

3522 707 2414 129 dans le bateau de tichard frad ford qui partira cette semaine pour ottende

3531 811 2417 184 pour y attendre le vend favorable pour faire sonvoyage de londres, dieu le

3510 925 2429 171 Conterre, & vous laisse recevoir le dit ballot bien conditione esperant que

3512 1008 2263 170 porcassons se presentera pour me donner des ordres plus importantes

3500 1124 1788 191 &layez persuadez que ie seray toujours avec & elce

5145 1237 737 189 Ady 25 janu 1737

3405 1284 1060 161 Brecht Tan sacker Schouteth

3512 1370 2422 226 ue missive van 9 xber 1736 wil ontfanghen dien volgens hebbe in

3522 1506 2416 229 verwaghtinge geweest dat ue borgeneetters ontrent eerremisse gepassat

3505 1627 2420 233 mij soiden hebben comen betalen tgene tot nu toe niet en is geschiedt

3483 1788 2426 199 & terwijlen de prochie my ni over de dry jaeren crois seder 15 sber

3500 1907 2393 218 schuldigh is, & dat geen gelt become soo moet niet qualijck nemen

3511 2024 2416 215 als dat ul: op een ander maniere sal comen vermaenen dienende

3472 2164 2217 200 den tot de laette advestentie & tot gouverno blijvende

3422 2280 519 175 Rijsel de Lannoy

5205 2311 441 175 Ady 26d

3489 2359 2377 239 J'ay receu l'honneur de la vre du 22 court: y joint deux lettre de change

3504 2534 2317 195 payable a bruxelles p mons. nettine, d'une tirez de lux embourgh le 16

3505 2626 2406 176 aoust dernier, a 3 jours de veu, pour la somme de deux mil deux cest

3495 2718 2368 226 florins de change de brabant l'autre tirez du mesme sieu le 3 courant

3493 2803 2270 230 a 4 jours de veu de cincq cent escus courant, ou ƒ1406:- courant de

3488 2922 2445 233 lutem bourgh, faisant en argent de change de bratant comme vous me le

3500 3075 2419 203 marque, ovize cent florins, ie crois que vous este abuse, par ce que ie

3493 3139 2385 242 me suis informe, que largent courant de luxembourgh est cglle au

3489 3261 2427 258 re, tellement quil devroit estre douze cent florins de change, ie les ay

3508 3379 2403 260 negotie a certaines conditions, seavoir, que ceny qui recevera l'argent

3500 3502 2412 267 de bouxelles, quil devra mettre quittance, sur la lettre de change pour

3496 3607 2442 242 la somme, qu'il en recevera, & de donner avis, de ce quil aura reccu

3487 3722 2401 248 sot de onze cent ou de douze cent florins de change de brabant

3476 3819 2427 227 & alors on me payera icy, le valleur receu dont a vous en donneray

3489 3975 2446 215 avis en son tems, pour en disposer, celon vous trouveray convenable.

3476 4121 2406 188 il se trouve icy asse d'occasion pour negotier & remettre sur paris

3493 4233 2382 199 celon le cours du change, de mesme sur amst. & londres, vous trouveray
