8077 4637
2471 202 647 143 Adj 7 meert 1735

910 220 468 148 Gendt Compens

1048 315 2229 158 ue seer aengename van 6 pass is ons op sijn tijdt wel geworden, g oot nu toe

1007 415 2239 178 door menighvundige affaires onbeantooordt gebleven, de affairent tot weenen

1054 549 2076 124 sijn eijndelijck geeffent & de resieninge al hier ontfangel, waer bij meer

1063 611 2234 193 verliese, als ul soo verhope & door den soorm windt geleden heeft echtervis ons

1050 694 2282 145 leedt om ooren, dat uk: al mede onder de ongeluckige sijdt geveelt wij wellen

1057 794 2264 178 hopen dat de leterije die op 21 deser staedt getrocken te worden, ons een volle

1045 918 2263 206 vergoedinge sal verlienen ten welcken effece, & volgens de aprobatie van

1063 1026 2257 180 ma soeur ue. liefste drij loten hebbe ilgeleydt iier voor de helft, te weeten

1060 1120 2219 205 voor mertouw ue. lieftte, d'een hhelft, & voor mij dande helft op ons voorigh

1004 1216 2269 212 devies, stront oft coninch sjnde de Nunneros N. 12346 „ 47:48 gott wilous een

1041 1327 2248 228 goeden puys verleenen. bin nu genoechsaem geinformeert dat de ƒ 30000:-

1001 1460 2296 174 in de voorige loterije niet tot gent maer tt sions sijn gevallen. wat aengart

1002 1590 2296 174 de mmiratulen, die sijn soo groot niet als men wel heeft geseydt, mij dunoit

955 1646 2340 216 dat den man,ivers gesequettrent is om dat de vrou die droosheyt alle

1054 1772 2269 170 dagen niet voor hoogen soude hebben watter recht van is, ick sal tus: overson

1019 1897 2293 213 de beste informatie connen nemen het houwelijck van jouff: hempticke is

1049 2017 2259 197 voltrocken, soo als met mijnen voorigen geadviseet, & volgens ue: gelieft te

1060 2164 2244 162 noteren, geloove ue lisebeth oockk in te grotte confrerie ingelchereven is,

1058 2258 2276 150 het is goedt, dat fissien om het verlier van sijne manme niet becomment is

1026 2348 2281 179 & wille wel gelooven, als hij groet sal sijn, dat hij lieverde doecken, als

1054 2478 2139 176 te broecken sal sien ons anne misie heeft veel verloren gaen ons

1043 2610 2196 193 lisebetle, sij is godt sanck aen de beter seyde, woodt levender van

1025 2700 2137 190 corleur & wat vetter, dogh het hoestie blijf haer noch al wat bij,

1030 2806 2177 213 wij verhopen, dat het haer mt den somer teenemael sal verlaeten

1041 2918 2244 193 mijn liefste blijft noch al even sterck geincomodeert, op haere borste

1025 2998 2298 247 Door het tlyn, blijvende ue ten hooghtten verplicht over het pant dat

1045 3136 2254 201 ul, ontvent sconne gesontheydt is lemende, als unde over ue

1046 3279 2284 162 vrandeljcke noodiage tot het half vasten merck somende daer van

1049 3394 2249 185 niet profiteren, om haere onpasselyckheejdt wij versoeckken, dat ick

1046 3501 2275 134 mevrouw ue: lieffte & fissien, net het aenstaende paes flt ons d'eere

1050 3595 2152 202 gelieft aen te doen wae ons te comen besoecken, & ul logelment

1019 3693 2314 230 tonten huyse te nemen, de greffier moenssens die heden vertroht

1046 3833 2225 213 naer colty, is gelast mondelinst uyt onsen name ue hier toe te

1047 3976 2227 144 versoecken & willen hopen ue aen ons versoeck sult voldoen, & in

1048 4107 2208 160 afwaghtinge van een favoratel antwoordt blijve naer onse

1044 4204 1735 178 ordinaire complimenten & pesentatie van dienst

1044 4316 2033 149 meerouw blound, sal van het hof vertoecken op 21 deser

1068 4406 923 69 met het beyin van den lente

5124 207 761 190 Ady 16 meert 1735

3430 221 890 181 London John tatnale & son

3540 315 2368 210 le 23 du passe fut a vos graces ma derniere, a la quelle ie me referre

3516 459 2416 164 celle ne servita, que pour vous envoyer lincluse facture & cognossement

3463 557 2441 171 dun ballot cotils marque N.67 contenant 100 ps, & montant sen

3514 687 2362 132 argent de change ƒ1012:6½ vous trouveray 2 3 seales plus que

3530 791 2245 177 ve ordre, parke que les 2 ¼ 3 seales, n'estiont pas prest, & il

3491 905 2329 178 faudrois avoir attendue trop long tems avant quelles anvoient

3531 985 2308 161 este faites, & il faut considerer que les buvoiers, ne les font pas

3524 1095 2381 143 si couvant pavance sattendray une se conde ordre pour vous les

3530 1203 2365 163 envoyer le dit ballot est charge dans le batteau de st. calinee

3526 1342 2392 148 qui est partie avant hier de bruges, pour ostende, & il partira pour

3516 1469 2383 152 Londres, p le premier vend favorable, j'espere p que vous le

3520 1604 2422 132 receveray bien conditione, & quil ny arrivera quelque malheair

3519 1678 2211 204 & que vous troveray tous les pieces a vre contentement

3520 1798 1471 200 ettant avec offres de mes services

5158 1893 676 205 Ady 18 meert 1735

3433 2009 1368 223 kingene ballie, borgemeester & schepenen

3462 2151 2426 202 op 28 janu laet hebbe aen ul geschreven om betalinge te becomen van de

3507 2302 2399 153 vovalle croisen, die wij tot laste ulider prochie sijn hebbende, sedert van ul

3530 2429 2426 157 noch gelt, noch antwoort becomen, waer over wij seer verwondert sijn, blijve

3519 2499 2399 193 in achterdencken, oft mijnen voorrgen, ue ter hant gestelt is waerom hier

3517 2618 2412 145 boven de copye van den selven brief, & desen sal mede andermael dienen

3510 2755 2410 143 om ul te vermaenen van ul: ontfangher met gelt te senden, tot betalinge

3516 2876 2396 169 van de vervallene croisen, oft dat by faute dies ons verobligeert sullen

3505 2971 2419 194 vinden den wegh van recht in te gaen et welcke gelieve te voersomen

3510 3095 1313 181 om oncosten te eviteren & blijven

5481 3122 90 123 110

5226 3129 665 225 Ady p april 1735

3420 3211 1049 184 swijndrecht Tillis van Etbesie

3504 3337 2399 181 op 8 pass als wanneer tot swijnd recht geweest hebbe, hadde ul: mij beloeft

3508 3505 2369 162 op vrijdaghs daer naer het daer packt van mijne daght van sujndrecht te

3488 3631 2444 184 omm betalen og ene verschenen is her temisse 1300 vier dertigh, dogh

3511 3674 2403 232 hebbe sedert die tijdt van ul niets vernomen, & alsoo het seer redelijck

3506 3854 2351 197 is, dat ten mimsten voor als nu daer van betelt waere, soo come

3517 3979 2334 186 p desen ul vrindelyckx versoecken om het selve te comen voldoen,

3512 4078 1888 251 weaer op betrouwende blijve V.C. geeffeet
