7823 4678
2414 196 831 162 Ady 22 gber 1730

755 201 742 140 London John Edwards

948 296 2328 188 ue: mij seer aengename van 30 pass 8.S. wel ontfanghen met advies

953 433 2337 143 als dat ue voor mij ontfanghen hadde 2¾  voor u divident van

945 570 2332 118 mijne £1700 bancfactien vervallen 29 sber laest twelck alsoo

917 656 2346 180 ge annoteert hebbe que resteninge gedebiteert voor £ 46:15:0 et

891 757 2409 143 bevinde oock ue gesondene venilse van £45:- op 2 usos tot 35:6

946 864 2352 130 ten laste Johan B. beeckmans welcke is geacceptert, & waer vooren

940 959 2351 203 ul op sijn tijdt sal worden gecrediteert tot sijndde het noodige deses

908 1080 1432 186 & dat blijve naer cordiale groetenisse

2518 1105 680 232 Ady 24 xbre 1730

772 1204 928 199 Lille mons: Jean Be pottier

962 1302 2219 193 ie recois l'honneur de la vre du 21 courant, y joint une remise de

949 1416 2246 207 onze cent vint florins argent courant dicu payable a six jours de

903 1529 2337 204 date a la charge de mons: Jean van delft dont ie procureray le

928 1619 2294 198 requis, estant pour compte de mons. desfaunaux de douay a qui

933 1739 1921 205 ie donne aujourdhuy avis, comme vous me le mande

947 1853 2191 199 ie vous souhaite reciproquement les aprochantes festes & une

951 1992 2233 125 nouvelle anne tres heureuses & salutaires accoplie de toutes

928 2065 2211 178 sortes des benedictions & prosperitees madame Jigne icy les

949 2194 1760 204 mesmes souhaits, estant tres parfaittement

2646 2282 623 207 Ady 24 xbre 1730

773 2343 1451 136 Doray desjaunaux president a morties

934 2424 2280 175 J'ay differre de respondre a l'honneur de la vre du 29 xbre 1729

953 2589 2287 147 faute de matiere & en suite vre ordre p icelle, j'ay bonnefie a

948 2658 2294 209 madame van Zeller ƒ 280 argent courant dicy, pour le quart qui

916 2786 1497 187 luy reviend dans linterest de la rente

940 2877 2253 201 mons. pottier viend de me remettre de rechef onze cent voust

926 2974 2373 227 florins, argent courant dicy, pour vre compte qui est pour des euter ests

934 3148 2301 155 de la preditte rente sans prejudice de la stipulation, & comme

932 3221 2209 203 madenne van Zeller y est interesse pour un quart j'attendray

960 3360 2212 172 vre ordre pour luy satisfaire tu vous pouvez luy envoyer vre

939 3457 1008 139 assignation a ma charge

952 3553 2261 186 J'ay l'honneur de vous souhaiter les aprochantes fettes & une

936 3648 2307 212 nouville anne tres heureuses & salutaires accomplie de toutes

924 3772 2259 216 sortes de benedictions & prospeitces, mon espoure doigne icy

940 3930 2286 139 les mesres souhaits comme aussy a madame la presidente

923 4043 2329 182 & le toute vre chere famile, estant avec bien de l'estme

5075 136 877 240 yp20

3332 207 951 177 Lille de lannoy de la vaiere

3493 318 2451 178 J'ay apris avec bien du plaisir, p vre agreable lettre du 20 courant vre

3508 413 2448 194 mariage avec une cousume danzeller j'approuve sort vre choiz & vous

3499 529 2334 173 en felieite & elle de tout mon coeur, en souhaitant que le seigneur

3501 625 2433 197 le benisse en vous procurant en son tems des descendents & vous laise

3505 749 2448 181 jourt lensemble pendant des longes amiles de toutes sortes de bocheurs

3472 911 2467 113 Ibenedictions, & d'une parfaite sante & contentement mon espouze qui

3490 1019 2479 122 linteresse egalement comme moy en ce qui vous regarde, vous faite

3467 1097 2476 139 & a madame vre chere compaque bien des compliments & les mesmes

3484 1225 760 177 couteant selveidations

3504 1248 2431 202 nous vous sommes bien oblige de la conservation d'estime, que vous

3506 1424 2357 154 voule bien nous tes moigiler, en vous persuadant pareillement

3500 1493 2483 152 de nre sincere auntie comme estant avec beaucoup de considente

3521 1631 852 170 en tous occasions l

4164 1727 874 175 Ad maiovem Dee

3853 1855 1343 214 Deipare que Virguis Marie

4034 2010 992 230 honorem & Bloriam

4079 2206 791 210 Anno Donnni

3885 2383 1000 220 131e

5336 2455 99 133 10

5073 2513 814 184 Ady 8 janvier 1731

3353 2547 987 169 Lille Wedue theodor Van Zeller

3358 2680 78 86 6

3518 2640 2410 165 ie me referre a ma derniere, du 11 may ja celle que mon espouze s'est donne

3519 2750 2323 150 l'honneur de vous escrire le 24 xbre de sanne passe depuis sans estre

3501 2848 2433 145 honore d'auqune de vos nouvelles mons: desjaunaux me marque p sa lettre du

3507 2972 2412 164 27 sbre passe, que mons: pottier m'avoit renmis, y compis l qu'alt d'interest, que

3516 3054 2363 187 vous avez avec nous dans la rente a sa charge, de sorte que ie vous en ay

3493 3147 2416 220 credite, pour ƒ 280:- ar gent courant dicy faissant en argent de change

3498 3236 2482 191 £40:- ettant pour l'anne eschue le derrniet octobre 1£30, ce quil vous plaira

3499 3366 2444 182 d'annoter de conformite cette servira principalement pour accompagner vre incluse

3501 3466 2460 167 compte courant ple quel il vous reviend pour solde £286:16:5 et pour les quelles vous este

3499 3562 2488 184 credite a compte nouveau, vous priant de l'examiner & le trouvant d'accord de l'annoter

3507 3644 2468 143 de conformement avec maiy, & me donner un petit mot d'avis, mon espouze vous fait

3490 3748 2445 151 bien ses compliments de mesme a vre chere fanle permette, que i'cy joigne aussij

3505 3842 2427 141 les miennes, & ou ie vous puis rendre service ie vous prie de me comander en tous

3496 3944 2456 160 occasions, & de croire qu'on ne l'auroitt estre avic plus d'estime & veneration,

3509 4089 1230 170 que celuy qui est tres sincerement
