8097 4637
894 204 668 143 London John Edwards

2572 203 710 153 Ady 16 Juny 1736

1076 303 2214 126 ul: seer geettimeerde van 31 pass 8.5 wel ontfanghen, daer bj notitie

1030 400 2248 173 dat ue: voor mij ontfanghen hedte  intresten van mijne fontsen te weeten

1058 495 1654 173 2 be van mijne  ƒ 1000:  ce amoit: verp. 25 xber laest

2938 503 348 143 £20:6:0

2938 619 325 110 „ 3:10:

1057 587 1463 172 1½ van mijne £234:7:6 5t vee actee 25 ditto

1059 648 2233 192 2jte van mijne £2000:- banck aetven vons 25 maert laest„55:-

2948 777 311 165 „ 20:-

1051 799 1610 126 2F van mijne £1000: onde amnert: wers 25 ditto

1050 876 2218 137 twelck hebbe naergesien, & volght wel, derhalven is ul alsoo op sijne

1062 996 2228 165 iek gedebiteert bevinde voorders eene remise van  £95: op 2 uses

1072 1081 2218 181 ten laste gevard & an Wangheen a 35:11 et te betalen aen mijn ordre weler

1067 1209 2182 147 remise is geaccepteert & sal by tijde de betalinge in voorderen, & ul

1062 1307 1508 153 ick als den, voor dis selfs weirde crediterre

1054 1393 2146 153 ue: maeckt geene mentie meer, ontrent den bovel van iuttus eck

1069 1495 2215 160 ven tte wel te weeten, oft daer noch eenige dividenten van comen sullen

1062 1590 2217 165 ingevalle van niet soo soude geirne de rek die ue met mijn sch

1721 1700 342 86 de 1 wijn drgel

1051 1747 2224 132 oades dh. dacques de Cannoy saliges is hebbende, sluyten in welcken

1057 1794 2222 203 gevalle, in ebr toecomende mij een extractie van het ick: coorts

1027 1911 2212 203 gelieve toe te senden & het salde mij remitteren Annities a

1009 2029 2225 142 voorders sien, dat over u een millioen van de niure suyte a

1047 2129 2235 177 sal afgelost worden, dat ontrent 9½ ot op ide capitael sal vallen, wan

1060 2213 2227 142 in moeten patientie hebben, dat wiste dat die van geen meerder gevolgh

1057 2330 2233 169 souden wesen, soude die somme wel laeten in coopen om de £1000, apitae

1047 2450 2203 150 compleet te houden, waer op us gevoelen mij gelieve te laten wieten,

1049 2581 1018 167 blijve met groote achtinge

2560 2598 711 199 Adij 6 July 1728

898 2674 1422 194 t Nicolas dh Van Handegen advocaet

1071 2767 2192 215 ue: missive van 2 deser wel ontfanghen waer op tot antwoordt

1041 2901 2242 203 dheer hebbe van ul te seggen, dat seierlijck tusschen eerelijcke

1033 3028 2253 170 luyden het op seggen van lant pacht  misse ve genoech is dien

1074 3131 2158 177 volgens is het niet noodigh het forma puris te gebrwiseen,

1057 3262 2164 210 ontrent het op seggen va mons lant gelegen in alloo twelck

1072 3394 2158 161 voortijdts is gebruyckt geweest bij sacob de medlemerster

1026 3509 2254 176 & als nu bij soos de maeyer echter moet dat lant, bloot sijn

1046 3628 2230 186 volgens sants rechten te banus toecomende,  tot die tijdt toe

1025 3775 2263 152 de pachten deeer van betaelt worden, sijnde det selve packten

1048 3871 2242 180 merckelijck verachteert & terwijlen gijlieden it lant niet

1056 4000 2161 204 meer in pachte begeert, soo is het oock redelijck, dat ven

1059 4135 2175 188 afscheype der selve pachte, my over de verachtert heden

1065 4281 2152 188 voldaen worden, welcke p reste bedragen tit banns 1736

3502 208 2394 147 inclusive tie somme van ƒ492:- ingevolge de ingeslotene k

3500 306 2412 130 beqiumerede met het iaer 1729 sijnde de voonge jeleren geliguidiet

3502 387 2365 172 versoeckende dan van sorge te dragen dat wij van de boven

3500 486 2400 166 somme bij tijde mogen voldaen worden, twelck verwaghtende

3493 609 741 169 blijve sinterelijck

4397 687 369 144 Conge

3514 784 2332 181 soos de maeyer met de wed: meulemeester sijn huys vrouwe

3495 926 2395 154 debent aenderfoenaner van de jou frouwen bonevens over lans

3518 1044 2371 197 pecht van een stuckn lants gelegen in den posder van Calloo

3510 1149 2164 200 a vaison van 108:- sjaers de partge & is als volght

3506 1277 1322 192 voort iaer verp banus 1829.„ 108

4140 1372 725 144 „ 1730 . a108„

3519 1392 412 154 vortsaer

4142 1492 714 152 N 1731 „ :08

3513 1510 348 131 nt jaer

4174 1564 705 167 „ 1732 a 168

3509 1616 364 146 voor jaer

4127 1678 747 127 „1733„ 108

3522 1721 368 127 voort jaer

4149 1785 731 132 1234 „ 108

3508 1830 383 141 voort jaer

4047 1859 864 176 „ 1335 . „ 108

3497 1920 394 158 voort jaer

3507 1970 1405 224 voutgaen„ 1736 . „10 8

3598 2089 1387 221 samen in corant gelt ƒ 364:-

3499 2224 2347 202 en tegendeel soor de maeyer met de wed: de meulmcoster

3507 2352 2397 203 sijn chuijs trouwe Credant voor soo veel op de tegenschreven

3514 2469 2166 216 jaeve vant packt op rekeninge betaet is, & is als volght

3510 2588 2317 225 1733 22 april ontfangen van gros de maeyer op rek. ƒ216

3516 2739 2324 193 1735 30 sber ontfangen e ditto op rek„ 162

5499 2905 380 147 ƒ672

3696 2885 176 157 ayh

4642 2945 114 92 n

3490 2978 2376 156 soo comst derfgenamen van jouff: bouwens tt stot.. ƒ:492

5105 3132 781 242 ƒ95:1364

3378 3214 648 200 Callo Joos de maeyer

3489 3359 2422 185 op 3 deser hebbe becomen eenen brief van den heere advocaet vn sande gen

3496 3502 2400 157 tot eenicolas bij den welcken hij ons comt op te seggen de lant packt van

3482 3597 2352 169 het stuckie lant in calloo, & dat soo uyt uwen name, als uyt die vant

3480 3696 2418 118 sterthuys van ue oversedene huys vrouwe het is redelijck dat, soo men het

3470 3829 2424 106 lant a bandonneert de verachterde pachten voldaen worden, & hebbe ue soo

3481 3933 2428 163 diewils vermaendt daer ue wijnigh sigh aengelegen liedt oms comt tot

3480 4064 2389 110 bamis toecomende ƒ492:- volgens de notttie hier benevens de welcke

3487 4172 2341 158 oock aen voors heeve advolaet toegesonden hebbe & terwijlen ick het

3494 4255 2406 153 lant oock in pachte niet begeirt, soo hebt de voors somme maer te
