<?xml version="1.0" encoding="UTF-8"?>
<alto xmlns:xsi="http://www.w3.org/2001/XMLSchema-instance"
      xmlns="http://www.loc.gov/standards/alto/ns-v4#"
      xmlns:page="http://schema.primaresearch.org/PAGE/gts/pagecontent/2013-07-15"
      xsi:schemaLocation="http://www.loc.gov/standards/alto/ns-v4# https://www.loc.gov/standards/alto/v4/alto.xsd">
   <Description>
      <MeasurementUnit>pixel</MeasurementUnit>
      <OCRProcessing ID="IdOcr">
         <ocrProcessingStep>
            <processingDateTime>2022-02-11T21:46:22.206+01:00</processingDateTime>
            <processingSoftware>
               <softwareCreator>READ COOP</softwareCreator>
               <softwareName>Transkribus</softwareName>
            </processingSoftware>
         </ocrProcessingStep>
      </OCRProcessing>
   </Description>
   <Layout>
      <Page ID="Page1" PHYSICAL_IMG_NR="1" HEIGHT="4644" WIDTH="8029">
         <TopMargin HEIGHT="0" WIDTH="8029" VPOS="0" HPOS="0"/>
         <LeftMargin HEIGHT="4644" WIDTH="0" VPOS="0" HPOS="0"/>
         <RightMargin HEIGHT="4644" WIDTH="0" VPOS="0" HPOS="8029"/>
         <BottomMargin HEIGHT="0" WIDTH="8029" VPOS="4644" HPOS="0"/>
         <PrintSpace HEIGHT="4644" WIDTH="8029" VPOS="0" HPOS="0">
            <TextBlock ID="region_1644586450721_2558"
                       HEIGHT="677"
                       WIDTH="2114"
                       VPOS="648"
                       HPOS="1229">
               <Shape>
                  <Polygon POINTS="1229,648 3343,648 3343,1325 1229,1325"/>
               </Shape>
               <TextLine ID="region_1644586450721_2558l1"
                         BASELINE="1234,730 1337,732 1440,735 1543,736 1646,738 1750,738 1853,738 1956,738 2059,736 2162,736 2266,734 2369,732 2472,732 2575,730 2678,730 2782,728 2885,728 2988,728 3091,730 3194,730 3298,734"
                         HEIGHT="163"
                         WIDTH="2094"
                         VPOS="657"
                         HPOS="1220">
                  <String ID="string_region_1644586450721_2558l1"
                          HEIGHT="163"
                          WIDTH="2094"
                          VPOS="657"
                          HPOS="1220"
                          CONTENT="wij willen hopen dat ue den wille voor het effeet sal agreeren, &amp;"/>
               </TextLine>
               <TextLine ID="region_1644586450721_2558l2"
                         BASELINE="1252,840 1354,841 1456,842 1558,842 1660,842 1762,842 1864,842 1966,841 2068,840 2170,840 2273,838 2375,838 2477,836 2579,834 2681,833 2783,832 2885,830 2987,830 3089,828 3191,828 3294,826"
                         HEIGHT="183"
                         WIDTH="2073"
                         VPOS="739"
                         HPOS="1236">
                  <String ID="string_region_1644586450721_2558l2"
                          HEIGHT="183"
                          WIDTH="2073"
                          VPOS="739"
                          HPOS="1236"
                          CONTENT="met mevrouw afisken ons d'eere sal aendoen Van met de ficas"/>
               </TextLine>
               <TextLine ID="region_1644586450721_2558l3"
                         BASELINE="1240,944 1342,946 1445,946 1548,948 1651,948 1754,948 1856,948 1959,946 2062,946 2165,945 2268,944 2370,942 2473,940 2576,939 2679,937 2782,934 2884,933 2987,930 3090,929 3193,926 3296,924"
                         HEIGHT="146"
                         WIDTH="2089"
                         VPOS="846"
                         HPOS="1224">
                  <String ID="string_region_1644586450721_2558l3"
                          HEIGHT="146"
                          WIDTH="2089"
                          VPOS="846"
                          HPOS="1224"
                          CONTENT="over te comen, &amp; ul logement consen huyse te nemen, dat tgen"/>
               </TextLine>
               <TextLine ID="region_1644586450721_2558l4"
                         BASELINE="1242,1050 1344,1052 1447,1052 1549,1052 1652,1052 1754,1052 1857,1052 1959,1052 2062,1052 2164,1050 2267,1049 2369,1048 2472,1046 2574,1044 2677,1042 2779,1040 2882,1038 2984,1034 3087,1032 3189,1029 3292,1026"
                         HEIGHT="184"
                         WIDTH="2083"
                         VPOS="942"
                         HPOS="1226">
                  <String ID="string_region_1644586450721_2558l4"
                          HEIGHT="184"
                          WIDTH="2083"
                          VPOS="942"
                          HPOS="1226"
                          CONTENT="hoogelijck sullen estineren, sal ue bij tijde laeten weeten oft"/>
               </TextLine>
               <TextLine ID="region_1644586450721_2558l5"
                         BASELINE="1234,1154 1316,1158 1398,1160 1480,1160 1562,1162 1645,1162 1727,1162 1809,1162 1891,1162 1973,1162 2056,1160 2138,1160 2220,1158 2302,1158 2384,1156 2467,1154 2549,1152 2631,1150 2713,1148 2795,1146 2878,1144"
                         HEIGHT="176"
                         WIDTH="1678"
                         VPOS="1071"
                         HPOS="1217">
                  <String ID="string_region_1644586450721_2558l5"
                          HEIGHT="176"
                          WIDTH="1678"
                          VPOS="1071"
                          HPOS="1217"
                          CONTENT="lieffte capabel sal sijn over te comen, ofte niet"/>
               </TextLine>
            </TextBlock>
            <TextBlock ID="region_1644586453537_2561"
                       HEIGHT="4192"
                       WIDTH="2593"
                       VPOS="222"
                       HPOS="3320">
               <Shape>
                  <Polygon POINTS="3320,222 5913,222 5913,4414 3320,4414"/>
               </Shape>
               <TextLine ID="region_1644586453537_2561l1"
                         BASELINE="4812,318 4863,316 4915,314 4967,312 5018,310 5070,308 5122,306 5173,304 5225,302 5277,300 5329,298 5380,294 5432,292 5484,287 5535,284 5587,280 5639,274 5690,268 5742,262 5794,254 5846,246"
                         HEIGHT="213"
                         WIDTH="1072"
                         VPOS="197"
                         HPOS="4791">
                  <String ID="string_region_1644586453537_2561l1"
                          HEIGHT="213"
                          WIDTH="1072"
                          VPOS="197"
                          HPOS="4791"
                          CONTENT="Ady 5 Juny 1733  "/>
               </TextLine>
               <TextLine ID="region_1644586453537_2561l2"
                         BASELINE="3336,388 3361,386 3386,385 3411,382 3436,382 3462,379 3487,377 3512,376 3537,373 3562,370 3588,368"
                         HEIGHT="209"
                         WIDTH="293"
                         VPOS="258"
                         HPOS="3315">
                  <String ID="string_region_1644586453537_2561l2"
                          HEIGHT="209"
                          WIDTH="293"
                          VPOS="258"
                          HPOS="3315"
                          CONTENT="swijndecht"/>
               </TextLine>
               <TextLine ID="region_1644586453537_2561l3"
                         BASELINE="3456,484 3556,484 3656,482 3757,482 3857,480 3958,478 4058,478 4158,476 4259,474 4359,472 4460,470 4560,468 4660,466 4761,464 4861,460 4962,456 5062,453 5162,449 5263,445 5363,440 5464,434"
                         HEIGHT="251"
                         WIDTH="2037"
                         VPOS="311"
                         HPOS="3439">
                  <String ID="string_region_1644586453537_2561l3"
                          HEIGHT="251"
                          WIDTH="2037"
                          VPOS="311"
                          HPOS="3439"
                          CONTENT="persame &amp; voorsunige Ballie Borgemeelter &amp; schepenen"/>
               </TextLine>
               <TextLine ID="region_1644586453537_2561l4"
                         BASELINE="3400,602 3522,600 3644,598 3766,597 3889,594 4011,592 4133,590 4256,588 4378,584 4500,582 4623,579 4745,576 4867,572 4989,569 5112,564 5234,560 5356,556 5479,552 5601,546 5723,541 5846,536"
                         HEIGHT="230"
                         WIDTH="2480"
                         VPOS="418"
                         HPOS="3381">
                  <String ID="string_region_1644586453537_2561l4"
                          HEIGHT="230"
                          WIDTH="2480"
                          VPOS="418"
                          HPOS="3381"
                          CONTENT="desen is dienende om regerende Borgemeelter &amp; schepenen te bedancken"/>
               </TextLine>
               <TextLine ID="region_1644586453537_2561l5"
                         BASELINE="3460,716 3579,713 3698,710 3817,706 3936,704 4055,701 4174,699 4293,696 4412,694 4531,692 4651,690 4770,686 4889,683 5008,680 5127,675 5246,670 5365,664 5484,658 5603,653 5722,644 5842,636"
                         HEIGHT="227"
                         WIDTH="2414"
                         VPOS="554"
                         HPOS="3443">
                  <String ID="string_region_1644586453537_2561l5"
                          HEIGHT="227"
                          WIDTH="2414"
                          VPOS="554"
                          HPOS="3443"
                          CONTENT="voor heinne gedaene diensten, &amp; om ul: te adviseren dat ick hebbe"/>
               </TextLine>
               <TextLine ID="region_1644586453537_2561l6"
                         BASELINE="3452,828 3565,824 3678,822 3792,819 3905,816 4019,814 4132,812 4245,808 4359,806 4472,804 4586,802 4699,799 4812,796 4926,794 5039,790 5153,786 5266,782 5379,777 5493,772 5606,766 5720,760"
                         HEIGHT="198"
                         WIDTH="2301"
                         VPOS="685"
                         HPOS="3436">
                  <String ID="string_region_1644586453537_2561l6"
                          HEIGHT="198"
                          WIDTH="2301"
                          VPOS="685"
                          HPOS="3436"
                          CONTENT="aengestelt voor Borge meester &amp; schepenen de naer volgende "/>
               </TextLine>
               <TextLine ID="region_1644586453537_2561l7"
                         BASELINE="3460,940 3498,940 3537,940 3576,940 3615,938 3654,938 3692,937 3731,936 3770,934 3809,932 3848,932 3886,930 3925,928 3964,928 4003,925 4042,924 4080,922 4119,920 4158,920 4197,918 4236,916"
                         HEIGHT="187"
                         WIDTH="812"
                         VPOS="829"
                         HPOS="3440">
                  <String ID="string_region_1644586453537_2561l7"
                          HEIGHT="187"
                          WIDTH="812"
                          VPOS="829"
                          HPOS="3440"
                          CONTENT="persoonen de weeten"/>
               </TextLine>
               <TextLine ID="region_1644586453537_2561l8"
                         BASELINE="3916,1024 3945,1023 3975,1022 4005,1022 4035,1020 4065,1020 4094,1020 4124,1020 4154,1020 4184,1020 4214,1019 4243,1018 4273,1018 4303,1018 4333,1018 4363,1018 4392,1018 4422,1018 4452,1016 4482,1015 4512,1014"
                         HEIGHT="152"
                         WIDTH="627"
                         VPOS="938"
                         HPOS="3901">
                  <String ID="string_region_1644586453537_2561l8"
                          HEIGHT="152"
                          WIDTH="627"
                          VPOS="938"
                          HPOS="3901"
                          CONTENT="voor borgemeestes"/>
               </TextLine>
               <TextLine ID="region_1644586453537_2561l9"
                         BASELINE="3684,1146 3722,1142 3761,1140 3800,1138 3839,1137 3878,1136 3916,1136 3955,1135 3994,1134 4033,1134 4072,1134 4110,1134 4149,1134 4188,1134 4227,1134 4266,1132 4304,1131 4343,1130 4382,1127 4421,1124 4460,1120"
                         HEIGHT="135"
                         WIDTH="808"
                         VPOS="1034"
                         HPOS="3667">
                  <String ID="string_region_1644586453537_2561l9"
                          HEIGHT="135"
                          WIDTH="808"
                          VPOS="1034"
                          HPOS="3667"
                          CONTENT="Jan Vano Rerschaire"/>
               </TextLine>
               <TextLine ID="region_1644586453537_2561l10"
                         BASELINE="3944,1240 3972,1240 4001,1240 4030,1240 4059,1242 4088,1240 4116,1240 4145,1240 4174,1240 4203,1240 4232,1238 4260,1238 4289,1238 4318,1237 4347,1236 4376,1236 4404,1235 4433,1234 4462,1234 4491,1234 4520,1234"
                         HEIGHT="156"
                         WIDTH="609"
                         VPOS="1138"
                         HPOS="3927">
                  <String ID="string_region_1644586453537_2561l10"
                          HEIGHT="156"
                          WIDTH="609"
                          VPOS="1138"
                          HPOS="3927"
                          CONTENT="door schepene"/>
               </TextLine>
               <TextLine ID="region_1644586453537_2561l11"
                         BASELINE="3664,1378 3694,1377 3725,1376 3755,1375 3786,1374 3817,1374 3847,1374 3878,1374 3908,1372 3939,1372 3970,1372 4000,1372 4031,1372 4061,1372 4092,1372 4123,1370 4153,1370 4184,1368 4214,1366 4245,1364 4276,1362"
                         HEIGHT="174"
                         WIDTH="646"
                         VPOS="1234"
                         HPOS="3647">
                  <String ID="string_region_1644586453537_2561l11"
                          HEIGHT="174"
                          WIDTH="646"
                          VPOS="1234"
                          HPOS="3647"
                          CONTENT="Pieter verbraske"/>
               </TextLine>
               <TextLine ID="region_1644586453537_2561l12"
                         BASELINE="3676,1480 3712,1480 3748,1479 3784,1478 3820,1478 3857,1478 3893,1478 3929,1478 3965,1478 4001,1476 4038,1476 4074,1476 4110,1474 4146,1473 4182,1472 4219,1470 4255,1469 4291,1468 4327,1465 4363,1464 4400,1460"
                         HEIGHT="154"
                         WIDTH="756"
                         VPOS="1377"
                         HPOS="3660">
                  <String ID="string_region_1644586453537_2561l12"
                          HEIGHT="154"
                          WIDTH="756"
                          VPOS="1377"
                          HPOS="3660"
                          CONTENT="Cornelis Jan bogaert"/>
               </TextLine>
               <TextLine ID="region_1644586453537_2561l13"
                         BASELINE="3662,1590 3698,1592 3734,1593 3770,1594 3806,1594 3842,1594 3878,1593 3914,1592 3950,1592 3986,1590 4022,1590 4058,1588 4094,1588 4130,1586 4166,1586 4202,1586 4238,1586 4274,1586 4310,1587 4346,1588 4382,1590"
                         HEIGHT="168"
                         WIDTH="755"
                         VPOS="1464"
                         HPOS="3644">
                  <String ID="string_region_1644586453537_2561l13"
                          HEIGHT="168"
                          WIDTH="755"
                          VPOS="1464"
                          HPOS="3644"
                          CONTENT="Pieter istert Raes"/>
               </TextLine>
               <TextLine ID="region_1644586453537_2561l14"
                         BASELINE="3664,1716 3700,1716 3736,1714 3772,1714 3808,1714 3844,1714 3880,1714 3916,1714 3952,1714 3988,1712 4024,1712 4060,1712 4096,1712 4132,1712 4168,1714 4204,1714 4240,1714 4276,1714 4312,1714 4348,1714 4384,1714"
                         HEIGHT="194"
                         WIDTH="751"
                         VPOS="1597"
                         HPOS="3647">
                  <String ID="string_region_1644586453537_2561l14"
                          HEIGHT="194"
                          WIDTH="751"
                          VPOS="1597"
                          HPOS="3647"
                          CONTENT="hendrick verdoenck"/>
               </TextLine>
               <TextLine ID="region_1644586453537_2561l15"
                         BASELINE="3668,1846 3703,1844 3738,1842 3773,1840 3808,1840 3843,1838 3878,1838 3913,1836 3948,1836 3983,1836 4018,1836 4053,1834 4088,1834 4123,1834 4158,1832 4193,1831 4228,1830 4263,1828 4298,1826 4333,1825 4368,1822"
                         HEIGHT="192"
                         WIDTH="735"
                         VPOS="1718"
                         HPOS="3650">
                  <String ID="string_region_1644586453537_2561l15"
                          HEIGHT="192"
                          WIDTH="735"
                          VPOS="1718"
                          HPOS="3650"
                          CONTENT="Pieter Van Schoor"/>
               </TextLine>
               <TextLine ID="region_1644586453537_2561l16"
                         BASELINE="5868,1916 5908,1916"
                         HEIGHT="133"
                         WIDTH="71"
                         VPOS="1813"
                         HPOS="5853">
                  <String ID="string_region_1644586453537_2561l16"
                          HEIGHT="133"
                          WIDTH="71"
                          VPOS="1813"
                          HPOS="5853"
                          CONTENT=""/>
               </TextLine>
               <TextLine ID="region_1644586453537_2561l17"
                         BASELINE="3696,1956 3737,1956 3778,1954 3819,1954 3860,1954 3901,1952 3942,1952 3983,1952 4024,1950 4065,1950 4106,1950 4147,1948 4188,1948 4229,1946 4270,1946 4311,1944 4352,1942 4393,1941 4434,1938 4475,1936 4516,1934"
                         HEIGHT="153"
                         WIDTH="851"
                         VPOS="1845"
                         HPOS="3679">
                  <String ID="string_region_1644586453537_2561l17"
                          HEIGHT="153"
                          WIDTH="851"
                          VPOS="1845"
                          HPOS="3679"
                          CONTENT="Michiel verstraeten"/>
               </TextLine>
               <TextLine ID="region_1644586453537_2561l18"
                         BASELINE="3456,2060 3578,2064 3701,2066 3823,2066 3946,2066 4068,2066 4191,2066 4313,2064 4436,2062 4558,2060 4681,2058 4803,2054 4926,2050 5048,2047 5171,2044 5293,2040 5416,2036 5538,2034 5661,2030 5783,2027 5906,2024"
                         HEIGHT="155"
                         WIDTH="2486"
                         VPOS="1924"
                         HPOS="3437">
                  <String ID="string_region_1644586453537_2561l18"
                          HEIGHT="155"
                          WIDTH="2486"
                          VPOS="1924"
                          HPOS="3437"
                          CONTENT="ul ordonnerende de selve daer vooren te siennen, mits doende den"/>
               </TextLine>
               <TextLine ID="region_1644586453537_2561l19"
                         BASELINE="5154,2174 5191,2172 5229,2170 5266,2169 5304,2167 5341,2164 5379,2163 5416,2160 5454,2160 5491,2157 5529,2155 5566,2154 5604,2152 5641,2150 5679,2150 5716,2150 5754,2148 5791,2148 5829,2148 5866,2150 5904,2150"
                         HEIGHT="189"
                         WIDTH="787"
                         VPOS="2045"
                         HPOS="5136">
                  <String ID="string_region_1644586453537_2561l19"
                          HEIGHT="189"
                          WIDTH="787"
                          VPOS="2045"
                          HPOS="5136"
                          CONTENT="V.L.geaffectioneerde"/>
               </TextLine>
               <TextLine ID="region_1644586453537_2561l20"
                         BASELINE="3444,2166 3501,2170 3558,2173 3616,2174 3673,2176 3731,2176 3788,2176 3845,2176 3903,2176 3960,2174 4018,2174 4075,2172 4132,2172 4190,2170 4247,2168 4305,2168 4362,2168 4419,2166 4477,2166 4534,2168 4592,2168"
                         HEIGHT="179"
                         WIDTH="1180"
                         VPOS="2067"
                         HPOS="3428">
                  <String ID="string_region_1644586453537_2561l20"
                          HEIGHT="179"
                          WIDTH="1180"
                          VPOS="2067"
                          HPOS="3428"
                          CONTENT="ordinairen hedt ende blijve"/>
               </TextLine>
               <TextLine ID="region_1644586453537_2561l21"
                         BASELINE="5230,2314 5263,2314 5296,2314 5330,2314 5363,2314 5397,2313 5430,2312 5463,2310 5497,2309 5530,2307 5564,2305 5597,2304 5630,2302 5664,2300 5697,2299 5731,2298 5764,2296 5797,2296 5831,2294 5864,2294 5898,2294"
                         HEIGHT="178"
                         WIDTH="704"
                         VPOS="2198"
                         HPOS="5211">
                  <String ID="string_region_1644586453537_2561l21"
                          HEIGHT="178"
                          WIDTH="704"
                          VPOS="2198"
                          HPOS="5211"
                          CONTENT="Ady 25 Junij 1733"/>
               </TextLine>
               <TextLine ID="region_1644586453537_2561l22"
                         BASELINE="3346,2332 3371,2330 3396,2330 3422,2330 3447,2330 3473,2330 3498,2330 3523,2330 3549,2332 3574,2332 3600,2334 3625,2334 3650,2334 3676,2335 3701,2336 3727,2336 3752,2334 3777,2334 3803,2333 3828,2331 3854,2330"
                         HEIGHT="207"
                         WIDTH="539"
                         VPOS="2176"
                         HPOS="3331">
                  <String ID="string_region_1644586453537_2561l22"
                          HEIGHT="207"
                          WIDTH="539"
                          VPOS="2176"
                          HPOS="3331"
                          CONTENT="Eeunt Thn Coppens"/>
               </TextLine>
               <TextLine ID="region_1644586453537_2561l23"
                         BASELINE="3444,2440 3558,2438 3672,2436 3786,2436 3900,2436 4015,2436 4129,2436 4243,2438 4357,2438 4471,2440 4586,2440 4700,2442 4814,2442 4928,2442 5042,2440 5157,2438 5271,2436 5385,2434 5499,2428 5613,2422 5728,2416"
                         HEIGHT="174"
                         WIDTH="2314"
                         VPOS="2344"
                         HPOS="3428">
                  <String ID="string_region_1644586453537_2561l23"
                          HEIGHT="174"
                          WIDTH="2314"
                          VPOS="2344"
                          HPOS="3428"
                          CONTENT="ul: ous attyt seer aengename van 13 deser wel ontfanghen daer bij"/>
               </TextLine>
               <TextLine ID="region_1644586453537_2561l24"
                         BASELINE="3456,2548 3574,2546 3692,2546 3810,2546 3928,2548 4047,2548 4165,2549 4283,2550 4401,2551 4519,2552 4638,2552 4756,2554 4874,2554 4992,2552 5110,2552 5229,2550 5347,2548 5465,2544 5583,2540 5701,2534 5820,2528"
                         HEIGHT="115"
                         WIDTH="2397"
                         VPOS="2457"
                         HPOS="3439">
                  <String ID="string_region_1644586453537_2561l24"
                          HEIGHT="115"
                          WIDTH="2397"
                          VPOS="2457"
                          HPOS="3439"
                          CONTENT="verstaen, dat ul: tot brussel was vacerende over de revisie van"/>
               </TextLine>
               <TextLine ID="region_1644586453537_2561l25"
                         BASELINE="3458,2654 3579,2656 3701,2656 3822,2656 3944,2658 4066,2660 4187,2662 4309,2662 4430,2664 4552,2666 4674,2666 4795,2668 4917,2668 5038,2668 5160,2668 5282,2666 5403,2664 5525,2662 5646,2660 5768,2656 5890,2652"
                         HEIGHT="120"
                         WIDTH="2465"
                         VPOS="2559"
                         HPOS="3441">
                  <String ID="string_region_1644586453537_2561l25"
                          HEIGHT="120"
                          WIDTH="2465"
                          VPOS="2559"
                          HPOS="3441"
                          CONTENT="den heere soos tegens de familie van dhieven veeqeremans"/>
               </TextLine>
               <TextLine ID="region_1644586453537_2561l26"
                         BASELINE="3424,2774 3538,2774 3652,2774 3767,2776 3881,2776 3996,2778 4110,2778 4224,2780 4339,2780 4453,2782 4568,2782 4682,2782 4796,2782 4911,2782 5025,2782 5140,2780 5254,2778 5368,2777 5483,2774 5597,2772 5712,2768"
                         HEIGHT="213"
                         WIDTH="2316"
                         VPOS="2654"
                         HPOS="3410">
                  <String ID="string_region_1644586453537_2561l26"
                          HEIGHT="213"
                          WIDTH="2316"
                          VPOS="2654"
                          HPOS="3410"
                          CONTENT="&amp; aldaer ten hooghsten 16 dagen soude blijven, vermies die tijt"/>
               </TextLine>
               <TextLine ID="region_1644586453537_2561l27"
                         BASELINE="3446,2898 3565,2896 3684,2896 3803,2896 3922,2896 4042,2896 4161,2896 4280,2898 4399,2898 4518,2900 4638,2902 4757,2902 4876,2904 4995,2905 5114,2906 5234,2906 5353,2908 5472,2908 5591,2908 5710,2906 5830,2904"
                         HEIGHT="174"
                         WIDTH="2416"
                         VPOS="2813"
                         HPOS="3429">
                  <String ID="string_region_1644586453537_2561l27"
                          HEIGHT="174"
                          WIDTH="2416"
                          VPOS="2813"
                          HPOS="3429"
                          CONTENT="geexpircert is soo schrijve dese adroiture op genot vertrouwende "/>
               </TextLine>
               <TextLine ID="region_1644586453537_2561l28"
                         BASELINE="3394,3002 3515,3004 3637,3008 3759,3011 3881,3014 4003,3016 4124,3018 4246,3020 4368,3022 4490,3024 4612,3024 4733,3026 4855,3026 4977,3026 5099,3026 5221,3028 5342,3028 5464,3028 5586,3026 5708,3026 5830,3026"
                         HEIGHT="147"
                         WIDTH="2469"
                         VPOS="2957"
                         HPOS="3378">
                  <String ID="string_region_1644586453537_2561l28"
                          HEIGHT="147"
                          WIDTH="2469"
                          VPOS="2957"
                          HPOS="3378"
                          CONTENT="a voor ontfangh deser thuys in volle gelontheydt sult wesen"/>
               </TextLine>
               <TextLine ID="region_1644586453537_2561l29"
                         BASELINE="3446,3126 3568,3130 3690,3132 3812,3132 3934,3134 4056,3136 4178,3136 4300,3136 4422,3138 4544,3138 4666,3138 4788,3138 4910,3140 5032,3140 5154,3142 5276,3142 5398,3144 5520,3146 5642,3150 5764,3152 5886,3156"
                         HEIGHT="212"
                         WIDTH="2472"
                         VPOS="3015"
                         HPOS="3432">
                  <String ID="string_region_1644586453537_2561l29"
                          HEIGHT="212"
                          WIDTH="2472"
                          VPOS="3015"
                          HPOS="3432"
                          CONTENT="gearriveert &amp; hebbe deere van ue te seelgen, dat onse intentie"/>
               </TextLine>
               <TextLine ID="region_1644586453537_2561l30"
                         BASELINE="3448,3250 3568,3252 3689,3254 3810,3256 3931,3258 4052,3260 4172,3260 4293,3262 4414,3263 4535,3264 4656,3265 4776,3266 4897,3268 5018,3268 5139,3270 5260,3271 5380,3272 5501,3274 5622,3276 5743,3278 5864,3280"
                         HEIGHT="172"
                         WIDTH="2447"
                         VPOS="3139"
                         HPOS="3432">
                  <String ID="string_region_1644586453537_2561l30"
                          HEIGHT="172"
                          WIDTH="2447"
                          VPOS="3139"
                          HPOS="3432"
                          CONTENT="i1 geweest van te profiteren van ue beleefde noodinge s hadden"/>
               </TextLine>
               <TextLine ID="region_1644586453537_2561l31"
                         BASELINE="3452,3380 3554,3378 3656,3376 3758,3376 3860,3376 3962,3376 4064,3378 4166,3380 4268,3382 4370,3384 4472,3386 4574,3388 4676,3390 4778,3392 4880,3392 4982,3392 5084,3392 5186,3390 5288,3387 5390,3383 5492,3378"
                         HEIGHT="208"
                         WIDTH="2071"
                         VPOS="3253"
                         HPOS="3437">
                  <String ID="string_region_1644586453537_2561l31"
                          HEIGHT="208"
                          WIDTH="2071"
                          VPOS="3253"
                          HPOS="3437"
                          CONTENT="geschickt naer gent te comen met onse tellekens, &amp;"/>
               </TextLine>
               <TextLine ID="region_1644586453537_2561l32"
                         BASELINE="3434,3496 3557,3498 3681,3500 3804,3501 3928,3502 4051,3503 4175,3504 4298,3504 4422,3504 4545,3504 4669,3506 4792,3506 4916,3506 5039,3506 5163,3507 5286,3508 5410,3510 5533,3510 5657,3512 5780,3515 5904,3518"
                         HEIGHT="199"
                         WIDTH="2502"
                         VPOS="3372"
                         HPOS="3419">
                  <String ID="string_region_1644586453537_2561l32"
                          HEIGHT="199"
                          WIDTH="2502"
                          VPOS="3372"
                          HPOS="3419"
                          CONTENT="de sichtens van de Linderen &amp; van mijn vrouw sule belottende "/>
               </TextLine>
               <TextLine ID="region_1644586453537_2561l33"
                         BASELINE="3454,3616 3572,3620 3691,3622 3810,3624 3928,3626 4047,3628 4166,3630 4284,3632 4403,3634 4522,3634 4641,3636 4759,3636 4878,3636 4997,3636 5115,3634 5234,3634 5353,3632 5471,3630 5590,3628 5709,3626 5828,3622"
                         HEIGHT="198"
                         WIDTH="2406"
                         VPOS="3520"
                         HPOS="3438">
                  <String ID="string_region_1644586453537_2561l33"
                          HEIGHT="198"
                          WIDTH="2406"
                          VPOS="3520"
                          HPOS="3438"
                          CONTENT="oule genegentijdt is van ue &amp; mevrouw ul: liefste te trachten t"/>
               </TextLine>
               <TextLine ID="region_1644586453537_2561l34"
                         BASELINE="3452,3754 3574,3754 3696,3756 3818,3758 3940,3760 4062,3762 4184,3762 4306,3764 4428,3766 4550,3767 4672,3768 4794,3770 4916,3770 5038,3772 5160,3772 5282,3772 5404,3772 5526,3772 5648,3772 5770,3772 5892,3772"
                         HEIGHT="200"
                         WIDTH="2471"
                         VPOS="3652"
                         HPOS="3438">
                  <String ID="string_region_1644586453537_2561l34"
                          HEIGHT="200"
                          WIDTH="2471"
                          VPOS="3652"
                          HPOS="3438"
                          CONTENT="voldoen, &amp; de oprechte vointschap te onderhouden, wij willen hopee"/>
               </TextLine>
               <TextLine ID="region_1644586453537_2561l35"
                         BASELINE="3444,3880 3566,3884 3688,3886 3810,3888 3932,3889 4055,3890 4177,3892 4299,3892 4421,3894 4543,3894 4666,3894 4788,3896 4910,3896 5032,3898 5154,3900 5277,3902 5399,3903 5521,3905 5643,3908 5765,3912 5888,3916"
                         HEIGHT="184"
                         WIDTH="2474"
                         VPOS="3790"
                         HPOS="3428">
                  <String ID="string_region_1644586453537_2561l35"
                          HEIGHT="184"
                          WIDTH="2474"
                          VPOS="3790"
                          HPOS="3428"
                          CONTENT="dat ul: onsen goeden wille voor het sleet sal gelieven de agreeven"/>
               </TextLine>
               <TextLine ID="region_1644586453537_2561l36"
                         BASELINE="3422,4020 3543,4020 3664,4020 3785,4020 3906,4020 4027,4020 4148,4020 4269,4022 4390,4022 4511,4022 4632,4022 4753,4022 4874,4024 4995,4024 5116,4024 5237,4022 5358,4022 5479,4022 5600,4020 5721,4019 5842,4018"
                         HEIGHT="189"
                         WIDTH="2449"
                         VPOS="3915"
                         HPOS="3408">
                  <String ID="string_region_1644586453537_2561l36"
                          HEIGHT="189"
                          WIDTH="2449"
                          VPOS="3915"
                          HPOS="3408"
                          CONTENT="&amp; dat ue: met mevrouw &amp; lessien, ons d'eere sult aendoen van"/>
               </TextLine>
               <TextLine ID="region_1644586453537_2561l37"
                         BASELINE="3462,4136 3581,4138 3700,4139 3819,4140 3938,4142 4057,4142 4176,4142 4295,4142 4414,4144 4533,4144 4652,4142 4771,4142 4890,4142 5009,4142 5128,4142 5247,4142 5366,4142 5485,4142 5604,4142 5723,4144 5842,4144"
                         HEIGHT="198"
                         WIDTH="2409"
                         VPOS="4030"
                         HPOS="3447">
                  <String ID="string_region_1644586453537_2561l37"
                          HEIGHT="198"
                          WIDTH="2409"
                          VPOS="4030"
                          HPOS="3447"
                          CONTENT="met de ficantie over te comen &amp; ul. sogement tonsen huyse"/>
               </TextLine>
               <TextLine ID="region_1644586453537_2561l38"
                         BASELINE="3460,4266 3582,4268 3704,4270 3827,4270 3949,4270 4072,4272 4194,4272 4316,4272 4439,4272 4561,4272 4684,4272 4806,4274 4928,4274 5051,4276 5173,4278 5296,4281 5418,4284 5540,4288 5663,4293 5785,4299 5908,4306"
                         HEIGHT="211"
                         WIDTH="2482"
                         VPOS="4178"
                         HPOS="3443">
                  <String ID="string_region_1644586453537_2561l38"
                          HEIGHT="211"
                          WIDTH="2482"
                          VPOS="4178"
                          HPOS="3443"
                          CONTENT="te comen nemen, tgene wij hoogelijck sullen ostimerene"/>
               </TextLine>
            </TextBlock>
         </PrintSpace>
      </Page>
   </Layout>
</alto>
