8077 4651
1014 211 2262 162 begaen, alsoo ick: de selve remise met hun genegotieert hebt

1002 316 2303 133 1½ uso, p seconde brief, ende den prima op 2 ½ usos bevonden

994 428 2108 180 wort, warende de wissel op 11 pter: 85. pass op 2 usos

989 532 2211 190 a 36:1 a 2 et soo dat hier door soude geprejuditicert sijn,

968 657 2318 176 ten migcbtene 27 p fls waer over ue: den trecker gelieve

995 750 2100 215 te spreken, op dat hij ordoniere a voors celsiens sgne

983 863 2066 195 traitte te betalen a 1¼ uso gelijck ue die remise

981 970 2234 219 genegotieert halt oft dat hij ue de voors 2 et p pout

1003 1104 2282 167 sterlin vergoedt, waer mede deeve hebbe van te sijn in

1020 1230 1832 209 te blijven naer seer minsame groetenisse

1004 1355 2082 232 gepasseerde over het voorss. sal geirne veraemen

1560 1595 1008 221 Ady Maiorem Die

1271 1774 1331 224 des parcque virgiues lavie

1609 1933 828 240 Ana Donni

1685 2127 616 252 1739

2407 2209 638 258 Adij 1 bunt

906 2305 662 207 sendt Coppens

997 2388 2308 251 verhope ul goedt arrivement sedert ue vertreck heeft san stevens

1004 2558 2299 205 uyt het voore maeylie, op gitteren voor noem aen miy voor p: rck

996 2656 2292 202 betaelt de somme Jan sevenden. seventigh gullens courant gelt, waer

991 2780 2192 211 vooren ck: op niun rekeninge is gecoediteert op den noen, is de

977 2881 2339 231 dochter van de wed: van den brande uyt het huysie in de rendestraet

1003 3039 2261 184 gecomen met de sleutels van ue huyse, seggende met tranen ue haer

954 3156 2288 194 hoogen, dat iames hiun geseydt hadde dat ue absoniet begeirde, dat

988 3246 2316 249 sij uyt het mij sie vestrecken soude, waer op sij tot half meert ofte

999 3365 2316 190 ben minsten 14 daghen tijdt versoghten, alles sonder effeet, & terwijlen

997 3544 2310 183 sij wel siende, dat sij de hure niet meer sonden opbreng e, soo hebben

1017 3601 2266 215 sij de eerste occasie aengenomen, & soo sijn sij verhuyst, & hebben de

1000 3736 2282 224 sleatels aen onten pieter ter hant gestelt, sij heeft ons verclaerdt

993 3856 2161 170 dat sij haer best te coop geveylt heeft om uk: een vierendeel

1006 3992 2161 170 jaers te connen betalen, & dat sij daer vooren soo veel niet heeft

991 4090 2145 194 connen crijgen, dat sij een saergie voor ƒ 2:2 verskoght

1012 4227 2315 215 hebben, om van te leven, soo dat sij in groote aeremoede sijn

3489 203 2394 117 sij seght oock dat het suijsie niet bewoonelijck is, dat alles verrot

3497 322 2379 176 tot uk: gouverno. Jouff. laurijs heeft gisteren t'onsent oock geweest

3505 393 2345 198 in gedachten van ul hier noch te binden heeft mij versoght van

3477 503 2240 153 dingeslotene memoiie toe te senden, met recomandatie van ue

3495 560 2319 236 quutantie te vragen van bijff vierendeelen daer huys hure, vers

3483 737 2376 234 kersemisse gepasseert als mede de quitantie van marouw sel

3487 841 2328 175 Campo van de menbelen door suia van haer overgenomen, die

3490 961 2429 234 abusivelijck onder andere quitantien, ul ter hant gestelt geraeckt

3498 1102 2311 178 is, waer mede d'eere hebbe van te sijn & te blijven naer onte

3492 1238 1232 194 gedaene ordinaire complimenten

5070 1269 743 239 Ady 26 jann. 1739

3407 1367 384 172 udt Compeus

3482 1491 2366 140 tot antwoordt op ul seer aengename 12 desur hebbe d'een van desyte melden

3484 1581 2357 205 als dat ingevolge ue ordre ue lujsie in de vender strate te huven, ote te

3476 1720 2360 185 coop hebbe doen placken, &den metser mertens met mijn seneght, daer in

3476 1819 2369 183 gesonden, om de reeken te visiteren, die voor antwoordt gegeven heeft datter

3463 1945 2434 176 in dit sesom niets au can gerepareert worden, om datter een partije tichelen

3488 2049 2287 122 moeten opgebrosken worden, soo sal dat blijven tot ue oversomste, wat

3490 2144 2404 151 belancht de achte stellinge huyshure van de wed: van den brande, sijn

3481 2283 2419 193 ul: affaires, al dat seggen can, is, dat men eenen hej het vel niet en

3479 2395 585 172 ean afttroopen

3494 2458 2401 250 il ingeslotene memone, benevens de quitantie van mevrous del campo

3484 2616 1336 180 hebbe aen l. laureys ter hant gestelt.

3496 2714 2363 209 voorleden saturdaghe, heeft si bataelle sijn toogh uijt ue huys in de

3476 2837 2407 198 latte straet doan wegh haelen, & bij die gelegentijdt heeft mijnen kneght

3485 2961 2352 157 het huys gevititeert & bevondt in de samer op den flincken Caut viel

3486 3073 2394 199 water wan, & naer baven gaende den trap niet dan gelijck niet water

3473 3183 2339 198 begoten, boven eijnde sagh hij niet als water waer op den lootgieter

3480 3326 2257 154 euft gaen haelen die in de goote bevonden heeft een groet leck

3471 3412 2410 197 het welck hij met keirs niet toegestreken heeft, hier selver tijdt sagh

3492 3544 2425 182 hij een groot gat in het tichelen dach dat afpparentelijck door ven

3474 3642 2443 164 groeten soormn die wij hier gehaet hebben voortsgecomen is, hebbe desen

3453 3787 2461 171 morgent mijnen singlet maer mertens gesonden, & niet thuys gevonden

3483 3888 2418 182 sal op den noem andermael senden sorse drageen, dat ont gat in het dell

3492 4012 2400 159 ennighsints gestent wordt want tis geen scsoen, om reparatien te doen

3472 4087 2403 203 moet belauckt den loot gieter, ies en verte, op mijn auotonteydt in

3482 4217 2440 177 het huys met hier niet te laten geen, te meer om dat het op solder is
