7734 4658
661 209 2574 129 d'amaslieven comen halen, volgens mijn di bevint hij hem geamtay

741 292 2379 154 om te weeten waer l di platen pr volet  pl moet

706 357 2441 226 soo dat bevreest ben dat en stuck op sijn rechte plaets niet staen

720 496 2468 173 dat in mij val plaitit doen het  alliver eent jt te teckenen dae

730 588 2349 158 aen t uijten waer ien pr   liogen moet en geen

735 635 2423 204 veroratt oc te hebben dat uy nochtans soo veel gelt costen sal

719 742 2404 229 het is mij leedt dat ue soo veel moeyte geve, ben van ue derise

707 836 2424 256 content nu ben evenwel voor de creppine spiegels  het schoderen

735 971 2383 176 van de galere seer geambarasleert dat ick alle die moeyte en

732 1054 2384 237 achter dencsien hadde sonnen bguijsen, geloove niet het wercke

727 1167 2429 193 op dese maniere soude begontt hebben vertrouwe ue mij wel sal

751 1280 2467 197 willen bechulpsaem sijn, & ue teekenis vant arnassier afwaghtende

744 1461 571 123 blijve naer nu

732 1472 2417 218 P. naer het schrijven deses besome ue aengename van gisteren

721 1604 2416 169 die ue ten deele mede beantwoordt vindt ue stelt op de ve

747 1727 2394 165 want gelevert coper werck, voor de golade gelpent guiede buys

703 1806 2491 226 de vee hant haven t wee halve gespen ƒ 14:12 dat is inmers

769 1910 2261 209 de veel, gelieft de quittant ie te schrijven voir twee honders

741 2054 2425 152 en tmintigh guldens in voldoeninge van alles, & sal de selve met

752 2158 2450 198 den Coetsier van de diligentie af woghten, & selt gelt volgens ue

2505 2250 654 223 Ady 19 febru 1729

743 2268 881 173 ordre aen hem betalen

577 2397 810 160 London Sanwel Suinfin

757 2441 2418 222 J'ay receu en son tems les deux agreables vres du 17831 du passe V.S p la

751 2616 2357 176 premiere un extrait de mon compte courant, du quel me reviens pour solde

766 2732 2456 108 £186:11  ce que j'ay trouve daccord, & annote le tout de conformite & vre

758 2827 2345 141 derniere ie recois vre remise de £190:- a 35:5 a 2 usances sur

751 2926 2383 151 Jean j. sucquet iunier, la quelle est accepte & vous en seray credite

727 3023 2510 176 comme vous avez la bonte de me marquer, que le divident de la comp.

739 3165 2493 111 du sud se doit faire le 14 courant V.D. ie vous debsteray pours £20:-

766 3285 2453 153 pour un demie anne eschue le 25 xbre 1728 passe, a raison de 2

767 3387 2392 162 vous estant bien oblige de vre exactisude, & sues tres parfaitlement

2575 3499 450 166 Adij 22d

663 3478 1066 226 Rijsel de wed: theodor Van Zeller

741 3592 2443 195 J'ay reccu en son temps les deux agreables vres du 14 & 19 courant ay aut

767 3732 2425 137 appris p la premiere avec bien du plaisir, que les documents a legard

759 3864 2456 129 de la rente sur mons: desjaunaux vous ont este a souhaits, ie n'ay encor

766 3930 2389 155 rien payez au notaire ie veu que mons. auvray paye tout le temp

765 4015 2460 172 nous cespprendra le succes, ie vois p vre derniere, que madi Coovanne

765 4137 2437 171 vous est venu dire, que l'on offre pour le loye de la maison de mons:

777 4253 2396 177 proville ƒ450:- & que c'est un marchand de vin beure & for mage

3515 175 2437 127 qui voudroit avoir fait ince cave dessous la cour pour autant qui me regarde,

3501 277 2486 142 ie ne consentirois point, pour faire la cave, & ie veu bien vous due, que jaimerois

3520 355 2434 176 mieu d'avoir mons: pour ville dans la maison pour le vien balle que le

3500 482 2298 166 marchand de beure & formage pour ƒ750:- car il faut comptes, quil

3491 540 2483 196 gatterois plus la maison sur un an, quun autre sur dix ie ne scay pas

3489 654 2438 216 si mad. Coroanne a fait ces reflexions la deslus enfin ma chere tante

3509 772 2433 198 comme vous avez la bonte d'avoir nre interest a coeur comme pour vous

3502 889 2434 186 mesme, nous avons lieu d'estre contant. ce qui regarde les reparations que

3491 993 2344 157 boussemer demande, on ne peu rien faire, avant que le partage soit fait

3479 1048 2435 243 & vous avez bien respondu a villerr. ie mestonne de voir que t0 bonniers

3486 1223 2463 139 de terres bonne maison, bien plante sone a ƒƒ11:- & un autre prez de la

3463 1312 2440 194 ferme de 26 bonniers ƒƒ750:- ie ne peu comprendre que le prisent

3493 1398 2485 168 a mise la sence de boussemar a ƒ50197:17 ou quil ny at que 2e bonier

3490 1525 2453 165 il faut, qu'il l'est regle celon le baille & quelque fois lun ou lautre

3508 1609 2447 207 pourroit ettre duppe la dedans, ce pour quoy jaimerois bien avoir vre

3486 1716 2317 198 sentiment, ie vous ay priez de me marquer, combien de terre ou

3484 1825 2472 185 verges contiement, dans un bonnier aparament que vous n'avez pas fait

3498 1953 2399 166 ieflex don la dessus, vous priant de m'en informer p occasion, & vous

3507 2055 2430 209 obligeray celuy qui est avec bien du respect Ady 22 febru

3310 2178 617 186 brussel florus Simons

3509 2225 2418 197 ue mij seer aengename 19 deses wel ontfanghen, waer op tot antwoort segge

3497 2361 2472 151 als dat wet cay veel plaiser vernomen hebbe, dat ue het gelt aen ue goeges

3482 2483 855 159 onden wel is geworden &

3485 2470 2473 221 voordes den ladelmeller seght mij dat ue te wijnige rosetten & punten voor

3467 2637 2532 132 de toomen gesonden heeft dat daer 1e vosetten & 24 punten moeten sijn, naer

3494 2764 2475 141 6 rosetten & 12 punten bevonden worden wille goet twijfelen, oft ue de

3496 2856 2488 147 selve noch senden sal, al hoe ue ue betaelt hebbe, hy seght dat sonder

3503 3003 2497 133 die resterende brosetten & 12 punten, de Dhoomen niet compleet connen

3498 3062 2507 136 weesen naer behooren sal met groot verlangen de teckenngen van

3494 3196 2472 131 den schider te gemoet sien on vervolgens te resolveren, geloove

3496 3341 2514 119 niet dat die met de wapens sal aennemen om dat het ue te gemej

3487 3395 2528 183 & ordenairen stiel is wat nu belanght de creppine soo sende aen ue

3510 3487 2449 169 heden de 4 leeften van den binnen doen van mij ne galere van

3501 3610 2512 200 de selve smatte & dichte, volgens ue toegesonden stuckk om de crepine

3517 3734 2494 116 vervolgens te laten masien, int selve couleur van het gesonden stwek

3510 3844 2325 131 van de frenie & winct gallon, maer regeire pret anders als de

3491 3925 2468 195 creppiue routom de galere met de 4 fleurons in de houcen,

3471 4051 2510 195 & de 4 fleurons, boven de postitte boven den spregel & boven den

3497 4161 2443 188 sugge, geen fleuron int midden oocke geene fause srepine

3512 4324 2497 121 nochte voor de binne lussens, allienelijck die toer van de galete
