7817 4678
2490 205 783 184 Ady 23 july 1731-

779 213 1460 187 Turnhoudt Tt samen & wed: P: sanen

965 309 2307 213 uk brief van 19 deser benevens de 50 ¾ 3 segels, op sijn tijdt wel

969 420 2282 214 ontfanghen ue can disponeren vant gene ne schuldigh bee

958 522 2256 225 & in gevalle ue op vrijdagh ovrcomt sullen alles signideren

970 649 2331 205 hebbe een stuck tijck van ½ voor mijn eijgen gebruycke noorigh

976 761 2314 211 soo bidde van die particulier voor mij te doch matien 3 segh

976 871 2167 220 sin alle strecgs, dat se heel dicht is, & wit recomandere dit

980 968 2276 238 hertelijck & soo haest de selve gemaeckt is, mij toe te senden

979 1085 1793 227 tgene verwaghtente blijve nae groetenisse

2612 1156 632 220 Ady 2 July 1731

747 1254 1156 165 Brugge lauvence Jan tentergen

927 1355 2346 196 ick mij seer aengename van 12 pass is mij op sijn tijdt ter hant gecomm

981 1468 2304 182 dr bij de rek van oncosten op het pack tijsien  N. 509 montetense in couran

974 1552 2272 209 gelt £3:19:2en waer vooren ue in wissel gede is gecrediteert voor

970 1692 2270 170 £3:7:10 en blijvende del. verplicht voor de sorte expeditie, sijnde het

979 1789 2211 197 selve pack behouden tot london gearriveert p schipper preter heye

891 1945 2407 116 desen principael tot advies als dat aen ue toegesonden hebbe plvoerman

961 2004 2331 202 adrosture die desen morgent is vertrocken tuee packen tijken, gemerckt

957 2118 2285 194 N.60„61, inhoudende hondert in vijstigh stucken tijssen te weeten

992 2229 2300 212 in N. 60 tijftigh, stucken, & in N. Pr hondert de welcke vervolgens

964 2355 2239 206 gelieve te verclaeren, & p eerste vertreckende schip, op londen te

943 2466 2303 218 versenden, te advisseren aen dh John tatnall als vooren aen

977 2574 2248 204 mij de oncost ick benevens het cognossement toe te senden op het

969 2707 2288 190 spoedighste. bevinde dat ue debiteur ben, & vermits geene occasie

978 2797 2211 231 hebbe, soo clijn bagatellen de connen remitteren, soo cont bij

987 2945 2221 186 voorvallende occasien daer over disponeren d'eere van ue

982 3079 2287 180 antwoordt met het voors versoeck al waghtende blijve niet

2832 3171 145 117 my

982 3183 666 188 veele achtingen

2614 3193 646 208 Ady £. aug:173

799 3306 777 172 London John Satuall

985 3377 2275 223 ie me referre a ma derniere du 14 du passé depuis sans l'honneur

949 3524 2242 196 des vres, celle ne servira que pour vous eenvoyer la facture

964 3624 2247 194 des deux ballots N.60:61. cy joint contenant 150 ps. tickes

967 3753 2322 174 montant en semble en argent de change ƒ1512:10 les quille

962 3897 2205 201 sont charge, dans le bateau de sucas strobbant, qui parte

964 4006 2337 215 aujourdhuy de bruges pour ostende, pour y attendre le premier

980 4143 2226 213 vand favorable, pour le mettre un voiuge de Londres

959 4264 2165 213 j'espere que vous les receveray bien conditione, & que

3544 212 2428 104 vous seray tres contant de la marchandise estant tous de la

3530 301 2383 189 melieure soite & s'il y en at d'autres a vre service comandez

3547 392 1228 185 celuy qui at l honneur d'estre

5218 454 679 214 Ady 3 aug.1731

3366 533 1661 149 Brussel mons: sansot intendant de mons: le prince

3499 628 1047 180 djsenghier rue de mininces

3542 713 2360 166 comme mons: de Canvoy de Lille me mande p sa lettre du 31 du passe

3544 827 2379 188 que ie tirerois pour son compte sur vre grace la somme de septmil

3527 955 2303 168 septante florins argent de change & que l'occasion s'est presente

3544 1043 2354 193 aujourdhny j'ay l'honneur de vous advisir p cette, que j'ay tirez

3546 1155 2415 153 sur vre grace la preditte somme de sept mil, septante florins avient

3536 1276 2375 186 de change payable a deux jours de date a l'ordre de mons: Jean B

3532 1382 2363 190 sogels, vous priant de faire honneur a ma ditte traitte & le passer

3531 1491 2187 198 & compte on predit s. de Lannoy, estant tres parfaittement

3391 1624 895 175 Lille de Lannoy de la vaiere

5195 1615 595 190 Ady 3 aug: 173

3538 1700 2397 196 je n'ay receu qua hier vre agreable lettre du 31 du passe, p la quelle vous me

3544 1857 2418 100 mande, que ie tirerois pour vre compte sur mons: sansot intendant de mle

3530 1942 2434 171 prince d'y sengien a brux elles, la somme de sept mil septante florins argent

3525 2038 2437 189 de change, & somme loccasion d'est presente aujourd huy, j'ay tirez la preditte

3538 2138 2410 133 somme a deux jours de date payable a l'ordre de mons. Jean B. Cogels

3530 2268 2447 136 l'ayant regotie a  de vre perte de sorte que vous en este credite

3546 2354 2433 192 pour ƒ7061:3 argent de change dont vous pouvez disposer ne doutant

5094 2464 155 89 dibto

3536 2501 2394 161 point, que mons: sansot fera honneur a ma traitte, l'ayant fait

3530 2588 2391 186 en ne lettre de change, ie luy en ay donne avis apriez de les

3525 2707 2413 195 passer a vre compte, il me fera beaucoup du plaisir, si l'occasion

3541 2858 2357 148 sespresente de pouvoir entretenir nre petite correspondence la

3532 2926 2355 193 provision de vos propresaffaires serat gratis a vre service de

3514 3050 2370 176 mesme a la famile, le schange d'amst. & sur paris est comme

3534 3164 2388 187 au pied de cette sur lille il ny en a point icy. ie vous prie de

3525 3275 2447 178 dire a madame Van Zeller vre chere tante, que j'ay reccu la lettre

3532 3369 2426 222 du p courant, & que j'auray soing de ne point m'en gager pour

3544 3528 2311 139 elle, pour la rente en question, comme ille at la bonte de

3519 3598 2386 226 me marquer, mais sitoit, que tout serat fait, & quil ny at

3532 3742 2413 180 auqune scrupule ie luy en donneray part, & alors elle pourra

3503 3885 2471 167 faire ce qu'elle jugera louveur ie garde expressement mon argent

3519 3971 2418 175 pour y avoir part madame melijn at l'honneur de vous faire

3508 4084 2432 221 ses compliments de mesme a madame vre chere moitie sa

3525 4244 2358 186 chere consinne & ee toute la famile, permittez L:V:P
