8097 4644
875 209 2362 138 Nivelle Nicolas Marcque marchand des pieres a feluy Ady 15 sbre 1736

1054 305 1052 188 au petit cheval blanc a Nivellel

1043 362 2197 227 depuis ma derniere, J'ay receu les trois pieces de pieres pour la corusse

1043 497 2233 207 Comme aussij les quatres pientes louvonge est entierement mide, il ne

1043 623 2109 194 reste, qu a vous payer, deux ouvrier on travalliez trois jours, pour

1040 721 2172 206 resuperer la faite, & il at foute encor bien des feirs & du plomb.

1048 839 2051 206 il me faut encor deux petit pie destots de la mesme sason

1030 939 2199 209 comme les deux dernierement envoyez ne doutant point, que vous

1036 1053 2236 209 avez encor le dessin chez vous ce pour quoy ie vous prie de les

1035 1161 2209 203 faire faire, p lle premier, & il fautt quils ne soyent que de deux

1041 1280 2185 176 pieces, la piente doit estre attuchez a la piece du nilieu somme

1047 1413 2154 196 les deux dernieres, aussij faut il faire refletion, que la bande

1031 1513 2187 194 qui viend contre le capitae, soit aussij attachez la la piece du

1029 1620 2030 219 uilieu comme les precedentes, ont este, a quoy il faut faire

1051 1760 2223 171 reffexion, vous priant de me les envoyer au piustes possible, de

1028 1876 2105 148 la belle piere, sans blanc, & sans feintes, & bien sislle & en

1048 2012 1226 178 cette attente, ie vous salue & suis

1037 2106 2196 143 incluse ma pense touchant les piedettots ie rois que vous

1037 2243 2175 165 le comprendray, cependant, il faut le mesme dessin, & auteur

1030 2341 403 165 des autres

1021 2427 2266 242 pour pouvez venir recevoir l'argent de ce que vous avez livre,

1006 2571 612 172 Jus qua present

2463 2552 722 225 Adij 19 sber 1736

884 2657 958 218 Melsele Jan B. Mousseas

1048 2769 2208 195 hebbe in afwaghtiinge geweest dat ue soude overgesomen hebben, dogh al soo

1050 2886 2199 191 men mij gesehijdt heeft dat ue sijnen voedt heeft ongeslagen,& dat ue niet

1042 2990 2180 174 en sonde gan doedt mij vermoeden, dat ue niet wel soude conner comen

1026 3100 2229 150 vermits ue commissie opt uyt sijn is, soo sende hier ingesloten de songe

1018 3218 2210 196 van een niuwe welcke gelieve te teckenen, & mij cito weder te senden

1037 3334 2271 158 als wanneer de vriginele ul sal laeten behandighen, echter het waer mij lief

1010 3446 2296 201 dat ue toecomende vrijdagh selve soude coneen tisheyligh daeh om over te

1030 3598 2183 166 afgehaelde kerre te spreken, ick hebbe het lant in Calloo ingekoght

1026 3681 2293 196 op ue versoeck & van die balliee soo isser een livoij voor Jan onderhandeny

1025 3804 2217 195 doert hem seggen, dat hij overmorgen bij mij moet comen, & soo iue

1016 3959 2223 169 niet overcomen can, uk can hen sijn brief met dingeslotene copije

1037 4039 2222 173 mede geven, oft wel doort den schepenen bode, gelijck ul geraden

1020 4159 2094 220 sal vieden, shilck verwaghtende blijve naer groetenisse

5799 132 123 174 1d

5128 204 720 163 Ady 24 sber 17367

3408 206 750 159 Turnhoudt Tuill: Sanen

3487 295 2367 195 ul brief van 30 auge lest, op sijn tijdt ontfangen met advies dat ue op mij

3481 390 2366 148 jetroisien hadde ƒ 949:18 wissel gelde ordre wed: & gioius saven welcke

3458 526 2386 154 assignatie promt visdaen hebbe dogh dient niet un voldoeninge van de

3475 612 2412 161 laeste partije tijken, alsoo ue daet inne een abuys hebt begaen, tene

3486 690 2408 173 naer wilt sien, & mij een ander facture toesenden voorders aen den volt

3467 835 2388 153 deser de notitie van hondert stucken tijssan de welcke van het alder

3482 914 2260 189 bette goedt gelieve te besorgen & toe te senden als ue die gereedt

3479 1047 1937 179 sult hebben, twelck al waghtende blijve naer groetenisse

3810 1156 1433 147 60 ¼ groot stot 40 smalle 20 breede

3811 1273 1307 163 20 ¼d ..10 suuille 1083

3826 1379 893 182 10 ¾ 3 segels 10d

4861 1411 309 189 10 d.

3815 1509 592 198 10  d legels

4302 1558 1027 216 ƒ60 suille t0 breede

3769 1673 358 151 100 ps

5270 1672 575 193 Adij 28 sber 1736

3373 1771 2027 199 helle belle Antoine Joseph Van mosevelde greffier van schellebelle

3477 1876 2226 198 ue missive de dato 18 deser is mij maer op gespasseerden sondagh 23 ditto

3471 1985 2408 139 behuldight waer by ue my adviseert als das de prochie emmers borgen & schepencn

3478 2123 2352 149 van ttentie sijn mijne rente van serhondert pouden capitael wissel gelde

3454 2253 2256 148 te quiyten, ten waere de selve wilde laeten loopen tot dry p ceuto

3459 2332 2338 188 courant gelt waer op tot antwoordt segge, dat bij desen consentere voor het

3484 2457 2395 182 toesomende, in de reductie, van mijn voors rente tot drij p cento, op conditie

3479 2577 2347 107 dat de te verscheynene intresten jaerelijckx promt sullen betaelt worden

3476 2670 2305 166 binnen antwerpen ten coste ende perijsel van de prochie ende dit alles

3473 2783 2296 150 sonder eenige de mieste atteratie, ofte innovatie dan den venten brief

3477 2896 2307 197 waer toe voorders gereferreert woort, consenterende bij desen, het selve

3464 3001 1130 212 alsoo aen te teckenen, & blijve

5146 3027 525 202 Adiy 28 d

3374 3129 1607 227 hingene mijne heeren ballim borge: & schepenen

3415 3304 2450 136 Wij en connen ons niet genoech bestlagen over ul: sleghte manniere in het

3482 3384 2374 148 betalen van ue croisen van renten tus competerente, met ue brief van

3481 3491 2444 212 12 july 835, hadt gijl: mij geadviseert dat borge & schepenen twee ordonantien

3478 3603 2422 217 hadden gegeven aen hunne ontfanghers ider van een geheel jaer jntoest met

3461 3723 2393 205 den latt van d'eene promptelijck te voldoen, de andere een maendt daer

3477 3839 2268 133 naer, tis gebeurt dat wij het eerste payement ontfanghen hebben op

3473 3950 2426 160 22 sber van den voorleden jaere 1735 waer mete voldaen was het jaer

3480 4085 2399 154 perf: 19 gber 1700 doyien dertigh, sedert welcken tijdt wij niets meer

3482 4188 2395 233 butt anghen hebben, al hoe wel wy ons vertrouwt hadden, op ul
