8043 4658
944 205 2255 179 ende de principaeltte saken, ontrent derintresten die dhier de lannoy

940 348 2261 111 heeft laeten besitten aen sijn moeder soo van sijn vader groot vader

933 391 2236 189 en moeder als van de tante gestorvenejonge dochter, mijn liefste

942 505 2189 202 heeft de papieren doorsoght, & sien door de inventarissel der

919 632 2139 173 revennen, soo van d'ien als d'ander dat het al hoogh bekoopt

917 709 2073 224 & mischien voor sijn deel meerder soude beloopen als ont

928 836 2230 212 pretentien wirdt hij gewaer dat wij noch souden moeten opleggen

937 931 2244 216 soo sal hij sekerlijck niet accorderen, somt hij te cort, hij sal de

911 1031 2235 223 sijn soo trecken, dat hij het effen op sal trachten te crijgeen

922 1148 2239 223 & het sal ons gelt cotten, aen procureur & advocaten, soo dat wij

943 1271 2187 222 geschape staen, goedt gelt toe te geven, wij hebben al twee

939 1402 2248 187 mael met hem ue conferentie geweest, & worden genoch gewaer,

924 1518 2264 153 dat hij niets schicht te geven sonden my ten rechten gerale enn

921 1589 2330 239 dat hij de rek: van mombaerdge in alle sijne pointen laudeerie

909 1772 2330 190 & approbeerde, sonder iets voorders de minste pretentie te formeran

906 1877 2184 202 sine rek: saldeorden p winst & verlies, & daer over eene

905 1973 2273 155 fransactie maechten, geloove voor ons het beste waere voor

929 2060 2249 226 mijn deel, ick soude daer door passeren & in gevalle ue oordeelt

942 2214 2246 219 van gelijcken van dit sentiment te sijn, gelieft mij ue ordre

3141 2315 49 141 6

927 2321 2022 217 te geven, sullen trachten op dien voedt te eeijndegen

927 2444 2227 181 mijn liefsie doet ue benevens mevrouw haere gieve suster

950 2562 2179 188 fisken myt heer ue broeder verscheren van haer respeet

933 2691 2247 182 twelck van mijnen cant mede gelieve te aggreeven, als mede

938 2797 2248 184 teen onte fillekens, die seer verlangen, om hier met hidn

925 2925 2268 156 cosyntien te spelen d'eere van u antwoordt afwaghtende

942 3066 776 173 blijve sin cetelijckx

915 3128 1821 252 Pl. ingesloten corije van sjne 3 plaeste retletie

944 3220 2217 218 hebbende op de voorige veltooninge gedaen dogh op dese weeten

953 3383 1843 200 wij niet te doen, soo gelijck hier vooren verwelt

3323 645 2117 206 us: ons altijdt seer aengename van 13 deser uij wel ontfanghen, daer bij

3306 804 2169 152 verstaen dat ut present tot brussel is & acerende oc de revisie v'an

3300 887 2109 166 un heer secretaris goos tegens de familie &an dheeren vecquemand

3298 972 2184 195 oorders tot vrindelycke antwoorde hebbe d'eere Van ins: te seggen als

3310 1070 2210 156 dat onse intentie is geweest van te profiteren van ue noodighe genaes

4277 1193 1103 70 het geliefft te hebben, van het geschschap

3297 1202 2220 152 gendt te comen met onse fislckens tins in retour te pretiteren van ue

3306 1314 2246 171 mevrouw des.: liefste fissien  ende dat ten tijde van de ficantie tonden

3313 1391 2212 191 huyse maer het ongeluck heeft gewils dat mijne liefste eene pijne

3308 1512 2074 185 inde borst heeft gesregen gelijck sij noch eens gehadt heeft als sij

3296 1606 2072 191 jange dochter was tgene haer present seer tn somodeert t evenwel

3307 1711 2238 195 ingevalle sij somt te beteren, soo danigh dat sij haer op de reyse soude

3311 1814 2161 193 connen oft derven begeven, sullen het geluons d'eere geven van

3310 1930 2147 173 uiiale te comen besoecken om te toonen hoe wij genegen sijn ue

4733 2034 302 86 vvo lderen

3302 2001 2245 151 nevrouwe ur: liefste in alles te trachten te n & de oprechte

4027 2136 1530 68 dogh ingevalle perthaer onmogelijck was, over e comen

3319 2139 2235 178 bruntschap de onderhouden wat ibe langht t'affaires met den neere pentionaus

3305 2252 2220 98 us san sien uyt de leste memone waer van de conye ue toegesonden

3299 2345 2120 124 hebbe wat geschil datter resteert fanceste is over de nalaten tijdt

3304 2465 2195 172 van de goederen door de moeder van dhs lannoy beseten, & geloove niet

3304 2566 2238 173 anders pretendeert want de andere voorgaende pointen sijn geglisteert

3305 2648 2226 198 alsoo wij aen hem de bescheyden daer van getoont hebben wij hebben

3302 2772 2204 183 hem sedert niet meer gesproken, maer in de laeste bij een camste

3291 2885 2204 187 hebben genoech geremarqueert dat hij niets schickt te geven

3284 2981 2166 178 val men eenige presentatie te doen ingevalle de casse in

3303 3099 2197 167 aibiters handen soude moeten comen, soo gelieft soo goedt te sijn

3292 3202 2238 203 van mede te brengen de partagie van de goideren die dh: lannoy

3284 3309 2264 203 saliger gehadt hheeft niet sijne mede erfgcnamen, welcke partaqie

3287 3460 2263 150 mij aen u6: ter hant gestelt gehadt hebben, vermits ue: de rijselsche

3290 3533 2253 153 gederen gecosen hadde wij sullen de laske laeten berutten tegens

3283 3688 2247 165 u overlouste, & dan mondeline resolveren om een eijnde te hebben

3303 3771 2224 190 want het waer noch erget soo sult niett en geschiede in sijn leven
