8104 4644
1032 212 2283 135 hier mede te neteren als dat hij overleden is op 21 sber 1728 ende dat sijn

1023 284 1633 175 sterfhuys int gemyn gebleven is, tot 31 aug: 17133.

1038 356 2246 164 verhopende dat den voos heeve kasquin hier mede syn volle satisfactie

1031 493 2288 171 sal hebben, ul: versoeckende, van soo uyt mijnen name, als van wegens

1033 553 2168 188 den heere van Coleu aen den selven heeve, ons oort moedigh respect te

1037 668 2280 159 betoonen, & hem serativelijck te bedancken, voor sijne goede genegartijdt

1033 810 1839 170 tot het willen expedieren van onte gepresenteerde ress:

1050 938 2282 126 wij sullen u rembourteren 'tgene ue: voor ons sal comen te verschieten

1035 1055 2120 123 soo over briefpoorten als andersiuts, & trachten te recompentevens

1034 1156 2296 149 us: devoiren, & sijn ue mede. te ven anderende de de pesche saa de selve

1042 1241 1040 191 rekeniege, & blijve oprechtelijck

2339 1231 867 175 T Dintw: Dinaer

2485 1348 671 182 Adij 25 sber 1737

870 1364 906 158 Melsule Jan Ba. Moenssens

1048 1464 2215 170 us: brief dan heden wel ontfanghen daer bij gesien, dat ballue Borge

1002 1626 2254 146 & schepene, niet en hebben afgehaelt de beste bieste in questie, & rat

1024 1717 2155 108 van esbroeck gesejdt hadde bij den ballin te somen,  niet geweest

1041 1832 2149 129 en heeft, tis ni te vrecken dat hij sijn beetten oft wegh gedaen

1032 1880 2243 219 of op andere weyden gestelt sal hebben, soo doedt iets sonder voordere

1032 2054 2158 162 ordie sal morgen naer gent schrijven om advisen over het sal

1026 2152 325 137 te hebben

2482 2124 484 237 Adiy 26

876 2242 1189 160 Gendt den hure advocaet Basilius

1027 2329 2245 213 me de liberteiydt van aen ue hier benevens toe te senden eenen

1028 2466 2276 213 casus positie over eene sake, ons noyt voorge comen, ten opsighte van het

1028 2588 2240 164 besten hooft ofte catthey & alsoo mij daer veel aengelegen is versoecke

1016 2697 2284 200 den selven met ue schrifelijck advies cito mogelijck terugge te senden,

1011 2831 2191 183 & en gevalle e eenige swarigheden soude bevinden, ue can noch

1024 2925 2203 144 eenen advocaet assumeren die ue die rechten het besten ervaren

987 3062 2248 145 soude sijn, al: deboursen t& t gene ue voorders soude toecomen sal ue

1029 3175 2160 160 ten dancke doen betalen versoeckende vant selve de notitie mij

1025 3281 2236 180 mede te laten tocomen d'eere van ul antwoordt met de adviser

1002 3389 1407 197 verwaghtende blijve op rechtelijck

5762 171 145 125 14

4236 216 231 116 Casus

3463 222 2398 219 Dhuijs vrouwe van Anthone Van esbroeck woonende op het vlaems hooft

3495 409 2403 148 juvisdictie van swijndrecht door een iuflanatie aen het been, soo danigh

3450 477 2373 198 branck geworden sijnde, dat sij is moeten worden geadministreert def

3482 592 2365 201 reghten van de neylige secresie, & het selve gedaen sijnde heeft sij haer

3481 695 2275 203 i het versoecke van den chirisijn die haer onder handen was

3494 852 2269 147 hebbende laten transporteren binnen de stadt antwerpen, tot

3487 904 2224 205 meerder commoditajdt van den voors chirusijn ende niet

3467 1066 2351 126 tegenst aende welcke, is de voors huijsvrouwe eenigen daghen

3449 1139 2227 211 daer naer binnen het vroint antwerpen comen toverleyden

4119 1300 382 193 Luentur

3483 1379 2400 220 oft aen den heere van het gemelt swijndricht reght hebbende, tot

3467 1554 2451 97 de bette hooden met de goodt van de voors mijsvrouve niet en

3487 1628 2369 156 is vervallen het besten hooft ofte cattheys van dille de meubilere

3495 1756 2178 201 effecten, bij haer binnen sijne urredictie van hwijndrecht

3472 1896 582 131 aguter gelaten

5213 1892 627 204 Ady 27 gber 1737

3408 1986 1690 209 siville Nicolas Marcq marchand des pieres a feluy

3483 2121 1207 181 au petit cheval blanc a Nivelle

3467 2266 2409 177 J'ay este long tems en attente que vous m'auriez envoyez les deux pieces

3474 2394 2396 181 de piere pour faire le creche de mon escurie a la comp. & comme ie

3485 2467 2368 227 ne voyois point d'aparence, pour les recevoir, j'ay resolice de la faire

3456 2622 2391 178 du vois & cayant ainsy ordonne, ce pour quoy ie vous escrive cette ce fin

3467 2729 2380 223 que vous ne prendriez point lea peine de m'envoyer les dittni il sera

3471 2857 2300 197 pour un autre fois, mons: vervont le sculieur est admieustre, il est

3472 2971 2452 244 a craindre, qu'il ne fera pas le crist, pour la semitiere de ne dame

3467 3104 795 196 ie vous salue & suis

5162 3162 643 234 Ady 23 ber 1737

3382 3219 648 157 London Will: tatnall

3469 3334 2423 147 J'ay receu l'honneur de la vre du 5 courant 7.S p la quelle ie vois que stpu

3457 3432 2346 217 caliuse n'estoit pas encor arrive, il est vray que ie n'est pas ma faude, j'aj

3447 3543 2452 162 fait aussij courte esxpedition du ballot N.36 quil m'estoit possible mais ie ne

3465 3692 2447 166 peut empescher, que le veufere rentergem at preferre le dit calinse lavant

3472 3767 2447 215 les auttes qui estoient long sems arrive quoy que ie la recomande toujours

3466 3869 2388 218 d'envoijer vos ballots, p le premier battecen, prot a partir, ie uy en fait

3475 3995 898 174 mes plaintes aujourdhuy

3461 4080 2432 207 vre ordre pour cent ps. cotels y mentione, est execute de mesme celuy me

3455 4214 2405 222 donn p la vre du 26 aoust, de sorte, que vous avez a attendre deux
