7782 4685
3957 1356 73 116 8

3980 1472 1041 201 Bjn keer en weerde fiere

4013 1951 1627 133 Dese sal dienen tot antwoorde van he lesten

4023 2045 1592 105 de dato 2 gber 1729 dat ick geene origevele

4021 2113 1651 87 parripiere en pretenderen te laeten gaen uyte

3998 2137 1640 116 dese stadt soo lanck als wij van in alrandere

4024 2240 1646 70 niet gescheyden ofte gesepareert en sijn daeron

3983 2297 1689 97 ingevalle  eet sien de origevele papiere

3970 2363 1706 68 raeckeude de heeljck heyt van eslercken soo can

3982 2429 1661 84 de oft die selfs comen sien ofte imant daer toe

3966 2484 1610 79 com mitteren waer toe aevien ofte aen ul

3950 2542 1732 81 toties quotoes acces sal gegeven wonden, ofte wel

3943 2616 1700 70 soo ul dit soo niet en gelieft soo can ue daeer

3959 2655 1689 94 va soodanige copye doen ofte laeten maecke

3944 2732 1693 71 als te raede, onder tussen soo oonsente de dat

3927 2806 1725 67 het verheft tot merchenm geschiet in susterlijcke

3935 2869 1743 68 reclete ofte ten behoeve vande gelijcke of genaenen

3894 2920 1736 89 souden preuditie van eders reckt, soo ende gelijck

3910 2980 1687 80 het ousen schoonwaeder verheven heeft als by

3929 3044 1701 73 dat goet veronegen heeft waer van geen denon

3918 3112 1657 70 breevent het stert huys te vinden is en he

3927 3156 1729 98 welck vntwijffelijck int teen hot te venden sal
