7878 4665
2502 192 749 158 Adij 19 sber 173 te

813 209 508 164 sendt Coppens

959 305 2304 145 tot antwoorrt op ust seer aengename dan 16 deser hebbe deee van uk

945 420 2296 176 te seggen, dat den netaris herremans, over eenige dagen aen mij heeft

944 519 2335 183 over gelevert de ratoficatie van mevrouw ue: Compague van de transacti

943 620 2311 182 tusschen ons aengegaen, ende van den siend van den Cavel PB. daer

957 757 2310 146 op gevolght, & bij ul gedaen, dan soo sijn daer in r g

972 828 2007 181 eroeuren, de welcke sullen dienen gesordigeert te wordenn

947 935 2248 192 namentlijck aengaende den dat un ende den naem van den

951 1042 2256 198 notans want de voors transactie is aengegeeen niet op 28 augh

936 1206 2309 165 gelijck in de voorsatificatie staedt maer wel op 2 s augi sijnde

889 1261 2333 201 den naem van den notaris niet classoo maer vervlaesten bidde

951 1387 2262 203 ick oversulx van dit alsoo te willen veranderen, & mij als can

976 1516 2245 192 de acte daer van over te senden, & daer inne te laeten inscrreven,

953 1644 2320 185 dat de lavelinge is geschiedt & gepasseert voor den notares hermans

969 1736 2267 186 op 31 aug: 1731. alles volgens hebt in leggende profect willende

968 1843 2303 187 oock verhopen, dat ue geene difficultijdt en sal maken van aen

976 1970 2294 212 mij te doen overleveren den cejnsboeck van dhierlijckheijst

973 2076 2118 220 van twijndrecht terwijlen ick, dit aen mij toegeseydt hebt

973 2174 2288 212 op ue  woordt van eere, als wanneer ick aen ck hebbe ter hant

973 2353 2286 180 gestelt de resk van de man tot merckem, met de pacht brieven

968 2455 2164 172 int sterfhuys bevonden, vak ende de goederen in vlaenderen

976 2520 2230 230 gelegen, om alsoo alle ul revanden te connen ontfanghen

944 2646 2270 246 van iek s svel . sijnde bereijdt ue: alle hulp middelen daer

979 2785 2195 205 toe te doen, die in onte maght sijn ue wat wel, dat onsen

970 2865 2306 268 schoon vader saliges, om oncosten te sparen, van de packt brieven

960 2989 2270 267 die wils maer simpele copiye nam, & daerom hebbe aen den

982 3101 2286 204 notans herremans opgegeven de namen van de not avisen

979 3236 2223 237 voor wie die gepassiert sijn, ten effeete dat hij daer van

988 3386 2201 195 can doen massen de copyen antentique, & de selve aen ue

999 3487 2272 188 oversenden, ondertussehen is het mij leeet dat ick tot leder

985 3586 2306 209 toe aen ue niet an loeten toecomen de titels & doeumenten

991 3723 2296 151 ravende de goederen in ue cavel gestelt alsoo den notans

973 3841 2307 214 de selve noodigh heeft, om daer uyt op te stellen de scheydin

954 3926 2336 240 & deylinge, digh sal aenhouden bij ditto not ans, dat die soo

982 4094 2293 187 haest mogelijck opgestelt worde ue oock versoeckende

987 4197 2289 197 mij te laeten weeten, wat dat ul verschotenn oft betaelt

984 4325 2298 114 heeft voor dheeren van colen nop ende den 12. penuin

3486 178 2436 139 vant veer om aen hun de rek. daer van te connen overleveren

3478 263 574 149 este adjiusteren.

3497 302 2342 229 tis ons leedt te vernemen, dat ue onpasselyck is geweest dogh

3490 446 2168 195 met veel plaisir verstaen dat nu veel beter vaerende waert

3508 553 2406 156 wenschende he veele saren magh duren tot welstant van u familier

3490 673 2364 175 mijn liefste versoeckt haer complimenten te aggreeren als mede

3501 761 2305 157 mevroiuw ue comp.: haere liere suttes de eenighste die sy

3501 878 2296 119 in dese wevelt heeft benevens dhe ue broeder twelck mede

3493 971 2378 204 van mijnen ant ben versoeckende blijve niet presentatie

3504 1101 698 139 van onsen dienst

5139 1091 751 218 Adij 22 gbre 1731

3332 1204 84 113 ƒ

3343 1211 761 181 London John Patnall

3491 1324 2416 184 le 15 du courant fut a vre grace ma derniere, a la quelle ie me

3508 1474 2360 139 referre depuis sems l'honneurs des vres. celle pour vous informer

3487 1549 2382 208 qui j'ay receu aujourdhuy la dentelle, estant pacte En d

3493 1654 2283 219 N.62 dans 2 gread leads marque EE pour la quelle

3467 1802 1752 175 dentelle J'ay payez auiour dhuy scavoir

3563 1878 2345 235 y 20 a dentelles loopt lasse a ƒ5:10 p aune ƒ110:- argent

3499 2019 2373 232 courant dicy, faissant en sargent de change ƒ94:10 pour

3508 2167 1579 167 les quelles il vous plaira me crediter

3505 2296 2373 217 les deux ballots cotils sont prest, & lattend le chariot, pour les

3501 2395 2431 217 envoyer a bruges, dont ie vous envoyeray la facture cognesser

3483 2539 2434 215 en son tems madame tatuell serat tres contante de la

3467 2669 2336 221 dentelle, puis que le patron n'a pas encor parue

3465 2789 2410 216 you ie vous puis rendre d'autre service, comandez celuy

3494 2933 1178 162 qui at l'honneur d'estre

5269 2960 641 206 Adij 24 sber 1732

3347 3050 1554 188 dwijndrecht ballin borgemeester & schepenen

3493 3128 2431 208 alsoo op 22 deser provisionelijck hebbe aengestelt voor den tijdt Jan een

3479 3253 2249 201 jaer Jan B moenssens, tot het bedienen van de greffie van mijne

3507 3383 2415 139 hechyescheyt van twijndreckt in gevolge de commissie aen hem gegeven

3451 3520 2490 168 dien volgens is deser drenende ten eijnde van hem aenstonts in pessellie

3511 3608 2354 176 te stellen & voor lule te kennen mits gedaen hebbende alvooren

3481 3696 2354 151 den gerequiveerden iedt ende hem te laten malsen behoorelijcken

3499 3813 2434 203 in tentaris van alle de greffiale pappieren ten sterstuyse van

3487 3918 2412 205 den overleden greffier leevonden, & de selve benvens d'andere op het

3513 4045 2339 184 prochie huys en ordre te leggens ter interventie van comipans

3507 4148 2381 180 uyt iuk: wet daer toe bij borgemeester te committeren waer

3507 4247 1010 187 op vertrouwende blijve
