8070 4630
983 247 2194 137 soo moet ue sigh niet verhaesten, om sleght goodt te senden

985 321 1989 178 maer om de salderbeste van ick eyge tabrighe twelck

964 405 1438 197 afwaghtende blijve naer groetenisse

2569 445 678 208 Ady 16 ady: 1734

767 544 1436 149 Brugge wed: Laurence Van Rentergen

890 611 2283 213 Enbiaengename van 114 ey lest op sijn tijdt wel ontfanghen

976 747 2243 211 daer bij de oncost rek. & sognossement van het toegesondene pack

952 854 2265 213 N.65 bedragende in coutant gelt £3:5:7 wan vooren

994 942 2199 198 ue: is gecrediteert ghadde in gedachten gemest dat uk

971 1049 2276 216 van dobbelere, soude ingevordert hebben tgene uen schuldigh

974 1188 2271 194 ben, tgene volgens sijn raport niet geschiedt is om dat ue

987 1310 2253 175 seght daer geen haeste bij en wat hadde het selve versoghte

968 1397 2275 209 om mijn gplicht te qujten alsoo het niet tedelijck is dat ue

1000 1565 900 158 in verschot soude sijn

991 1626 2262 219 desen voorders om ue  te adviseren als dat op gisterandaen

989 1755 2177 186 u 1p voermn udroit die toegesonden hebben een ander

993 1847 2293 255 pack gemerckt  N.66: in houdende hondert en twintigh

968 1999 2150 222 stuckel tijsten twelck e eerst vertreckende schop op

964 2107 2222 240 london, gelieve te versenden, tte addvesseren aen dhe holu

982 2242 2272 218 satuale, & son, & de veularinge vel don, al hier vooren

980 2372 2258 222 ende aen mij te encost ick: venevens het coynossement

987 2514 2221 201 toe te senden, cito mogelijck twelcke verwaghtende

1011 2658 1577 175 blijve naer seerniuscame moetenisse

2553 2695 707 261 Ad7 A dij 1714

825 2812 995 174 London John tatuall & son

995 2878 2258 155 ie me referre a ma derniere du 31 du passe depuis sans l'honneur des

985 3021 2307 183 brey celle ne servira, que pour vous envoyer cy joint la facture & cognesemnt

953 3110 2273 210 dun ballot  N.66 contenant 120 ps. cotils montant en sembie en

992 3226 2227 220 argent de change ƒ 1229:15 estant charge dans le bateau de john

983 3377 2313 150 sheelam, le quel partira p le premier, pour londres dieu luy donne

1003 3464 2181 168 un bon & heureux voyage, & vous laisse recevoir le dit ballot

1013 3638 2245 138 bien conditione, ne doutant point, q ie vous seray tres contant

980 3735 2181 171 de la marchandise, & s'il y a d'autt chose a vre service

994 3811 1646 215 comendez celuy qui at l'honneur d'estre l

5111 206 784 164 Ady 28 aug: 1734 d

3344 212 728 150 London John Satuall

3491 313 2331 196 je vous ay envoyez p ma derniere du 25 du courant la facture

3457 395 2419 225 dun ballot 160, ayant poublie manque by joindre le comossend

3491 529 2352 201 que vous trouveray cy joint vous demandant exause de l'esveur

3461 639 2404 146 faire estant le suject de cette, & suis avec bien des compliments

5073 762 792 202 Adij 4 sber 173 4e

3335 795 1379 227 wijndiecht mons. Van berso procureur

3478 938 2228 213 sende aen ul. hier benevens een extraet uyt den cheijnsboecx

3484 1053 2319 200 mijnder heerlijckheijdt van swijndrecht tanne als ue occasie

4433 1175 318 96 moeten

3478 1168 2367 216 heeft van naer st: Nicolas te gaen, daer over te consulteren met

3479 1294 2313 206 deu besten & bequaemtten advocat flaet door den selven

3479 1412 2417 171 de dagh makinge opstellen, emmets te vragen op wat mandere

3472 1531 2429 198 shoelde insinidratien aen Frans: Mertijn, & Jacobus claus moeten

3472 1643 2470 230 geschieden, het staedt noch op den naem van Jan flaut & de wielen

3469 1764 2405 140 Jan Jan Mertijn, ditto slans is doodt hoe dat sijn broeders daer

3487 1862 2414 219 aen geraeckt sijn can ue van den greffier weeten, neemt goede

3485 1973 2258 228 mesures om int beginsie geenen guaden abttocq te doen

3504 2087 1357 203 waer mede blijve naer vroetenisse

5082 2162 749 206 Ady 4 sber 1734

3374 2216 485 212 Gudt Coppens

3496 2332 2285 201 wij hopen, dat ue: alle, desen avont thuys, un volle gesontheydt

3480 2490 2446 156 sult comen t'arriveren, naer ue vertreck heeft mijn lieffte bevonden

3480 2565 2449 198 dat mevrouw ul beminde den sleutel van de casse du opul. caeur

3484 2705 2435 175 stont, heeft vergeten wederom te geven, & alsoo het de ccesse van het

3467 2819 2468 157 sijn waet is soo wordt ul: versoght van den selven p post over te

3484 2915 2458 188 senden, willen echter gelooven, dat mevrouw haer gelt daer uyt sal

3473 3016 2258 184 hebben genomen, soo niet sullen het selve over tellen, & he

3482 3110 2428 194 eepat e wissel brief ue toesenden daer is noch op uk tcamer door

3487 3243 2426 206 onte seindermeyten gevonden een helve silvere Croone de 32 ½ st:

3491 3386 2367 176 eude de poeppe macchtter heeft oock 32 ½ t: wederom gebroght

3396 3489 2410 160 die sij vergeten hadde aen meerouw te laten defalqueren, soo

3451 3592 2356 186 datter aen ue te samen 65st: is comende, die aen ue tinver

3472 3707 2436 167 eerste over comste sullen restitueren, oft wel ingevalle in de Casse

3464 3885 1787 155 gelt bevonden wordt d te samen remitteren

3475 3969 2375 204 op de boste comende, comt dhs ballingan mij seggen, dat het

3456 4117 2445 186 groot proces heden gerapporteertis geweest sonder sententie

3460 4221 2375 207 te geven, dan alleenelijck gesejdt dat partijen, souden bij
