7885 4671
2484 202 793 177 Ady 13 sber 1731

774 216 780 191 London John Catnall

939 304 2333 190 J'ay receu en son tems les deux agreables vres du 20 & 23 du passé

949 432 2226 157 V.B. au quelles ie n'ay pas respondue plustoit p des grands

947 534 2323 209 occupations que j'ay en pour faire le grantage des biens de feu

967 658 2333 210 mons: de Lannoy seigneur de swijndrecht pere de madame melijn

946 767 2275 209 mon espouze & dans cette partage il m'est tombe la ditto

946 924 2290 161 sergneuvie qui me reviend a ƒ50000:- argent de change

929 1004 2341 206 luy dont l'honneur de vous dire, pour responce que vre ordre

953 1171 2236 142 a vre premiere est execnte pour 110 ps. comme vous m'avez

952 1262 1683 196 ordonne p vre derniere estant a scavoir

969 1370 516 171 20 ¼ 3 seales

966 1488 574 185 10 ¼ 3 seales

963 1589 682 169 20 ¼ gread leads

963 1692 736 194 60 ½ gread lead

982 1756 2191 250 110 les quelles seront paete ensemble En  N.62 & ire

955 1918 2263 218 ordre donne p vre lettre du 6 d'aoust pour 100 ps n'est

975 2057 2311 197 pas encor prest a cause que ie doit attendre jusqua qui

979 2159 2291 188 les  gread leads seront fait, & ils seront prest aussiy dicy

985 2294 618 169 en heoit iours

959 2314 2147 233 ce qui regarde la dentelle pour madame vre espouze

966 2461 2315 229 madimelijn a fait reflexion a ce que vous m'avez escnt a ce

950 2599 2253 221 sujcet, & elle ne aschepte quune ps de 20 a loont lace

952 2717 2310 230 une petite sentelle, la plus a la more d'engletterre un

959 2853 2299 142 patron nouvellement fait, dont madame tatuall serv

992 2955 2270 242 tres contante, mais elte at ette oblige d'esxcedeu vre ordre

970 3083 2295 232 puis quelle n'auroit eu pour ƒ4:- p aune qune viell

983 3193 2239 186 mode une dintelle mie, & celle quelle at aschapte est

978 3332 2279 153 un dessin le plus beau qu'on peu voir, belle blanche

964 3461 2285 202 ie campane or du comum & comme les 20 a ne lont

963 3561 2327 215 pas encor fait, ie seray oblige d'attendre encor 10 a 12

985 3703 2282 158 jour pour les avoir, & l'ayant receu ie vous envoyeray

975 3804 2266 220 la facture, & ie vous donneray part dans quel balot

978 3966 2299 177 il serat paete, dans in piece ¼ gread leads mcarque

964 4080 842 171 deslus le papier

976 4148 2314 177 j'ay receu aussij p vre lettre du 20 d'aoust une remis

982 4297 2290 171 de £100:- a 36:1 et sur frans de volder a gand la qui

3486 182 2404 194 J'ay envoye pour acceptation, ie vous envoyeray p ma premiere la

3472 286 2335 193 facture de so dentelle comme aussij de information de deux

3488 412 1427 181 ballots cotils, estant tres prfaittement

5133 407 775 211 Ady 12 sber 17315

3364 491 688 182 Melsele moenssens

3514 621 2345 180 hebbe in afwaghtinge geweest dat ue op voorleden vrijdagh soidde over

3504 715 2207 189 gecomen hebben om te delibereren over de affaires as: beskent

3447 816 2439 228 otterwijsen an ue niets verneme ben bedught oft ul onpasselij s

3502 925 2380 197 soude sijn, dat echter niet verhope, bidde van soo goedt te sijn, van

3499 1044 2406 180 soo het mogelijck is, mij te comen besoecken oft luf: huys vrouwe

3506 1152 2365 208 voorders hebbe vernomen dat ue den boom voor de calsye besorght

3496 1279 2415 155 hebt den welcken ue op ue overomptte ten danckke sal betalen

3504 1432 2416 149 ue dan met verlangern afwaghtende blijve naer seer vrindelijcke

3514 1524 406 148 groetenisse

5294 1504 477 205 Ady 17d

3348 1618 804 233 swijndrecht van orlent

3514 1723 2350 202 hebbe ul: brieven van 15 deser wel ontfanghen bij den eenen advies

3523 1851 2342 172 van het besten hooft vae frans verbeelen, synde en justalorken,

3508 1948 2399 191 gepresen op 8 p aterwijlent nimant is, die daer over comt accorderen

3525 2120 2356 139 soo versoecke vant selve af te haelen, & mij te laeten toecomen

3508 2225 2429 164 dogh soo iue: voor die aght s het selve can vercoopen seont dat doen

3517 2320 1704 196 aen my die weirde ter hant laeten comen

3502 2358 2422 243 de vrouw van Jan bronchani heeft comen accorderen dogh daer

3503 2568 2357 153 ontrent sijn al wat fourberie geschiedt even wel blijve ue

3502 2655 2410 179 verobligeert voo alle genomente moeijte  blijve naer groetene

5307 2793 536 207 Ady 15

3370 2808 778 187 Doel wed: le page

3520 2953 2327 172 eenen brief door procureur van berlo gesonden & haer doen

3508 3026 1144 197 aen seggen van te betrecken

5330 3048 489 239 Adij 19d

3400 3158 1075 195 Melsele Jan B. Moeussous

3525 3271 2335 236 wij hebben met groote verwonderinge ontfanghe ul brief

3507 3438 2295 193 van desen morgent dogh wenste wal met den eersten

3515 3546 2277 228 ue daer over mondelinse te somen sprcken twelck

3518 3673 2311 244 met verlangen afwaehtende blijve naer groetenisse

3482 3836 1921 221 pS supponere de las e connen moderere

3488 3956 1920 216 & der persoon in questie genoegen te geven
