7357 4500
2512 170 375 119 28 July

446 163 1046 175 Loven Bart Corthout

591 245 2420 176 den ue van 16 deser heeft mij verstelt gemaeckt, om dat ick sien dat ue den

603 363 2422 144 bext van mijnen voorgaenden brief qualijck opnemt, ende niet wel in terpretert

617 442 2469 169 de reden waer omme ick om gelt hebbe geschreven, want mijne affectie, & goede genegent

598 569 2484 117 heyt die ick hebbe, om mynen goeden onden vrint mons corthout wel ende getrouw

597 678 2446 167 lijck en can van ue cant geen misnoegen leyden, daeromme betrouwe ick oock dat

592 779 2399 128 ue in consideratie sal nemen, dat het afsterven van myne vrouwe eene

612 819 2393 212 particuliere presserende oorsaecke is & niet een vreeke van verlies, daer is een

602 971 2490 136 convoy met verse goederen tot briugge gearriveert, ende die sullen binnen 14 dagen

611 1016 2451 192 hier wesen can ick ue dinst doen gelieft mij te commanderen & uyt ue hoost

608 1128 2431 165 setten de gedachten in ue brief aengeroert, t'is my leet genoech, dat den oorloge

591 1223 2504 147 over al sulckx ruine causseert & schaersiveyt van gelt veroorsaeckt patientie

585 1325 1111 159 men can maer sijn bestedoen blijve

2641 1405 340 170 24 July

387 1453 910 228 ilst weduwe batton

590 1548 2457 184 Ick hebbe in langen tijt van ue niet vernomen, verlange te verstaen, dat

586 1626 2396 178 ue het gelt mach ontfangen voorde quittantien tot laste de stadt hulst

581 1701 2425 208 biddende soo de selven noch niet hebt becomen daer devoiren toe bedoen, ende

583 1829 2378 197 mij schrijven hoe het daer mede is, spreecht t oock eens met de vlieger te

571 1877 2452 202 weten wie now de gorsingen gebruyckt van de hove de duysckeel markus de

590 1993 2486 204 vrint heeft mij eenen langen brief geschreven over eenigen tijt doch ick hebbe

593 2087 2424 200 hem niet beantwoort denckende die gij ende de vlieger hem daer affont

577 2201 2356 154 hebt gehouden soo soude geirne deten hoe het daer mede oock is, om

584 2283 2461 181 vervolgens te schrijven, ingesloten syn 2 brieven de welke ue versoecke

582 2369 2413 191 te laeten behandigen, op dermert oft als sij binnen comen, ofte biy occasie

569 2473 2499 195 aen iemant medegeven, deportende moyte sal ue tendancke wedergeven

580 2624 221 137 Exye2

2681 2587 176 188 d

409 2672 1195 204 cauwels polder Jan willenssen

577 2751 2498 189 den tijt is verschenen dat ue heeft beloft ons te comen voldoen ende conten

570 2892 2474 132 bement te geven voor het gebruycken van het lant aen ue bekent, mons

573 2982 2411 157 herreyn heeft ue versocht j hem te comen in ossenis in may lestleden

580 3058 2482 175 en ue en is niet gecompareert daerentiussen heb ick een brief van Jan Janssen

581 3137 2394 173 uyt stoppeldijck ontfangen van 10 july lesbledon, wij willen het lant

575 3239 2449 178 wel vercoopen maer eerst voldaen sijn vande aenterstellen ende om ul

571 3341 2500 198 niet te supreneren heb ick geirne gewaent den tyt die gij selfs hebt begeirt

561 3412 2431 190 en terwijlen die voorbij is, soo verstaen ick niet langer meer te wachte

554 3515 2549 159 soo ue int cort mij niet comt besoecken oft geltseynt, soo nnt niet qualijck

579 3607 2486 167 dat ick ue costen aen doen sal t geensins simuleren want sal oock cost oock

571 3736 2519 145 wat het wil ue met recht tot den laesten tuyver doen betalen, daer om het

556 3815 2485 159 wat gij doet gij moet mijnen dat het genoech is lant te gebruycken ende

560 3913 2552 205 geen gelt begeven, dat is by my geen manier die terwachte voldoenine

536 4051 327 182 blijve

5726 162 110 106 25d

5192 176 416 115 29 July

3131 161 1086 212 Leniffe Ccornelis hier

3328 208 2475 241 mij hebben ue brief ontfangen, & ue versoeck geconsidereert tal

3343 311 2485 203 hoewel niet geeren, nochtans op hope van leererompte betalinge soo

3330 415 2496 203 sullen wij ul depachte laeten tot ƒ9„- heder gemeth het welck het

3311 492 2527 179 uytterste is waertoe wij hebben connen gesolveren midts conditie nochtans

3317 598 2388 182 dat ue niet alleenelijck den achterstel in 't' cort sal voldoen, volgens ue

3331 666 2515 235 gelefte maer oock het gene in toecommende sal comen te vervallen, oft andersui

3278 778 2131 201 niet, t'welck ue dient tot governo om naer te reguleren blijve

5246 868 393 159 3d: ditto

3129 883 876 202 Brussel Anthoni Rousseau

3339 943 2450 205 en responce a la vre de 23 c la partie negorie pour amsterdam de  300: a 1 de

3339 1065 2459 182 vre parte port ƒ740„15 £ 123:9:2 meis le S. Cornelis de wael qui a paye la partie

3335 1216 2516 103 mes veni parle que les ditto 300  ne sont pas pare a banco mais en argent courant

3322 1241 2450 160 d'hollande, selon qui la este tire & si qu'il me fouderay luy contenter pour la

3321 1353 2513 130 difference de ditte monnay, ce que je vous faire scavoir quan vous ariron accorde spuis

3322 1454 2501 165 vous lest credite pour les dittes £123"9:2:& & vous este debité pour la difference de

3326 1538 2506 175 monney q'an ie vre payer e S. de smedt ma escrit que la mord de sa femme est chause

3750 1663 173 82 donne

3332 1688 2432 155 quil ne peurien de present, & si vous pourez  signe p'occasion & estacher de

3339 1809 2482 123 reevois celles fir ancillion selon la promesse. je prie la libette d'anvoyer la S. hulder

3321 1875 1996 164 de vre grace pour receuoir uist pattaions en espece pour la valeur

5345 1972 333 153 31 ditto

3147 1949 1021 210 brussel Procureus de SHulder

3353 2057 2400 164 den ue van 26 deser ontfangen den inhontis tot contentement ingesloten

3335 2154 2413 153 een beuyssen voor 8 pattacons duy mons anthony rousseau die ontfangen

3318 2227 2495 176 hebbende gelieft op rek te stellen & voorders sorgen dat ten arivemente van d'h

3338 2313 2422 197 raet de champs de saecke in syne handen woort gestelt, ende geene veranderinge

3330 2414 2426 185 aen en geschiede, om onse request eivil in te geven manqueert ons noch een vorni

3331 2508 2422 232 gewesen 24 xber 1586 in dese stadt ende inden raede van brabant den 15 sber

3327 2608 2489 183 1588 geconfirmeert, & alsoo dat voornis hier niet is te vinden, soo versteeke aenstonts

3316 2698 2466 195 tot brussel gelieft te doen opsoecken was tussen hendrick imkelman aen tegen

3315 2822 2496 192 willen janssen ver & soude syn geweest oock over eenen pant met eone rente belast

3307 2920 2500 210 gecoght ende voordeselve geabandoneert, ue sal uyt het voors vonnis genoechsam

3326 3025 2419 154 connen achterhaelen, ofte het selve in onse saecke soude connen dienen, twelck

3268 3106 1526 176 7 met den eersten verwachte te verstaen & blijve

5491 3180 120 76 ue

5386 3214 394 128 p Augus

3162 3221 1045 207 brugge Jaques Stervacques

3237 3272 2568 238 In antwortaende ue van 25 paso schipper ignatius carpels is gisteren hier

3318 3417 2429 138 gelost dat vrij een spoedige meyse is & wenste wel de goederen uyt de andere

3284 3479 2511 155 gearriveerde schepen, dat geluck mede gehadt hadden ick bidde ue, op ontfanck

3265 3605 2488 143 deser my eens te adviseren de naemen vande schippers die noch niet gelost

3319 3670 2516 133 sijn ende waerom sulcken bijaege lossinge geschiet, twelck ue genoechsaem

3306 3792 2427 101 be deetelijck sal comen informeren sonder iemants achterdoncken ofte

3321 3890 2443 87 suspicie & dese mijne vraege niemant anders bekent sij: soo haest ick den

3331 3937 2482 161 to back hier gearriveert sal hebben vercoght, sal mat ue kennaer maecken, doch

3324 4042 2488 131 ick vreele dat ick moeyte sal hebben om eenen grooten prijs te bedingen want

3328 4120 2428 133 die goet valt veel gemeynder als t'laeste was, daer bij is hier meer toeback

3309 4204 2504 95 inde stadt als oyt geweest is & in een heel iaer niet sal comen gesloten
