7385 4507
3350 79 2478 185 andan

3263 220 912 175 & naer groetenisse blijve.

5490 297 336 157 14 aug

3155 313 887 220 Brusse A Rousseau

3351 382 2447 219 en responce a la chere vre de s1 cour., i'ay negotie auiourd huy la remise de

3352 501 2473 213 ƒ 200 a 97 ½ ¼ a 1 x a vre perte, pour la valleur vous est credite cy coimt

3294 626 2517 177 la lettre de  £150:- a 34: 2 et sur Jan francois Wellens accepte, & tous

3332 722 2395 173 occasions que ie vous puis rendre service commande sans diustin

5384 826 373 149 18 aug

3175 836 1243 236 Exon R Shuckburgh D

3344 909 2460 204 sence my last of 17 cur rec yours of 26 past I have done all I could

3347 1039 2482 153 to sell your tobacco for readdy monney, & as yett could make no more then

3331 1140 2410 217 ƒ 25 ex. monney, which is ƒ 27 cur monney, so that I see no hope to

4196 1228 87 97 Ase

3341 1175 2496 256 reach the formar prise: att these goods the qualitie of the last 24 saod=

3331 1366 2456 167 ghead, I shiould thankfully make that prise, butt the difference is too

3337 1443 2454 184 I great,  can not finde 15 p. in this whole persell that come neare

3295 1522 2531 199 to the last, most part beinge browne & verydark, as I have writt to you

3363 1624 2461 214 here is so mouch tobacco brought in ynated that itt will bee hardeley

5265 1719 72 85 be

3292 1728 2552 213 Coosumed in afull yeare, now in case the tobacco be scarey in virginia, h

3352 1837 2483 182 itt may bee that itt will ryschere accordingley, butt every one sendes goods

3349 1947 2499 177 to this place, in hopes that the armyes will cause o a4 demand & great

3343 2044 2482 182 prise & itt prouves the contrarie, because of the great quantities inported

3357 2118 2465 239 so that wee must stay yett a while & towards wihter er

3310 2228 2504 273 sell off as best to be don, on which I exspect yd answer

5187 2336 175 205 18

3325 2410 363 220 &st

3173 2572 388 132 Mhe11

3386 2534 2375 282 my last to you was 14 cur to which referve yeu

3387 2667 2398 230 sence non from you fo referre you to the canir

3410 2770 2314 300 desire expedition to the goods there by or de red

3462 2895 2270 278 iistoed of one sende 2 pachis of cottens each

3368 3067 2438 238 to donin reds & 3 & ut of 23 a 25 pence a goad

5318 3182 301 112 6 a 8

3337 3229 2440 241 & to make un more sp. cothes so ad fome grayes

3352 3342 2465 247 to the pricbbeed patt. from & to 10 a 11ƒ a yd. in somiel

3361 3466 2477 248 you have now order for about 20 sp. moint & 4 dyed clothy

3348 3610 2447 213 the dyed for Ostend, some by  the first convoy

3352 3721 2399 225 ither holland or as best can be though no dozins by

3332 3854 2521 233 when for holland, least you should loose the opportuncht

3349 3976 2471 191 unitie so make mee to have some new modecullous p first convoy

3331 4055 2503 211 & most part for ostend, if that convoy comes first, il kersies be cheas

3344 4173 2057 178 in the north send one pack of 40 of 50 to hull I reet
