7885 4514
3390 176 2424 114 10 lakens deselve te verclaeren voor 6 gemengelde dozijntiens van

3364 276 2464 131 a 18 & 6½ gemengelde spaense lakens van a 45 met 2 witte frisetten

3370 337 2343 133 ieder van a 40 t'samen weirt ƒ 950:- wete niet aen wiens

3345 429 2456 151 boort t' selve sal sijn gelaeden, 't welck met de naeste brieven van

3345 516 2456 167 londen moet vernemen, t'erwijlen ingesloten het cognossement van

3343 616 2472 205 N7, hr Jan vander meulen geeft geene antwoort aen Joffr vinck sulckx

3345 703 2397 168 ij niet can achterhaelen hoe het met haere twee packen voor

3371 801 2381 176 desen van gemelt gelegen is, daerom bidde voldoet aen haer versoeck,

3357 891 1935 211 t'sij dat ue ofte door iemant anders doet uytwercken

5179 1008 514 168 besorgen van

3513 1076 1958 228 st £ 200 op Jan dorville & my wederseynde

3290 1235 555 199 Amst Rover

5445 1226 345 179 16 april

3404 1303 2326 235 op 13 deser hebbe aen ue geremitteert £423:19:2 en ten laste

3379 1462 2439 139 Abraham romswinckel in Amstm in een geaceepbeerden brief die morgen

3387 1530 2427 165 vervalt beneffens £101:10 s ten laste gillis pelgrum, welcke remisen

3366 1622 2467 171 hope ue sijn geworden, hebbende versocht voor my  £300 op londen

3369 1723 2403 179 af te geven, t' welck bij desen confirmere ende alsoo d'engelse brieven

3374 1806 2418 179 t' sedert sijn gecomen & dat de wissel van daer therrewaerts & naer

3370 1892 2471 163 costij was is geweken soo verhope dat ue onder de 33: 8 en sal syn te reght

3378 2011 2453 188 geraeckt, soo heden op de borse noch iet afgeve sal het aenden

3366 2079 2470 177 voet deser noteren, daerentusschen was het convoij tot hul met

3367 2182 2486 162 de schepen naer costij gereet met d'eerste goeden wint te vertrecken

3378 2249 2415 193 & alsoo de wint al eenightijt heeft goet gewaeyt soo verlangen &

3394 2359 2382 184 hope morgen te verstaen hun arrivement, die van hul schrijven

3382 2459 2446 219 bijders, als dat de Rotterdamsche laest uytgeteylde schepen mede

3385 2556 2450 179 onder het selve convoij naer costij sullen comen, in welcken gevalle

3392 2667 2388 163 u gelieft aen Mons de bra te schrijven om de cognossementen van

3398 2743 2412 206 N10:3:16 & 19 sijnde de ingesloten die van N30, 31 & 37

4764 2840 160 75 geve

3410 2849 2385 197 e voors 7 packen te verclaeren volde de medegaende notitie met

3399 2966 2332 175 esoeck dat d'uyterste expeditie geschiede & boven al N10, 16 & 19

3388 3055 2449 173 vorden voor alles voortgeholpen, al soude het oock iedts extraordi=

3392 3153 2431 191 nair costen die schippers van ter gouda hebben gelost weeckelijckx can

3364 3248 2489 201 beurtman van daer herrewaerts sal vaeren, vol ofte niet, sulckx dat

3347 3365 2400 169 ick hope die wegh t spoedighste sal wesen, wat passeert verneme

4821 3476 888 122 n ges len £ 2000

3362 3462 1146 157 geirne & naer groetenisse blijv

3341 3583 2391 142 abrah vande hught besorght het noodigh & oolt

3343 3648 2461 168 ¼ soo de wissel niet williger is moght bonen geordoner

4370 3723 1311 131 £500:a£ 28 afgeven

3321 3747 2471 210 ondon John Kent & comp biddede acceptatie gelieft te 16 april

3345 3889 2450 164 S vence my last of 6 chr recd yours of 17,21, 24 & 28 past

3377 3957 2394 200 he ships from hull not yett arrived a munday last, hope to

3375 4057 2403 189 understand to marrow their arrivall, as alsoo the Rott

3361 4171 2427 161 ship from london, butt is strangly that N8 could hobbe
