7940 4534
908 216 2224 138 si ie serois pressent, puisque ie ne seray iamais in grate et

871 274 2282 129 le moins quand iaurez loccasion de vous rendre service, en nre

890 361 2148 190 dannaut up occasion un mot d'advis de ce quelse passe

904 472 1058 178 vous mobligerez qui suis

2692 545 350 216 30 Juny

676 596 949 240 brussel Peeter vallyn

888 666 2133 247 t'gene ue my op 15 deser heeft geschreven, synde eene

897 780 2238 214 geloste van 17 ditto nu 14 daegen geleden den wisselbriefaen

879 888 2252 216 Mons rousseau te betalen was mij aengenaem maer, dat tot

878 1027 2206 172 nochtoe sulckx noch niet is gevolght ne is tot myne over

892 1113 2161 200 groote verwonderinge te meer omdat ue soo affirmativelijck

876 1216 2219 201 seght getracteert te hebben, tot ontfanck van eene goede

887 1308 2224 183 comme, waer van depenningen ue morgen dat was 16 ditto

883 1408 2175 193 souden worden getelt, & daerentusschen soo bevinde ick geen

2744 1479 373 95 depest vande

879 1504 2216 169 effeet als woorden, is het ue voor eerst onmogelijck de volle

898 1602 2161 176 £20 partije van Jannnary lest voor eerst te betalen ten

887 1709 2201 222 minsten voldoet den brief aen mons rousseau dat ick dan

905 1819 2225 191 voo tot ue voordeel noch eenigen tyt patientere voor de rest

889 1905 2158 199 want anders bidde ick ue nemt het niet qualyck, dat

878 2036 2165 158 ick mjn heer ue ad vaeder daer over moeyelijck valle

876 2143 2196 163 als synde tot myne alte groote preiuditie, 6 a 7 maende

900 2248 2199 178 te waghten voor t' gene contant hebbe vercoght, dat ick ue

905 2386 2279 146 bidde gelieft te consedereren & mij te antwoorden waer naer

891 2474 2233 165 ick my heb te reguleren, daerentusschen t' winter goet sal

899 2545 2282 200 gaen aencomen, ende onse winter provisie oock haest arriven

881 2679 2239 172 sulckx dat ue daer togen noodigh sal hebben & ue sal my

892 2748 2275 190 altijt genegenvinden d'ont betalende geirne nieuw creditere

912 2834 1827 207 gelyck andere doen naer groetenisse blijve

2817 2958 316 215 30 JJny

729 2985 751 197 brussel de hulder

880 3096 2273 210 In antwoort aende ue van 27 & 28 deser ick verhope ue hede

890 3202 2296 169 d'aggreatie & depesche voor ons accordt sal hebben Ieobtine

1677 3286 550 92 op ontranck deser

900 3310 2220 151 tn cas van neen, bidde aenstonts daer toe de presseren, ende de

879 3396 2300 160 aetens aen mij seynden omdat ick die weirde daer toe op versoeck

889 3508 2294 132 vande dekens heb gesonden, & oock andere reden, dogh soo

909 3604 2218 169 mons cittaert persisteert d'aete selfs aen syn meesters

911 3741 2269 152 toe te willen seynden laet hem sulckx doen, ingevalle ally

906 3818 2244 153 een duplicqnaet can gelight worden, dogh bij soo verre

896 3900 2242 184 geen eupliqnaet daer van waer te becomen soo moet ue

883 4018 2283 172 de acte aen mij alsol net seynden, ttwelck aen partije

900 4119 2230 196 geene prindche ont is omdat ick mij daer niet van can

872 4269 2290 128 benenen sonder quittantie van betalinge, don cost

5680 204 104 102 43

3363 241 2325 107 ggeninge sien oock te gemoet & naer groetenisse blijve.

3281 257 870 214 brugge RCoots

5312 283 416 129 r Julij

3354 315 2412 219 bijde ue van 28 & 29 deser geirne gesien ue goede intentie

3354 438 2378 179 om selfs mijn packen N14 & i6 tot ostende afte halen

3343 547 2440 178 waer voore ue ben verobligeert & sien dien volgens d'effeet te

3347 647 2446 178 gemoet, ue oncosten & extraordinaria ten dancke wel vergoeyt

3321 734 2463 210 sal morgen avont selfs over t'veir gaen op hopedie daer

3358 834 2418 182 te vinden hebbende aen s herrebout de noodige ordre

3354 939 2433 154 daer toe gesonden ingesloten de 5 eertificatien voor mjne

3368 1039 2409 181 8 packen, recommanderende oock uytterlyck d'expeditie van

3374 1145 1031 164 N12 & 13 terwijlen blyv

5344 1239 402 188 pr July

3271 1270 717 230 gent herrebout

3379 1347 2378 194 ick heb gisteren p post aen ue geschreven recommanderende

3351 1458 2385 201 dat ue desen dagh soude plaets bespreken op de wagens voor 2

3341 1582 2434 141 packen  N14 & 16 & uyt vreese dat ditto brief ue niet waer

3364 1692 2417 203 geworden soo seynde ue desen p bode, op datter geen fout

3330 1797 2424 172 aenen syn dat die packen morgen avont hier syn, &

3361 1921 2394 149 connen die beyde niet comen ben minsten N14 sypreviie

3343 1996 2266 188 & morgen N16, dan ick hope sij beyde sullen come

3357 2082 2378 198 medecomen oversulcksx laet hierin niet versmgnt worden

3356 2211 2366 198 als mede N12 8 13 p wagen te seynden als die comen

3303 2373 180 141 ƒb

5446 2371 302 207 3 July

3316 2436 851 152 onden Nicolaes oursel

3345 2527 586 99 prider tmners laesten

3366 2462 2369 241 v 11 pas wae aen ue mijnen laesten geene van ue desen danalleen tot

3355 2618 2421 145 caswert van het cornossement van ue pack N1 'tgene tot gent is gelaede

3354 2691 2402 179 aen boort Ponis aertens midts denselven daer p londen op laedinge

3355 2781 2412 197 la9 d' oncorten die wyders tot brugge in t' uyt gaen sullen voorvallen sal

3351 2883 2418 179 den chevalier coots ue mede telasten waerinne ue voorder can diene

3348 2978 1575 216 gelieft liberlyck te commanderen blijve

5487 3096 266 179 2d.

3287 3121 622 193 Amstt Rover

3351 3167 2371 231 den ue van 25 pas ontfangen t'sedert is ons convoy van londen tot

3355 3293 2389 203 ostende behouden gearriveert, dienvolgens den premis van die partije ver

3697 3374 242 91 het laeste

3350 3430 2428 134 dient, volgens advis van hul schijnt al oft het bmrt ue geene apparenti

3350 3482 2403 170 was van het amst convoij daer te comen, waer over verstelt ben

3352 3557 2419 199 te meer omdat het Rotterdams daer is & mijne ordre myne meeste

3358 3663 2416 164 goederen op amst af te laeden derhalven wenschte wel 9eirformeert

3324 3784 2449 158 te sijn, wat tij dinge costij is van tr convoij vae m dat naer hul ove

3342 3869 2372 160 tjt vertrocken is. de fransen hebben weder een genuees tot mars aille

3333 4001 2446 157 opgebraght, nochtans voorsien iet frane io aspoort, t'welck geen

3332 4062 2410 184 cleyn achter dencken geeft voor diergelijckn, eghter soude ick connen op

3358 4157 2372 173 lascheti a 8 pe naer cadiz te reghte comen, de tijdingen vande coopvaer

3362 4282 2285 105 die schepen naer de straet & elders geven groot achter dencken
