7940 4534
2695 187 470 143 24 gber

768 188 936 187 Ath martin massant

955 238 2252 189 le 23 auourt 1691 estoit que ienvoye chez mons ondaert

944 336 2227 211 en suitte a vre ordre du 17 ditto un drap rouge N9 21 ½ a 28

936 437 1598 219 a a 44- copayable en argent de change

2919 470 284 122 ƒ 61:12

940 542 1999 217 1692 le 9 mey vous avez achapte  draps noir porte chez

919 696 2279 155 Mons van heurck portant en argent de change ƒ15::131:5

2816 756 386 171 ƒ 212:17

917 816 1204 196 le 9 ditto may 1692 vous me conta

2785 882 424 89 150:-

914 901 2273 199 restant du dernier partie ƒ1115 & le drap rouge ƒ 61:12 ens 62:13

946 1029 2200 146 depuis peu de temp est venu icy le messager pierre fire pour

947 1130 2191 168 demander une quittance de ƒ50:- et que ie payerois le port

1573 1202 172 78 smi

972 1188 2223 190 et comme ie ne pue e pas comprendre la raison ie vous escrite

949 1294 2224 185 la presente vous priant de m'envoyer toutte la partie

936 1396 2211 184 vre depence comme vous est obligé, il n'est pas agreable

948 1481 2233 220 que pour la premier fois que iay eu lhonneur de vous

937 1599 2258 175 servir vous n'est pas plus prompte de me satisfaire ie n'ay

941 1703 2181 207 pas gaigne deux sous p anne sur le drap rouge en

943 1812 2304 144 esperance de vous animer pour vre chaulandise cependant

930 1898 2229 203 vous me laisse en arrier, raison pour quoy ie vous prie

948 1987 2283 215 de me satisfaire au premiere, et si ie vous puis vendre d'au

962 2093 1599 207 =tre service commande librement qui suis

2853 2153 244 192 24 d

728 2217 1052 238 bergen Jaques Trivier

941 2314 2259 241 i'ay reccu en son temp la vee de 6 xb dernier avec la remise

953 2433 2196 181 de ƒ184 sur Jaques francil de Brussel pour la valeur reccu

950 2522 2225 202 de Piere meurant y rabattu vre provision et la perte de

947 2622 2198 160 change estant oblige pour la peine que vous avez eu avec

957 2718 2212 214 cette in grate homme meurant homme sans conscience, cepet

947 2815 2124 206 iespere que vous me noublie pas vers messr de buston

952 2903 2210 206 bascourt & perrin vous priant de finir les affaires ma

936 3008 2265 168 pretension avec la derniere, car toit ou tard il d'oit satis=

928 3098 2262 195 t faire, Mons masson a hier promis de me remettre au mois

915 3220 2250 211 de xb mais uisque present rien de luy n'est t'il rien

947 3336 2274 170 a vre service de nos merchandise, ceux de nameur & tournay

933 3424 2271 161 & autre places trouvent le mayen de s'en servir, il me

934 3519 2227 215 seroit fort agreable de vous rendre service & si le bon dieu

940 3634 2213 168 vieulle une fois la commerce libre vous serez sensible de

947 3789 2225 129 l'obestime & obligation que ie tienne pour vous puisque

942 3869 341 127 ie suis

2956 3889 216 143 24d

721 3854 1388 310 Mons JBapt Masson

937 4000 2239 154 le 7 du auourt estoit a vre grace ma derniere, ayant depuis

922 4093 2310 128 attendu au mois de xb une remise, comme vre grace promette

934 4176 2325 128 le 6 jullet dernier, mais uilque present ie ne trouve pas l'effect

911 4259 2288 122 vaison pourquoy ie me trouve oblige de vous escrire le presente

3452 146 2430 179 fuore en pour me said faire au il e mneme de stont, le ie

3426 230 2456 145 =partte estant encor si considerable, cependant il ne seroit

3411 334 2418 171 pas de consequence si on se pourroit servir du commerce, et

3422 407 2475 193 que l'un maind pourroit laver lautre mais c'est apresent comme

3437 554 2431 140 un capidal mort & pour men servir de lavaleur il me faut

3449 655 2384 161 payer de l'intrest a des autres, ceux de namur, tournay et

3427 719 2360 187 autres places frontieres trouvent le moyen de le servir de nos

3420 806 2480 228 merchandises, ie voudrois bien, que vous pourriez faire du mesme

3417 933 2369 212 car il m'est un cause une grande imelancolie, que il ne voy

3418 996 2464 237 pas vre correspondence, et entretemp vous m'oublie tout pourtant

3419 1119 2400 235 iespere qui en responce de cette vous m'envoyerez de consolation

3432 1231 1931 186 ce que iatt comme i'attand avec impatience & suis

5695 1356 80 112 1d

3368 1345 785 194 Ath andre Lizon

5431 1353 298 193 24d

3441 1462 2427 199 ie vous ay attendu pour vre pr lachapt de vre provision d' hyver au

3420 1572 2399 170 moins vre ordre de vous servir cependant depuis 5 may dernier,

3406 1665 2408 164 quan rien de vous ayant allors a vous vendu un drap cramosie

3418 1758 2371 140 & un double presse pour la valeur de ƒ 392:6 en argent de

3403 1887 2448 153 change payable contant en cette ville, ie suis oublie si vous m'avez

3413 1996 2448 174 ordonné de tirer, ou que vous fairiez remise, entretemp ie pensa

3403 2065 2474 200 que vous devriez venir au mois d'octobre, et que vous lauriez porte

3401 2165 2472 145 avec si vous n'avez pas encor este ie me recommand a vre bonne

3397 2269 2470 201 inclination, & si vous avez este ie ferez bien triste de n'avoir

3411 2413 2471 182 pas eu lhonneur de vous voire car ia a un respect particulier

3410 2495 731 179 pour vous qui suis

3351 2596 972 164 Mons Pierre Meurant

5539 2581 271 213 24d

3405 2698 2452 218 vous avez paye mons trivier quatre vinght escus conte e 49=

3404 2794 2478 248 patar en satisfaction de tout ce que vous me derez, le change

3410 2895 2477 273 rabattu iay reccu netto ƒ 184:- au lieu de ƒ228:6½ tellement

3405 2992 2446 225 que ie perd apres vous ƒ44:6½ vous avez ma quittance

3399 3111 2445 221 et ie ne demanderez iamais a vous un patar p instice, mais

3394 3225 2420 210 en conscience ie me ne tiendrez iamais satisfait sans la partie

3386 3334 2412 195 entiere vous, m'avez fait recevoir p force, et si vous peuse

3407 3404 2335 199 de venir au bout de richesse en agant comme cela ie vous

3400 3506 2346 183 asseure que vous viendrez plutoit au diable, dans cette

3392 3629 2420 214 monde on tache de vivre honnestement & a peu p force a peu

3376 3701 2426 230 profit, et on est bien aise de rencontrer des honneste gens pour

3374 3803 2431 223 gaigner quelque chose, mais on a bien de la peine d'evader

3380 3906 2447 224 semblables fripponeries, ie ne manquerez de donner cognois

3391 4034 2418 200 =sance as toute nos merchants de vre bonne conduite vers moy

3377 4118 2394 209 enfin que vous pourriez estre sensible quand vous pourriez

3374 4251 2403 140 avoie besoing le merchants d'anvers a vre governe, ce me
