7878 4548
895 207 2353 135 buy a pack, also for ostend & what are not to be had to then

879 283 2311 136 patt must be bprepared & send here after att least that me

871 370 2358 188 pack comes with the firet convoij for ostend, I have no advise

879 459 2326 212 from the nord, so that I doe not know how itt is with the

893 555 2320 202 amste convoy att hull beege of opinion that what f ordered

879 669 2362 208 from theuce shall come in time for amst viz the clothes bayes

895 782 2209 196 & one pack of kersies the other pack of kersies for Rott

890 866 1499 214 which is the needfull att present from

2683 943 336 241 7 Juny

728 1008 815 227 Lej den hermande

867 1092 2202 225 In antwoort aende ue van 17 pas ick hebbe voorleden

880 1211 2265 174 vrijdagh de 2 blouwe & 1 carmosjn laken ontfange

897 1293 2247 159 de blouwe syn te bleeck, het carmosyn is wel geverft

895 1370 2308 200 maer door den pluyser soo slecht gitracteert dat het vol

895 1485 2321 180 ontallyckx witte pluys plackie is & niet wel vercoopelyn

890 1566 2238 186 soo dat daer door dat laken seer is beschaedight ue hadde de

900 1659 2250 166 verve tot 35 p bedongen & mijn andervrindt cryght

872 1761 2378 136 het voor 30 & rabatteert aen alle de ververs soo blouswet

911 1856 2256 144 als carmosyn 8p & dat hebt gij mij nogt goet

895 1972 2216 175 gedaen, hebbe de verwers het aen ue niet gedaen

897 2050 2344 181 soo moet gij het hun oftrecken soo wel van het gepac

920 2152 2296 130 =leerde als toecommende, want sij dat een ieder toestaen

923 2228 2272 171 & sulckx eene custane is, ick en hebbe het laken N14

904 2352 2211 149 noch niet vernomen soo verwaghte ick het selve

920 2416 2204 225 ke heeft ue noch gesonden N16 & 18 die moet gj

923 2538 2274 164 niet N 15 wel berejden dobbel stael costor swert

930 2636 2239 167 terven & naer tover heurden naer tilborel

935 2708 2189 185 aenaert van gorp voerman van tilborghop

931 2827 2217 153 antwerpen & niet meer deude weduwe teges,

899 2958 2098 152 maer desee moete heet & wel geporst syn

2901 2981 296 209 7 JJny

729 3048 1138 199 leyden geer vromaus

903 3140 2361 191 den ue van 17 pas ontfangen diew volgens ue gedetite

884 3242 2343 170 voor ƒ650: a4 ¼  dan ick hadde gemeynt dat

898 3364 2365 162 ick ue daermede had voldaen om dat ick aen andere niet

882 3439 2310 216 meer geve voor bereyden als ick ue heb voorgestelt

888 3556 2301 183 daer voor soo bedient worde, dat niet beter can vraege

876 3659 2353 161 oock hebbe ue goet by thun geexamineert & geene

890 3784 2346 165 dofferentie gevonden gij moet al doen wat mogelijk

871 3871 2370 209 p wilt gij myne calandisie hebben, twijfele niet

911 3976 2342 201 of de 2 geordnomarde lakeus syn nu al gereet tot de

899 4088 2334 181 verwe, die moeten sijn gelijck dese staelen adviseer

885 4211 729 174 what pesseer

5759 170 163 144 216

5409 203 276 133 Juy

3325 196 542 179 Amst Rover

3492 216 2437 265 geene occasie gehadt den ue van 21 paso te beantwoor

3457 360 2408 176 den oock nu weynigh te en cargeren allee nelijck

3468 485 2388 130 versoecende addie aenden ingeslotene gelieft te gev

3444 559 2376 166 dewissel van londen compt metkelyck gemon

3473 647 2400 160 teert ofte het doorgaen sae moet den tytleeren die op

3458 764 2210 174 costij is mede aen treysen, want men heden a 4

5352 835 447 216 8 prr

3351 855 838 219 russel Russeau

3450 1027 2424 229 mons. iaylit ue da 6 en s: con. pantles e ieses

3450 1184 2409 174 er msterdam fault absolumden att vndre aen

3476 1302 2406 148 schoance iay ackette le livre du 40 patar, mais

3471 1394 2448 136 ul sara baen e connienceien de la temaime pochais

3470 1493 2451 119 avant qu'il sera prest ssellement quil faule atteudr

3459 1614 2369 92 aen die dr t6 jour. adan on acheminemen

3523 1677 2391 176 aer  de han en ditnck kuysen payn

3493 1791 2400 136 eij vol remisir in  daver derniere, assend

3476 1941 2363 102 peir de iour quilque pertiez pour discoiter celle de bombarde

3454 2007 2412 144 divous en desen ceendent elle de £1030 sur Ansillion Ollans

3453 2110 2476 137 regestr acc fontest causvrou de brnelle dans mes lioner

3451 2204 2464 129 du macriere pr il me semble mieun que cett pertie le lieir

3467 2290 2403 164 connne du comentent ieurque i'attendue voe advie

3454 2403 2455 184 pour celle  £780:15:5 pins q ie parefors you

3467 2521 905 167 le meeste  2

3557 2604 2205 153 ou paur vair dischanger de interest de bemberrde

3634 2639 2229 247 ievens enveyer £300 for mosselmans 26 palles

3643 2821 1852 167 et plqus aulsien dt la rest contant

3359 2898 1141 201 londen waet & will Kent

5522 2898 259 206 12d

3450 3060 2377 171 In answer to yours of 24 past bearinge accompt of N39 must

3421 3179 2412 157 advise you, att firt that I referee you to my last of 7 curt that

3421 3261 2413 171 you are bakward in provideinge the spanish clothes I ordered, that

3433 3345 2468 172 you make up a pack of 7 p where you have order for manney more

3440 3453 2309 172 & no appearence of shipping, t ss welliso to doe in a urgent

3430 3581 2468 136 occasion, butt lest wee pas that, & haveinge looked over al my letters

3438 3708 2420 130 finde, that thers is wanting some of the dark grayes to complease

3608 3725 731 83 the ordr rest of the orders

3437 3733 2446 188 all, to 19 april included, so according to my notice you are

3423 3883 2395 151 to buy asfollowed 2 a 3 dat sad grayes of 3: & 6 en a 8 ƒ

3430 3972 2465 134 2 super fine chestmit cullours, & 3 of 4 d cullours of 6a7

3440 4040 2305 217 which are 8p to my order of 17 mey 6 a 7 d p. to my

5665 4097 189 105 12 siyl

3428 4155 1479 123 20 mey 7 p, on the 3 curt 4 p

5028 4174 679 160 acot pr make 30

3425 4229 2369 155 & that you findino reason of cocus, so coeferre youl to
