7447 4500
659 167 2413 199 quoy qui ie trouve que ie suis in bon estime chez vre grace pour

658 247 2391 161 estre tousiours au large en casse, ie voudrois, qu'il seroit veritable

643 339 2459 161 n'importe il est agreable d'avoir une bon nom, mais les raisons marque

659 455 2445 123 dans mes precedentes, me metteront bien au estroit, avant que i'aurez

655 561 2363 119 trouve le fonds en contant pour le bien de ma femme deournos

651 606 2343 158 enfants, selon le loix de cette ville, esperant que vre grace ne

651 758 2445 159 prendre pas a mal part & consentira, que ie pourrez tirer, encor

663 817 2368 189 quelque chose dans 14 iours, voyci une nobe de vos 4 arbres d'ont

2638 899 283 149 & l'une

1282 904 1015 159 de bois & l'aultre de pierre

661 942 331 147 2 souten

654 1017 2356 175 contient 4 ieunes pour estre coupe au mort de may prochaine &

668 1092 2374 173 allors vous pour aurez au 8 arbres de cette 4 ie vout salue & suis

666 1230 723 160 deboutte mon coeur

2706 1281 323 194 25 ste

467 1304 1001 235 Londen Samuel Blewitt

655 1389 2293 259 sence my last of u curs non from you I have not been hable to

674 1510 2335 197 compleat your order to come with the vessel of martin Iohn son, parteley

681 1616 2374 177 because I had severall formar ordr, butt the most reason is, that thes

659 1761 2368 199 garmans thiad markett is now, till michaelmas, & they lake in

648 1811 2439 255 payement, oft their thrad all the tykes that they can come ssak now so that

676 1909 2386 250 I must stay a little: yett I have shipped, by the vessel of martin Johnson

640 2031 2429 181 75 pigsces, accordingly to the inclosed invoyce, & bill of loadinge for which

673 2136 2338 171 please to give mee creditiis not your mark or number, butt this

675 2249 2437 222 pack was designed for an other, so to serve you in part of your commision

674 2336 2358 187 have forwarded for youy the vessel, wendt from hence 2 dayes agoe

666 2436 2410 202 & intendes to saile from ostend by the first convoy, which they writte

690 2570 2415 167 from thence to bee,  bound, god send them well to you: whilst

681 2652 2346 206 I shall provide the remainder of your order butt pray advise me if I

657 2732 2461 208 may adsone more, to make them up n areasonable pack in exspectation

686 2897 803 183 of your advise I rest

2779 2969 296 175 25 gber

517 2965 1075 243 Londen Richard Southeel

670 3048 2390 241 mij last to you was 18 curd, then ordered you to provide 10 single

670 3220 2368 155 beds viz one doublep of £10 a 2 of £11 & one of £11:10 aƒ 12

689 3310 2354 185 with one arorar, of £12 a £13 which now I confirme, butt I

1848 3421 172 84 vere

683 3405 2369 171 am informed, as if the agrovar  deaver, then formerley, so

681 3513 2379 157 that I doubt you shall not finde the qualitie, of goodnes & passe

659 3623 2343 130 fe & cullour I exspect, therefore desire you, to buy no aprovaz

698 3717 2378 183 except itt bee of a deep cullour & as neare the scarlett as possible

668 3827 2450 170 & if not well to content rather to buy one more double red of £10:-

1675 3917 276 89 echipide

685 3942 2405 129 & lave the arrovan behinde. I am vere much disapointted to have

693 4062 2409 147 the tykes I designed for you, by this vessel of martin John son

692 4143 2370 170 the man, I bought thene of, beinge  sence my last, & the

2011 4234 318 124 de ay

3353 185 2373 114 bussiness in kome confusion, there was 150 pieces & I had al readdy

3327 237 2489 137 given some monney upon accompt, butt I hope not to loose, never theles

3267 339 2414 138 I have ferwarded to you what I hade readdye, according to the

3305 398 2456 195 inolosed envoyce & bill of loadinge a month to £63„ 5„10 en which

3303 508 2460 151 drawne a 33 „ 9 et makes  £37:10 a1 en for which please to give my

3319 604 2395 170 accompt credit I shall endeavour to gett the 150 pieces bespoohey &

3323 745 2437 118 sende them part or all to you the red cloathes I order must come by

3312 817 2411 142 the first convoij for ostend, or clee not for then time, shall bee

3328 898 1664 189 past, in exspectacien. what passes I remaine.

5450 956 298 181 25 gber

3128 985 1286 271 Amst geert & valer Rover

3345 1098 2348 198 faute van occasie hebbe den ue van 5 deser nmet eerder beantwoort het

3316 1203 2436 211 convoij van costij hadde de schepen tot hul gebraght ende waeren voorder

3322 1310 2499 156 naer meuweasteel geseylt doch wierden met de laeste brieven tot hul dageljcke

3323 1390 2435 167 de retour gesien mijne ordre om in telaeden in t'schip van Jacob Janssen ofte

3326 1497 2447 163 andries jansten Rack sant, waer daer niet tijt gecomen, alsoo 2 packen voor

3321 1593 2416 164 mij sijn afgelaeden volgens de medegaende cognossemente  N7 9 in t

3321 1663 2344 184 aen boort thomas naworth inhoudende 50 witte kerseyen te verclaeren

3332 1756 2452 195 voor 50 dobbele kerseyen van a 32 weirdich ƒ 1000  N. 80 im t chip

3339 1889 2331 181 van bernaert wilkinson met den selven in hout & werde als N79 godt

3330 1995 2463 135 verleene hun salvo t' gene p occasie geirne verneme, als mede oft ue ieder

3319 2055 2058 213 van negotie tot profijt can spiculeren, blyvende naer groetenisse

5375 2144 232 186 25 d

3169 2172 1409 276 Rotterdam digrijs verbargh

3325 2302 2487 213 den ue van 2 deser op sijn tytontfangen, dese alleen tot advis dat hede

3310 2418 2495 195 p post aen ue hebbe gesonden een pascken N.10, om daermede d'ordre

3299 2511 2463 159 te volgen van mons Jan du maistre van Londen recommanderende

3321 2605 2280 153 d'expeditie aenden ingesloten blyve & antwoort van ontfanck

4393 2699 1228 121 ie ne sanceeu moins que 2 p 26 ditto

3180 2725 2620 175 Amsterdam Piere trencepain  d'asserrence de detre fau intresit, ie poures remettre a 3 a

4441 2833 324 90 Mrdanance

3318 2862 2428 176 de vos p. la vre de 22 c, vre resolution comme p. vre precendente & puis qu'il j'ay,

3316 2966 2472 141 desier un moys passe de la vente de vos bentillies & anesperance de vous rendre daultres

3311 3047 2460 197 services, ie me conteray a 2 p C. tellement que vre grace aa disponcer de la

3322 3126 2476 214 provenie, en rebbatant de  £ 292 „ -, 2 p c, £a 5„ 16:10 la balance estant

3301 3262 2383 175 £ 217" 7 „ 7 et vous disponeres si vous plaire £311:10:9 en argent de change

3296 3373 2386 151 & attendent vre traite a lavenant vous me trouverez en tous occasions #

4244 3448 98 104 618

3159 3424 1118 209 Londen Jan Kent & comp

5440 3475 319 140 25 gbr

3300 3487 2444 223 my last to you was 22 seurs, sence recd yours of 6 ditto, with bills of

3311 3638 2456 138 loadinge of N. 79: & 80 att hull for amstt, which is well & doubt not

3334 3706 2405 165 butt you shall gett the bayes also in time for this convoye, & see you have

3314 3788 2490 188 shipped 4 packs abrard John hazelwood att which I were much wonder,

3302 3916 2506 197 for I have alwayes ordered you, & recommended to devide my risico &

3330 4040 2441 143 never to ship above £200 valeuw in one bottem, besaides, I have writt

3323 4148 2418 101 you in march last that I was in formed that John hazelwood is a meere

3311 4238 2421 114 laggered & fitter for a cabinge boye then a ship masser, & y ett you
