7926 4541
2808 191 328 133 8 meirt

808 198 969 175 gent Robert matton

908 315 2253 199 Ick verhope dat ue sal betalinge hebben geobbineert van

949 384 2225 179 wegens guus van aelst voor t'restien dat noch te ontfange

940 509 2245 134 was soo niet bidde geen voorder tijt versuymt worde, om

952 645 2251 113 daer een eijnde van te maecken daerentusschen becomen de

952 719 2276 134 in gesloten van Jan Lambertij waer op hier benevens mijnant

936 785 2303 184 twoort die hem onder ue convert gelieft toe te seynden, & expresselyck

948 882 2270 198 vermaenende dat hy ofte met gelt voldoet ofte ue geproponeerde

931 989 2355 178 voluntaire condemnie aluveirt, ofte wel dat ue met recht e

955 1132 2243 170 tot sijnen grooten cost mult dwingen hier in d'een & dander

964 1236 1766 171 verwaght ue prompte exxpeditie & blyv

2875 1312 346 166 9 meirt

777 1329 1509 209 Ladiz J Bapte y nicasio Schenaerts

879 1437 2388 210 eden ue van 27 seber laestle den is mij seer aengenaem geweest

946 1538 2320 183 omdat ick daer door verstaen ue goede sorge & genegentheyt om myn

936 1639 2280 163 cosyn Louys callebout te avancereren, derhalven hebbe niet voorde

931 1723 2324 211 daer over te in largeren, maer dat ick ue danckbaer blyve van tsynent

927 1879 2366 139 twegen, ende verhope hy door syne dinstbaerheyt ue in alles sal voorcomen

933 1965 2254 148 soo danigh leeren dat het aen hem niet alleenelijck sal voordeeligh

928 2044 2223 199 wesen maer ue oock behaegelyck gelyck ick hem met den ingeslotene

954 2184 2312 134 andermael recommandere, & terwijfen p rincipaelyck ue goede vermaninge

752 2269 2483 182 raet & ordres in alles prompt te observeren, het ostendis convoij beyft noch

923 2343 2238 174 liegen tot groote preiuditie vande geintresseerde godt welt het

926 2455 2264 176 behouden reyse verleenen, door den oorloge & de negotie hierseer

933 2539 2266 183 weijnigh, waerinne ue hier can dienen comandeert liberlyck

896 2708 381 157 de blijv

3002 2677 145 180 d

752 2715 1102 274 Cadie Louys Callebous

925 2789 2251 291 Ick heb ue brief van 14 xber laestleden ontfange, die

900 2975 2327 148 niet eerder hebbe beantwoort omdat ue broeder & my ue moye de

911 3078 2332 165 gpredieterinne ue al hebben keamise gegeven van het gepasseerie

898 3198 2383 143 & dat is, dat ue broeder philippus op 18 Janu laest leden goedickheer

895 3259 2348 190 is gecleet, heeft tsedert dordelijck soech geweest maet nu godt

939 3337 2270 200 lof herstelt soo hy continuert & comt tot professie de dote

923 3471 2304 166 & ongelden voor hem voldaen synde sal met het exppreren van

933 3567 2287 185 ue 25 iaeren voor ue overschieten ontrent de ƒ10000:- de

918 3679 2325 175 welcke bestaen in 3 huysen & eene rente, het capitael gelyck

915 3746 2335 232 dat nu is bestaet volgens de ingeleyde nemoie, waer afmoet

927 3840 2327 214 corten ƒ3130: cape ul vor het accordt gemaekt met de poedite

934 3984 2295 152 heeren & iaerlyckx sal moeten gegeven worden eene rente

933 4062 2307 198 van ƒ60:voor ue broeder oversulck contgy wel sien watter

942 4170 2361 157 voor ue sal overschieten, voorwaer len overwaght die om dat

930 4254 2289 128 ue 2 broeders & suster tyt voorders niet verlegen voor mijn

3404 206 2501 103 seren off lterven want daer is ue een montaer gestalt neven

3437 257 2432 202 my & sal voor t ue wel gesorght worden, dat ick ue te recom

3442 352 2361 167 manderen hebbe is aleen dat gij voor ue ejden selven sorght

3435 454 2448 216 welcke sorge bestaet in een bigilantie omden tyt van ue ionge

3453 534 2396 200 iaeren wel te besteden in het volbrengen vanden raedt & com

3443 628 2297 196 mandos van uwe heert & meester in het wel volcomen

3418 740 2357 173 excrettie van negotie, syt onvermoedelyck in tleeren want al wat

3422 845 2450 234 gij leert is voor ue selven, schoon gij een ander daer mede dinst doet

3395 983 2477 152 slaet den tyt ue oock niet verdrieten want dat sal ue oock het

3407 1085 2514 209 profitabelste wesen op dat ter expireren van ue iaeron moght begnaem

3409 1166 2388 195 syn selfs te exereeren wat gij nu leert, als wanneer ick, soo godt mij

3414 1290 2473 169 theven geeft, voor ue doen sal dat gij van mij als een vaeder sult connen

3435 1379 2316 181 verwaghten, ick sal ue niet dichmaels schrijven, nochte niet veel

3447 1528 2388 146 brieven van ue verwaghten, nochtans, soo daer iedt voorviel tgene

3421 1628 2416 174 in soude mogen letten, ofte nootsaeckelijck, soo syt aen my soo vrij om ue

3452 1768 2439 140 hert uyt copenblyck te kennen tes geven, als gij aen ue moeder soudt mogen

3434 1892 2411 142 geweest hebben, & ick sal niet manqueren met raet & daet ue te helpen

3434 1965 1486 168 waer op ue sich mach verlaeten & blyv

5607 1988 274 147 Amis

3361 2070 999 182 Londen Wall & Will Kent

5518 2093 347 185 15 t

3422 2169 2438 213 Mij last to you was 8 cur to which referre you, sence recd your

3434 2326 2464 175 of 23 past I hope the amst convoy will gett safe over from hull

4934 2405 337 97 &desperth

3435 2401 2458 203 with this good wind in the meane while I  the last ordered northren

4669 2518 340 80 t5 come to

3432 2545 2461 178 will come in time for the Rott convoy from hull, the convoij from amst

3434 2649 2449 170 to london suppose with you before p now, lett mee have by that some

3434 2740 2446 187 pas clothes as writt you by my last because I iudge that that convoy

3425 2846 2458 212 will depart first, yett if the Rott convoy should go before that

3418 2962 2330 192 of amst so lett mee have itt for Rott, & incase the convoy

3415 3103 2479 191 sailes for ostend before the others the send all there with, if readdy

3422 3219 2411 158 for the ordered goods att london come cheapes by way of ostend, yett not

4491 3265 244 87 consirme

3418 3265 2435 218 to stay for that, have ordered & order now somebingh for amst or Rott

3358 3411 2551 181 & principally the newest cullours to which please to fer ad 5 span, clothes

3369 3520 2486 132 sas by the inclosed patt, I am sorey, you have not send mee some remises

3420 3623 2444 151 when the ex was 33„3 et, whoever hope there is some underway:

3424 3722 2456 179 where in pray minde my intrest for I feare the ex will fall more

3416 3814 2412 152 im'exspectation of what passes remaine,  if these cullours

3423 3927 2447 139 3p can not come pr first convoy op anney or them lett the

3412 4024 2086 156 come for ostend or when opportunitie sall be p resent
