7803 4555
862 185 2447 175 in shonts nest soecken daerentussen is ue gecrediteert voor ƒ1045:8:

844 276 2415 218 op syn ordre derwaerts gesonden & tots ue rembourso remittere

842 371 2381 154 ingelloten £210:- in banco ten laste thomas Cloots van

863 496 2363 142 21 pas uso het noodigh gelieft te besorgen & den ontfanck

869 572 2356 176 & t gepasseerde adviseren die loterye in Engelant wort hier nu

863 657 2411 216 hoogh verheven, omdat al eenige prijsen hebben hadde niet

875 765 2380 234 gedaght datter soo veele van de se stadt hun soo veel soude

878 885 2383 182 hebben geen gageert soo noch een diergelycke wort voorgestelt

879 975 2423 240 sij sullen van hier a force daer toe contritueren naer groetenssie

859 1159 282 142 Blyve

2843 1099 312 239 15 gd

664 1228 775 213 bredall laurejs ka

853 1267 2390 242 ick hebbe ue brief van 4 deser uyt Amst ontfangen & tsedert

846 1435 2452 160 van ue geenen anderen waer over mij verwondere & noch meer dat

857 1511 2422 207 gij tot Amsterdam synde daer geen wol en vint & ten minsten

862 1603 2411 245 geinformeert syt dat de nieuwe ten eersten verwaght wort & niet

849 1704 2387 202 tegenstaende gaet gij te leyden wol coopen dat is mmers het

852 1776 2418 290 speck in houts nebt gesoght & uyt de derde handt gesoght dat sal

845 1904 2419 244 my op die partije wel ƒ 100:- schillen te waghten tot dat de

843 1989 2396 239 ieanue wolle comt ick sien wel dat gij meer in op sight hebt

876 2116 2344 194 werck te hebben met den winter als myn protijt, dat gij indien

872 2180 2371 280 gevalle 1 uytterlijck 2 baelen hadde gecoght om een schelp dat

861 2271 2407 248 conde noch passeren maer 4 baelen, selfs meer als ick ue hebbe

861 2395 2420 269 geordonneert dat can ick soo niet verstaen & is mij geensins tot

837 2541 2458 204 contentement, soo sult mij morgen laeten weten wat daer van

855 2657 662 202 s & reken seynde

3000 2761 247 140 15g

646 2787 1064 202 leyden geer vromans

859 2850 2400 254 In antwoort aende ue van 12 deser gesionde rekeninge vande

819 2980 2444 228 3 blouuwe lakens die el weder met  ƒ 17 p stuck voor verven

853 3075 2452 241 belast sijn, ick hebbe ue immers bevolen die by myn verver da

863 3192 2389 209 voor hermantse verft te laten vorven want die voor ƒ11:-

861 3323 2396 166 t stuck verst & ƒ6 p stuck meer togeven is mij niet aengenaem

850 3409 2445 192 & hebbe liever te waghten dat ue voor mij andere gereet maecht

849 3536 2423 142 want d' oncosten vallen dogh erenwel swaer genoech & ƒ6 op

857 3607 2435 179 een stuck gaet 2 ½ stuyt p elle & moet in alles geinaget

838 3690 2404 212 worden, want hier is weynigh ofte niets te winnen bij de

823 3782 2422 201 staelen giste ick dat N1 & 2 van eende selve prijs was &

842 3902 2419 201 daerneen vande selve uy stehouden, &nu bevinde dat dat

868 4034 2416 196 9 st: p elle schilt, als synde het een tot 67 st & dands

849 4138 2351 190 8t twelck den draet niet soude doen gelooven want die seer

851 4200 2341 189 groft walt hebbe de voorgaende welck hier geerget van

3327 225 2597 108 54 stuyvers soo sijn van draet als die twee den

3448 283 2345 176 fijnen draet maecht dogh den prys in tvercoopen aen

3447 378 2387 210 slaken, daerom & om alles te mirageen eghter can daer

3464 493 2396 189 van niet oordeelen voor dat t goet sien mas als ue de blouwe

3459 576 2380 202 voor geen ƒ 11:- de blouwe wilt lasten verven, dan soecke ick

3437 702 818 201 in goet niet blyvende

5399 757 404 194 15 gber

3324 746 1038 323 Londn Richard Southell

3460 856 2379 248 sende I receaved yours of 9 & 16 past, exspected. your invoyce

3444 999 2474 188 of the pack N°2 which prage lett mee have p vere first as also

3448 1093 2468 235 the charges on them, I wonder that the convojes from hull tarry

3449 1188 2460 249 so longe god send them save, yett I doubt these goods will come to

3448 1311 2479 216 late for this season, you have sold some of my tykes pray sell the

3443 1449 2438 171 rest & maken an end of that voyage as best you can & if I must

3447 1525 2417 233 see a loser lett itt bee the sooner the better, you standing the

3451 1589 2475 266 credere as proposed supposed you are ingaged in lifrents & lotterye

3425 1753 2427 220 & that you have reached some good prises in the latter, or itt zeeng,

3450 1837 2467 243 that that is a good avonture here are severall that gott a fortune

4412 1957 221 96 advise

3431 1956 2490 228 pray lett mee have your opinion & discours here over the more, be

3429 2062 2482 183 =lause the gennerall opinion is that thep parlement will toke up

3437 2136 2454 213 more monnoyes upon the same accont, which itt so will draw

3433 2230 2434 270 great capitals from hence, every one beinge incorriged not onley by

3403 2343 2413 223 the great intrest butt principally for the prises, I nrsf you all

3445 2480 1225 230 happinesse & prosperitie & rest

5392 2545 266 186 18d

3332 2572 813 246 bredael laureys ka

3461 2682 2469 207 naer dat ick 15 deser aen ue heb geschreven heb ick ue brief

3431 2825 2434 183 vandenselven dat ue ontfangen  sien dat het noch arger

3434 2944 2358 185 uyt valt als ick hadde gevreedt & alsoo gij buyten myn

3434 3061 2517 122 ordre heb gegaen soo verstaen ick mij daer aen niet te houde

3428 3153 2473 139 ick heebe wel geordonneert tot anst 2a 3 saeltien e

3438 3252 2450 161 koopen, dat is gesupponcert die in t prijs niet vermeerdert

3427 3377 2457 156 waeren, maer niet naer leyden ofte elders uyt de derde hant

3417 3517 2431 129 & dan noch 42 ½ te besteden, ick ben noyt desperaeter van

3431 3598 2494 143 iemandt inde wirelt getraiteert gij hadde alreede verstaen

3447 3652 2478 204 eer gij naer Amst gonck, dat ick geen lust hadde om lakens te

3435 3804 2516 131 maecken, hoe cont gij ue dan in beelden dat ick soude resolveren

3439 3856 2471 222 soo hoogemert te besteden & soo eene des peraete coopman

3431 3948 2399 215 schap aen te gaen & die wol over te nemen op t gewight

3448 4056 2476 187 vande facture, wel dat sal int gewight veel verlieden om soo

3448 4133 2386 180 eene sortigheyt te doen moest gij naer hollant wetde alder

3436 4259 2315 100 fijnste soonne segorie wol is hier geacoeght te becoen
