7926 4541
937 196 2293 121 mij terigge gesonden, ick was daer niet ongerust en want

957 253 2269 179 Kenne mr Clisford wel, oock seer wel de voors Eyles, derhalven

924 331 2267 156 viel het mij in, dat het een engelse onachtsaemheyt was nu waere

948 426 2241 185 het wel mijne convenientie dat m Clifferd die weirde wilde

956 509 2251 185 wedergeven, want de wissel op londen daelt, dogh ick twijfele,

937 626 2300 162 ofte ick sulckx can vraegen, soo lanck den brief niet is vervallen,

970 733 2212 157 daerom renvoyere ick den selven heden aen Jan Kent & compe

947 800 2181 188 inden ingesloten, dogh bij soo verre mr Clisford die weirde wilt

944 919 2260 168 wedergeven, beneffens de costen van t' protest, synde 25 stuyvers

939 1056 2245 126 banckgelt, soo opent den brief aen kont, & bedient ue van het

942 1128 2268 204 pretest & brief, maer hebbe ick ongelyck, soo laet dien voortgaen

942 1229 1111 196 terwijlen naer groetenisse blijve

2959 1282 289 200 4 feb

750 1351 709 204 Londen Jan Kent

909 1403 2338 275 on the first cur sended you for 4 seconde bills indorsed

953 1540 2266 248 to you of which you have the first accepted: hope

950 1690 2307 191 they shal reach your handes, now have before mee yours

980 1781 2276 229 of 16 past inclosed the bill & protest of the £200 on S. John

942 1904 2308 205 & franc Eyks indorsed to you they will now accepted & rembor

951 2036 2247 195 the charges, which pray procure or returne again, I have

960 2110 2285 169 account of  N8 sent to hull, which must be shipt

942 2256 2239 165 there for amst, as I have advised you 21 past, so

933 2337 2272 193 referre you to that & farmar letters about shipping

930 2465 2316 177 & buying of goods, now itt zeems you strange that I preten

928 2590 2245 158 to abate so small a somme & you will onley allow

940 2717 2278 146 £9:16: 1 en you doe not considder what I last, & that

911 2814 2279 185 mearley by your ill direction, anney man that serves in

918 2930 2330 179 commission must observe orders or else what mis carrie happent

937 3029 2232 206 is for his account, therefore I thought I deale vere

938 3155 2228 203 generousley to bullance my boocke & write of that

929 3307 2287 131 small some by profit & lose & ladvise you to doe the

933 3385 2230 196 same, or this the rest of 2 full yeares haveinge

909 3496 2316 180 abated notting penney 1692 though there where then

929 3617 2245 126 severall mistakens & contradictions for the futture

911 3700 2280 211 I'll promise to pretend nottingh if you will serve mie

903 3796 2266 199 as you doe m Roosendael upon roos provision

907 3895 2314 221 & me peerbooms in assureing of his goods att this sids

1066 4026 2104 160 then I will leave the shipping to you of little

905 4112 2218 218 of muuch in one botten, of which pray your positive

5805 177 82 140 16

3440 208 2390 104 gesolution for others are vere willing there on do, what is

3433 274 2456 198 become of my packing press, make something there of, my cosen

3446 357 2345 197 matthies is gon for Lisbon & wee heere not loarning pray

3443 547 2445 140 inquire as to the inclosed notice & advise what you heare I rest

5352 632 192 192 5

3403 663 627 163 Brugge wits

3524 737 2342 220 mens. sedert menaen van p deserden & ven selven datr ceen

3468 883 2414 176 als adde hot pack N 2e8 t gene euck godt lof geen stuck besead cct

3426 997 2430 161 bevind alhoeveel een wejni besneti e& omlagh

3463 1091 2375 138 en son ge stuck mijn odrr was tselve ny te wagen

3452 1209 2406 143 te serden sooveneer het nae & bescadcht had geeen

3464 1264 2414 170 oudat ten reddint doch elt ue gesien hadde het droogh

3440 1346 2426 180 was hedde het w lewgen costig blijve om die oncosen voor sey

3440 1432 2406 178 teeve die sullen gevonden werdin soo sij vrijdonn van reghte

3441 1564 2376 134 becomen. het stuck aenden ontfi. gelaten is N 54: 534 sijn a 9

3427 1606 2461 182 eost 12 ft: delle wisselgelde can rist in beelden wat ue die van

3426 1705 2415 171 abterde maken conmen, doch sij sijn boven reght uijdt geeccess

3441 1836 2427 145 & soo sij bruyken reden villen me an dat wel can anders ven

3406 1884 2471 202 te men laet dat ue viglhee loot miijk hebt gedaenever

3430 1978 2407 209 te p pack N29. tis bj naer onge lootlijk, om dat het selve

3409 2094 2462 177 copt l derlest is aenbont gebught, u volg sae niet

3428 2187 2404 150 wel hebben oversien: daerennissen kont dit weder aen aen

3409 2249 2422 186 can soo lock blijven die, den van swol en andee costen

3416 2330 2455 202 sullen wo en conmen ick wens sijn an jn desu

3435 2442 2447 153 vemy sonde de packen deen lossen en naer costy brengen svinder

3436 2495 2396 161 ich et wijfele oft die sche aen daeral gerusse ligen, en souden

3433 2597 2350 153 de elet coen gescoliert en & erbwant worden senden

3432 2667 2376 177 janden gij naghte gelijck ue scheeft aen mijn swasen gillis

3419 2760 2364 163 dese wurdn ingesloten ƒ82: couran gelt ten last

3429 2847 2324 215 danus eoghesteel te brugge dat geloeft inte voorden

3430 2968 1053 184 en adrise wat passent

3418 3055 2384 178 den ingesloten op vincent hendrickx van £100 a 33:10

3426 3163 1827 216 gelieft te laeten accepteren & mij wederseynden

5415 3204 283 208 8 fer

3383 3292 677 165 hulft wed brutt on

3436 3348 2436 198 ick heb den ul van 15 abter list weel entf. maer sedert van

3456 3527 2403 134 iet never oenoen, soo 6en ick vrswondert

3388 3578 2262 146 dat jacob de weieger noch net heeft belaelt

3407 3686 2458 108 sal moet he dat sergen vant mareus demit

3407 3780 2428 137 heeft altijt el de kerrlijs voldaen: daerom prect

3406 3880 2409 131 heem als uyt mijnen naem oft soo hij vede in

3395 3956 2396 145 wat comt sctijft hem een brief, en laet mij eet

3413 4052 606 133 hae let da

4509 4062 1323 153 vnsiegesloten den bref

3413 4157 2449 120 aende gerviveeenn volkaert geliff vande

3433 4259 2455 130 te behadigen en mijn sake tegen Jan vileuse he rewres
