7906 4541
4994 153 873 181 Au J. april 16947

3347 180 804 167 Brussel Anttoni Rousseau

3422 251 2476 187 J'ay reccu la vre de kuy, avec la remise de ƒ1500- a la charge de andre manqilez & la

3438 388 2439 166 quille je procurere le necessaire, & vous serez credite, & debite q vos traittes, qui les

3441 480 2417 166 payeray en suite de vos ondres, cependant je vux de recevor la vre de bujourd juy

3438 550 2484 160 avec celle  mons. Porhi de venile au elle j'eschiray le necessaire, il est a  ie

3426 691 2445 104 craindre, qu'il ne payera pas les praix,  que vous l'ordonne. fis venesins

3436 733 2365 171 sont fort senugulieuss en leur mapime de change, je vous salue & suns

5158 978 665 146 C2 aprill 1681

3367 996 573 128 neho Michile Seaull

3431 1059 2401 168 dij den ul van 19 pass. geses de redef waerom ul geeft gerefuseert acn aen mijne tratta

3446 1183 2438 146 van ƒ300- & bancq, te betalen aen 1 Marino gelesef, ord, ende voor reeeq van in antRouseenu

3452 1257 2398 151 van Brussel, Ick hadde bij den mijnen van 5 gat ul remisse gegeenen, dat om te cinteren

3434 1355 2399 149 decosten van procuraie, ick mijn eygen brief gadde gemaeckt, daer bij verseght den selven

3447 1484 2435 119 te willen fteeren voor mijne receq, In genalled tijts soude hebben gemaneqreere aen ul getusckein

3437 1584 2439 132 dan ter wijlen daer mede geen satisfactie hebt genomen, soo seynde ick ingesloten copije

3451 1669 2408 147 van de ordre van mons Rousseau, & confirmatie datt ul voors at in plaits van

3435 1800 2418 161 de sijne sont gelieven te geeren, waer over dan inn wil dencken geen voorder difficulteyt

3439 1871 2399 133 sult maecken, & den selven bet met de costen van preteste  e aembouren vinden

3441 1981 974 175 volgens advis van voorst Rousseau

5270 2186 357 145 C2april

3362 2147 612 224 Brusel nt Brusseau

3440 2286 2405 128 Je vous escriva acez le necessaire, ce que pouria serviz en responce a la vre du mesme dap

3433 2348 2372 153 a l Justant est rottse la lettre de ƒ1500- sur Andre mangelair, a cause qu'il ne vent

3420 2456 2452 179 payer que valeur de france, ce qu'il portera envion £203- p lieux de £250-, & comme le

3417 2529 1663 189 temps est top court aprisent, jevau l'envoyeray deman

3338 2626 1001 211 bredael laureyska

4967 2650 755 192 metserr april

3417 2722 2387 209 hebbe ue een sackie gelt toegesonden gelyck aende

3433 2910 2428 171 voet deser daer in ƒ 115:- vergeet dat niet te boestestelle

3421 2993 244 168 blijve

5422 3041 396 229 3 april

3343 3083 723 191 brussel Rousseau

3433 3197 2372 205 selon la miene d'hier ie vous renvoye cy comt la lettre de ƒ1500:-

3423 3307 2363 192 sur andrea mangelaer avec protest pax cause que sa fumme ne

3414 3425 2288 166 vent pas payer que valeur de france presentant seulement

3427 3563 2359 168 £203:2:6 en luy mesme estant da Paris vous dischargerez

3419 3689 2461 168 mon compte puisque ie suis dise, bruf is nide vog

5263 3765 394 138 4 capriil

3318 3773 798 159 russel Brusstenal

3418 3853 2451 146 hemges dat margeser heeft belaele de suet

3438 3941 2463 189 ene£ £250: en dat ick hem seler ad van sijn eeis

3430 4058 2409 171 vant coo op paerboma dat ick hem des

3456 4102 1055 160 verke sal roor t

4154 4139 1630 228 ame Tevo achape gilles

3443 4200 1130 157 ay doit 2 cett rie a au
