<?xml version="1.0" encoding="UTF-8"?>
<alto xmlns:xsi="http://www.w3.org/2001/XMLSchema-instance"
      xmlns="http://www.loc.gov/standards/alto/ns-v4#"
      xmlns:page="http://schema.primaresearch.org/PAGE/gts/pagecontent/2013-07-15"
      xsi:schemaLocation="http://www.loc.gov/standards/alto/ns-v4# https://www.loc.gov/standards/alto/v4/alto.xsd">
   <Description>
      <MeasurementUnit>pixel</MeasurementUnit>
      <OCRProcessing ID="IdOcr">
         <ocrProcessingStep>
            <processingDateTime>2022-02-04T12:20:55.445+01:00</processingDateTime>
            <processingSoftware>
               <softwareCreator>READ COOP</softwareCreator>
               <softwareName>Transkribus</softwareName>
            </processingSoftware>
         </ocrProcessingStep>
      </OCRProcessing>
   </Description>
   <Layout>
      <Page ID="Page1" PHYSICAL_IMG_NR="1" HEIGHT="4528" WIDTH="7947">
         <TopMargin HEIGHT="0" WIDTH="7947" VPOS="0" HPOS="0"/>
         <LeftMargin HEIGHT="4528" WIDTH="0" VPOS="0" HPOS="0"/>
         <RightMargin HEIGHT="4528" WIDTH="0" VPOS="0" HPOS="7947"/>
         <BottomMargin HEIGHT="0" WIDTH="7947" VPOS="4528" HPOS="0"/>
         <PrintSpace HEIGHT="4528" WIDTH="7947" VPOS="0" HPOS="0">
            <TextBlock ID="region_1638972849672_10936"
                       HEIGHT="4225"
                       WIDTH="2531"
                       VPOS="139"
                       HPOS="726">
               <Shape>
                  <Polygon POINTS="726,139 3257,139 3257,4364 726,4364"/>
               </Shape>
               <TextLine ID="region_1638972849672_10936l1"
                         BASELINE="974,304 1079,298 1185,294 1291,288 1397,284 1503,281 1609,278 1715,276 1821,274 1927,272 2033,270 2138,270 2244,270 2350,270 2456,270 2562,270 2668,272 2774,272 2880,274 2986,274 3092,276"
                         HEIGHT="135"
                         WIDTH="2151"
                         VPOS="188"
                         HPOS="957">
                  <String ID="string_region_1638972849672_10936l1"
                          HEIGHT="135"
                          WIDTH="2151"
                          VPOS="188"
                          HPOS="957"
                          CONTENT="in 10 dages so that I shall loose ten salof"/>
               </TextLine>
               <TextLine ID="region_1638972849672_10936l2"
                         BASELINE="984,420 1088,411 1192,406 1296,399 1400,394 1505,390 1609,386 1713,382 1817,380 1921,378 2026,376 2130,374 2234,372 2338,370 2442,370 2547,368 2651,368 2755,366 2859,366 2963,364 3068,362"
                         HEIGHT="186"
                         WIDTH="2117"
                         VPOS="268"
                         HPOS="966">
                  <String ID="string_region_1638972849672_10936l2"
                          HEIGHT="186"
                          WIDTH="2117"
                          VPOS="268"
                          HPOS="966"
                          CONTENT="them this yeare I rest sent my acctt curt"/>
               </TextLine>
               <TextLine ID="region_1638972849672_10936l3"
                         BASELINE="2662,464 2687,464 2713,464 2738,464 2764,462 2789,462 2815,462 2840,460 2866,460 2891,460 2917,459 2942,458 2968,459 2994,460"
                         HEIGHT="134"
                         WIDTH="363"
                         VPOS="370"
                         HPOS="2646">
                  <String ID="string_region_1638972849672_10936l3"
                          HEIGHT="134"
                          WIDTH="363"
                          VPOS="370"
                          HPOS="2646"
                          CONTENT="10 g2"/>
               </TextLine>
               <TextLine ID="region_1638972849672_10936l4"
                         BASELINE="822,540 855,538 888,536 921,534 954,532 988,530 1021,530 1054,528 1087,528 1120,528 1154,526 1187,526 1220,526 1253,527 1286,528 1320,528 1353,528 1386,528 1419,530 1452,530 1486,530"
                         HEIGHT="191"
                         WIDTH="697"
                         VPOS="393"
                         HPOS="805">
                  <String ID="string_region_1638972849672_10936l4"
                          HEIGHT="191"
                          WIDTH="697"
                          VPOS="393"
                          HPOS="805"
                          CONTENT="gent herrebt"/>
               </TextLine>
               <TextLine ID="region_1638972849672_10936l5"
                         BASELINE="1000,644 1101,641 1203,638 1305,636 1407,634 1509,634 1610,634 1712,634 1814,634 1916,634 2018,634 2119,634 2221,634 2323,634 2425,634 2527,632 2628,632 2730,630 2832,628 2934,626 3036,622"
                         HEIGHT="226"
                         WIDTH="2067"
                         VPOS="468"
                         HPOS="985">
                  <String ID="string_region_1638972849672_10936l5"
                          HEIGHT="226"
                          WIDTH="2067"
                          VPOS="468"
                          HPOS="985"
                          CONTENT="heb u versoekt om re &amp; die noch niet oms"/>
               </TextLine>
               <TextLine ID="region_1638972849672_10936l6"
                         BASELINE="1024,744 1128,740 1232,736 1336,734 1440,732 1545,730 1649,728 1753,728 1857,728 1961,726 2066,726 2170,724 2274,723 2378,722 2482,719 2587,716 2691,712 2795,708 2899,702 3003,694 3108,686"
                         HEIGHT="186"
                         WIDTH="2116"
                         VPOS="620"
                         HPOS="1008">
                  <String ID="string_region_1638972849672_10936l6"
                          HEIGHT="186"
                          WIDTH="2116"
                          VPOS="620"
                          HPOS="1008"
                          CONTENT="ick be besich wn boels tesluyt, soo mot die"/>
               </TextLine>
               <TextLine ID="region_1638972849672_10936l7"
                         BASELINE="994,834 1103,834 1212,834 1321,834 1430,832 1539,832 1648,830 1757,830 1866,828 1975,826 2084,824 2193,820 2302,818 2411,814 2520,811 2629,807 2738,802 2847,798 2956,793 3065,788 3174,782"
                         HEIGHT="188"
                         WIDTH="2211"
                         VPOS="708"
                         HPOS="976">
                  <String ID="string_region_1638972849672_10936l7"
                          HEIGHT="188"
                          WIDTH="2211"
                          VPOS="708"
                          HPOS="976"
                          CONTENT="sonde tshel hebbn, &amp; ul ordre aen wiete blla"/>
               </TextLine>
               <TextLine ID="region_1638972849672_10936l8"
                         BASELINE="3036,902 3064,902"
                         HEIGHT="52"
                         WIDTH="58"
                         VPOS="822"
                         HPOS="3021">
                  <String ID="string_region_1638972849672_10936l8"
                          HEIGHT="52"
                          WIDTH="58"
                          VPOS="822"
                          HPOS="3021"
                          CONTENT=""/>
               </TextLine>
               <TextLine ID="region_1638972849672_10936l9"
                         BASELINE="2944,914 2972,910"
                         HEIGHT="70"
                         WIDTH="67"
                         VPOS="870"
                         HPOS="2923">
                  <String ID="string_region_1638972849672_10936l9"
                          HEIGHT="70"
                          WIDTH="67"
                          VPOS="870"
                          HPOS="2923"
                          CONTENT=""/>
               </TextLine>
               <TextLine ID="region_1638972849672_10936l10"
                         BASELINE="994,944 1095,940 1196,938 1297,935 1399,932 1500,930 1601,930 1703,928 1804,928 1905,926 2007,924 2108,922 2209,920 2310,917 2412,912 2513,908 2614,902 2716,896 2817,888 2918,879 3020,868"
                         HEIGHT="175"
                         WIDTH="2058"
                         VPOS="815"
                         HPOS="978">
                  <String ID="string_region_1638972849672_10936l10"
                          HEIGHT="175"
                          WIDTH="2058"
                          VPOS="815"
                          HPOS="978"
                          CONTENT="Ingeslyeeen brief aen s. Coru van banegen"/>
               </TextLine>
               <TextLine ID="region_1638972849672_10936l11"
                         BASELINE="988,1042 1083,1039 1179,1035 1274,1032 1370,1030 1466,1028 1561,1026 1657,1024 1752,1022 1848,1019 1944,1018 2039,1014 2135,1012 2230,1008 2326,1004 2422,999 2517,994 2613,988 2708,980 2804,971 2900,960"
                         HEIGHT="196"
                         WIDTH="1945"
                         VPOS="894"
                         HPOS="971">
                  <String ID="string_region_1638972849672_10936l11"
                          HEIGHT="196"
                          WIDTH="1945"
                          VPOS="894"
                          HPOS="971"
                          CONTENT="nlet een breflen van ƒ 223: tet lunelest"/>
               </TextLine>
               <TextLine ID="region_1638972849672_10936l12"
                         BASELINE="970,1142 1082,1140 1194,1138 1307,1136 1419,1134 1532,1132 1644,1130 1756,1128 1869,1126 1981,1124 2094,1121 2206,1118 2318,1114 2431,1112 2543,1108 2656,1104 2768,1099 2880,1094 2993,1088 3105,1081 3218,1074"
                         HEIGHT="213"
                         WIDTH="2282"
                         VPOS="992"
                         HPOS="953">
                  <String ID="string_region_1638972849672_10936l12"
                          HEIGHT="213"
                          WIDTH="2282"
                          VPOS="992"
                          HPOS="953"
                          CONTENT="dewel ken hem gelieft te daen als  mij wedieseden"/>
               </TextLine>
               <TextLine ID="region_1638972849672_10936l13"
                         BASELINE="808,1320 837,1319 866,1316 895,1314 924,1312 954,1308 983,1307 1012,1303 1041,1301 1070,1298 1100,1296 1129,1293 1158,1289 1187,1286 1216,1283 1246,1279 1275,1277 1304,1274 1333,1269 1362,1267 1392,1264"
                         HEIGHT="243"
                         WIDTH="626"
                         VPOS="1135"
                         HPOS="781">
                  <String ID="string_region_1638972849672_10936l13"
                          HEIGHT="243"
                          WIDTH="626"
                          VPOS="1135"
                          HPOS="781"
                          CONTENT="brugge Coots"/>
               </TextLine>
               <TextLine ID="region_1638972849672_10936l14"
                         BASELINE="882,1424 993,1407 1104,1390 1215,1375 1327,1362 1438,1352 1549,1343 1661,1336 1772,1331 1883,1326 1995,1323 2106,1320 2217,1320 2328,1318 2440,1318 2551,1320 2662,1320 2774,1322 2885,1322 2996,1324 3108,1324"
                         HEIGHT="312"
                         WIDTH="2257"
                         VPOS="1177"
                         HPOS="864">
                  <String ID="string_region_1638972849672_10936l14"
                          HEIGHT="312"
                          WIDTH="2257"
                          VPOS="1177"
                          HPOS="864"
                          CONTENT=" naer dat ick den ue van 4 deser hadt ontfangen, &amp; besigh"/>
               </TextLine>
               <TextLine ID="region_1638972849672_10936l15"
                         BASELINE="960,1492 1072,1476 1185,1465 1298,1453 1411,1445 1524,1440 1636,1434 1749,1430 1862,1428 1975,1426 2088,1426 2200,1426 2313,1426 2426,1426 2539,1426 2652,1428 2764,1428 2877,1428 2990,1426 3103,1426 3216,1422"
                         HEIGHT="186"
                         WIDTH="2289"
                         VPOS="1326"
                         HPOS="943">
                  <String ID="string_region_1638972849672_10936l15"
                          HEIGHT="186"
                          WIDTH="2289"
                          VPOS="1326"
                          HPOS="943"
                          CONTENT="was mijne rekeninge courant te examineren, wort mij behandigh"/>
               </TextLine>
               <TextLine ID="region_1638972849672_10936l16"
                         BASELINE="968,1586 1075,1577 1182,1567 1290,1560 1397,1553 1505,1547 1612,1542 1719,1538 1827,1534 1934,1532 2042,1530 2149,1528 2256,1528 2364,1530 2471,1531 2579,1534 2686,1538 2793,1541 2901,1545 3008,1551 3116,1558"
                         HEIGHT="184"
                         WIDTH="2178"
                         VPOS="1412"
                         HPOS="952">
                  <String ID="string_region_1638972849672_10936l16"
                          HEIGHT="184"
                          WIDTH="2178"
                          VPOS="1412"
                          HPOS="952"
                          CONTENT="dien van 7 ditto waerby ue treckt £50 tgene soo precistant"/>
               </TextLine>
               <TextLine ID="region_1638972849672_10936l17"
                         BASELINE="976,1690 1087,1681 1199,1672 1311,1664 1422,1658 1534,1650 1646,1646 1757,1642 1869,1639 1981,1636 2093,1636 2204,1634 2316,1634 2428,1634 2539,1636 2651,1639 2763,1642 2874,1645 2986,1650 3098,1654 3210,1660"
                         HEIGHT="196"
                         WIDTH="2268"
                         VPOS="1525"
                         HPOS="959">
                  <String ID="string_region_1638972849672_10936l17"
                          HEIGHT="196"
                          WIDTH="2268"
                          VPOS="1525"
                          HPOS="959"
                          CONTENT="niet hadde verwaght want hebbe selver brieven &amp; meynde gistere"/>
               </TextLine>
               <TextLine ID="region_1638972849672_10936l18"
                         BASELINE="942,1802 1052,1791 1163,1783 1274,1774 1385,1768 1496,1761 1606,1757 1717,1752 1828,1750 1939,1746 2050,1745 2160,1744 2271,1744 2382,1744 2493,1746 2604,1746 2714,1748 2825,1750 2936,1754 3047,1757 3158,1760"
                         HEIGHT="192"
                         WIDTH="2247"
                         VPOS="1637"
                         HPOS="927">
                  <String ID="string_region_1638972849672_10936l18"
                          HEIGHT="192"
                          WIDTH="2247"
                          VPOS="1637"
                          HPOS="927"
                          CONTENT="meynde gisteren ue b'nitto te remitteren, &amp; cannen hier ½ &amp; ¾"/>
               </TextLine>
               <TextLine ID="region_1638972849672_10936l19"
                         BASELINE="980,1924 1087,1913 1194,1902 1301,1892 1408,1883 1515,1873 1622,1867 1729,1859 1836,1855 1943,1849 2051,1846 2158,1842 2265,1838 2372,1836 2479,1836 2586,1834 2693,1834 2800,1836 2907,1836 3014,1838 3122,1840"
                         HEIGHT="228"
                         WIDTH="2175"
                         VPOS="1747"
                         HPOS="961">
                  <String ID="string_region_1638972849672_10936l19"
                          HEIGHT="228"
                          WIDTH="2175"
                          VPOS="1747"
                          HPOS="961"
                          CONTENT="sol toecrijgen, ne myne rekeninge geexamineert hebben de "/>
               </TextLine>
               <TextLine ID="region_1638972849672_10936l20"
                         BASELINE="964,2018 1075,2008 1187,1999 1298,1990 1410,1982 1522,1974 1633,1968 1745,1962 1856,1958 1968,1952 2080,1948 2191,1946 2303,1944 2414,1942 2526,1942 2638,1944 2749,1946 2861,1948 2972,1952 3084,1957 3196,1962"
                         HEIGHT="243"
                         WIDTH="2266"
                         VPOS="1836"
                         HPOS="948">
                  <String ID="string_region_1638972849672_10936l20"
                          HEIGHT="243"
                          WIDTH="2266"
                          VPOS="1836"
                          HPOS="948"
                          CONTENT="bevinde deselve tlaccorderen, behoudelyck dat ick ondersnde"/>
               </TextLine>
               <TextLine ID="region_1638972849672_10936l21"
                         BASELINE="970,2106 1075,2100 1181,2093 1286,2088 1392,2081 1497,2076 1603,2070 1708,2064 1814,2059 1919,2054 2025,2050 2130,2046 2236,2043 2341,2040 2447,2038 2552,2036 2658,2034 2763,2034 2869,2034 2974,2036 3080,2038"
                         HEIGHT="219"
                         WIDTH="2140"
                         VPOS="1945"
                         HPOS="953">
                  <String ID="string_region_1638972849672_10936l21"
                          HEIGHT="219"
                          WIDTH="2140"
                          VPOS="1945"
                          HPOS="953"
                          CONTENT="in d'oncost rekeninge van 14 april voorsgulen &amp;  £2:13"/>
               </TextLine>
               <TextLine ID="region_1638972849672_10936l22"
                         BASELINE="982,2216 1091,2209 1200,2204 1309,2198 1418,2193 1527,2188 1636,2183 1745,2178 1854,2174 1963,2169 2072,2166 2181,2162 2290,2158 2399,2154 2508,2150 2617,2146 2726,2142 2835,2140 2944,2136 3053,2132 3162,2128"
                         HEIGHT="305"
                         WIDTH="2213"
                         VPOS="1979"
                         HPOS="965">
                  <String ID="string_region_1638972849672_10936l22"
                          HEIGHT="305"
                          WIDTH="2213"
                          VPOS="1979"
                          HPOS="965"
                          CONTENT="ten minsten een £1 te veel, 9 mey 10 p te veel in N14 &amp; i6"/>
               </TextLine>
               <TextLine ID="region_1638972849672_10936l23"
                         BASELINE="988,2336 1099,2328 1210,2320 1321,2313 1432,2306 1544,2299 1655,2293 1766,2288 1877,2282 1988,2276 2100,2272 2211,2268 2322,2264 2433,2260 2544,2258 2656,2255 2767,2254 2878,2252 2989,2252 3100,2252 3212,2252"
                         HEIGHT="217"
                         WIDTH="2260"
                         VPOS="2141"
                         HPOS="969">
                  <String ID="string_region_1638972849672_10936l23"
                          HEIGHT="217"
                          WIDTH="2260"
                          VPOS="2141"
                          HPOS="969"
                          CONTENT="12: &amp; 13 ieder 10 ƒ te veel als mede in N 19 &amp; 22 aen segelreckt"/>
               </TextLine>
               <TextLine ID="region_1638972849672_10936l24"
                         BASELINE="980,2442 1088,2433 1197,2426 1306,2418 1415,2411 1524,2405 1632,2400 1741,2394 1850,2390 1959,2386 2068,2382 2176,2379 2285,2376 2394,2374 2503,2372 2612,2370 2720,2368 2829,2367 2938,2366 3047,2366 3156,2366"
                         HEIGHT="213"
                         WIDTH="2211"
                         VPOS="2258"
                         HPOS="960">
                  <String ID="string_region_1638972849672_10936l24"
                          HEIGHT="213"
                          WIDTH="2211"
                          VPOS="2258"
                          HPOS="960"
                          CONTENT="&amp;, til wel waer  bne dat andere voor te gelrecht vande laken"/>
               </TextLine>
               <TextLine ID="region_1638972849672_10936l25"
                         BASELINE="968,2542 1077,2532 1187,2522 1296,2516 1406,2509 1516,2504 1625,2500 1735,2495 1844,2492 1954,2490 2064,2488 2173,2486 2283,2484 2392,2482 2502,2482 2612,2480 2721,2480 2831,2480 2940,2478 3050,2478 3160,2476"
                         HEIGHT="201"
                         WIDTH="2223"
                         VPOS="2398"
                         HPOS="952">
                  <String ID="string_region_1638972849672_10936l25"
                          HEIGHT="201"
                          WIDTH="2223"
                          VPOS="2398"
                          HPOS="952"
                          CONTENT="sonder den &amp; ons belasten, &amp; niet meer als de 3 st van der stuck"/>
               </TextLine>
               <TextLine ID="region_1638972849672_10936l26"
                         BASELINE="988,2632 1095,2622 1203,2615 1310,2608 1418,2602 1526,2597 1633,2594 1741,2590 1848,2588 1956,2586 2064,2584 2171,2584 2279,2582 2386,2582 2494,2582 2602,2582 2709,2584 2817,2584 2924,2584 3032,2584 3140,2586"
                         HEIGHT="142"
                         WIDTH="2183"
                         VPOS="2501"
                         HPOS="972">
                  <String ID="string_region_1638972849672_10936l26"
                          HEIGHT="142"
                          WIDTH="2183"
                          VPOS="2501"
                          HPOS="972"
                          CONTENT="van de spaense lakens in brenge soo dunckt my gegraveert te"/>
               </TextLine>
               <TextLine ID="region_1638972849672_10936l27"
                         BASELINE="962,2732 1067,2725 1173,2717 1278,2711 1384,2706 1489,2700 1595,2696 1700,2692 1806,2690 1911,2686 2017,2684 2122,2682 2228,2682 2333,2680 2439,2680 2544,2680 2650,2680 2755,2680 2861,2680 2966,2682 3072,2682"
                         HEIGHT="213"
                         WIDTH="2145"
                         VPOS="2590"
                         HPOS="944">
                  <String ID="string_region_1638972849672_10936l27"
                          HEIGHT="213"
                          WIDTH="2145"
                          VPOS="2590"
                          HPOS="944"
                          CONTENT="syn over tgene meer belast is daeren boven in t betalen"/>
               </TextLine>
               <TextLine ID="region_1638972849672_10936l28"
                         BASELINE="984,2838 1092,2828 1201,2821 1309,2812 1418,2806 1526,2800 1635,2794 1743,2790 1852,2784 1960,2781 2069,2778 2177,2776 2286,2774 2394,2774 2503,2774 2611,2774 2720,2776 2828,2778 2937,2780 3045,2784 3154,2788"
                         HEIGHT="157"
                         WIDTH="2200"
                         VPOS="2688"
                         HPOS="967">
                  <String ID="string_region_1638972849672_10936l28"
                          HEIGHT="157"
                          WIDTH="2200"
                          VPOS="2688"
                          HPOS="967"
                          CONTENT="van de vraght plackt ue gelyck andere doen te minageren, want"/>
               </TextLine>
               <TextLine ID="region_1638972849672_10936l29"
                         BASELINE="976,2924 1083,2918 1191,2912 1298,2908 1406,2902 1514,2899 1621,2896 1729,2892 1836,2890 1944,2888 2052,2886 2159,2884 2267,2882 2374,2882 2482,2880 2590,2880 2697,2878 2805,2878 2912,2878 3020,2876 3128,2876"
                         HEIGHT="197"
                         WIDTH="2184"
                         VPOS="2761"
                         HPOS="959">
                  <String ID="string_region_1638972849672_10936l29"
                          HEIGHT="197"
                          WIDTH="2184"
                          VPOS="2761"
                          HPOS="959"
                          CONTENT="de spaense lakens principalijck de syne sy eygentleyck maer"/>
               </TextLine>
               <TextLine ID="region_1638972849672_10936l30"
                         BASELINE="948,3038 1061,3027 1174,3017 1287,3009 1400,3001 1513,2996 1626,2991 1739,2987 1852,2984 1965,2982 2079,2980 2192,2978 2305,2978 2418,2976 2531,2976 2644,2974 2757,2972 2870,2970 2983,2968 3096,2964 3210,2960"
                         HEIGHT="203"
                         WIDTH="2294"
                         VPOS="2887"
                         HPOS="931">
                  <String ID="string_region_1638972849672_10936l30"
                          HEIGHT="203"
                          WIDTH="2294"
                          VPOS="2887"
                          HPOS="931"
                          CONTENT="=guaerten &amp; de 2 voor 1 dienden te betalen gelijck ue voor desen"/>
               </TextLine>
               <TextLine ID="region_1638972849672_10936l31"
                         BASELINE="976,3126 1086,3115 1197,3105 1308,3098 1419,3092 1530,3086 1641,3082 1752,3080 1863,3078 1974,3076 2085,3074 2195,3073 2306,3072 2417,3070 2528,3070 2639,3068 2750,3066 2861,3062 2972,3059 3083,3054 3194,3048"
                         HEIGHT="207"
                         WIDTH="2254"
                         VPOS="2951"
                         HPOS="959">
                  <String ID="string_region_1638972849672_10936l31"
                          HEIGHT="207"
                          WIDTH="2254"
                          VPOS="2951"
                          HPOS="959"
                          CONTENT="placht te minageren &amp; redelyck is, derhalve gelieft te rabatte"/>
               </TextLine>
               <TextLine ID="region_1638972849672_10936l32"
                         BASELINE="978,3222 1085,3218 1193,3213 1300,3209 1408,3205 1516,3201 1623,3198 1731,3194 1838,3191 1946,3187 2054,3184 2161,3180 2269,3178 2376,3174 2484,3171 2592,3168 2699,3164 2807,3161 2914,3157 3022,3154 3130,3150"
                         HEIGHT="188"
                         WIDTH="2186"
                         VPOS="3078"
                         HPOS="961">
                  <String ID="string_region_1638972849672_10936l32"
                          HEIGHT="188"
                          WIDTH="2186"
                          VPOS="3078"
                          HPOS="961"
                          CONTENT="aen de £67:7:3 en tgene mij wegens voors toecompt &amp;"/>
               </TextLine>
               <TextLine ID="region_1638972849672_10936l33"
                         BASELINE="948,3348 1056,3336 1165,3326 1273,3317 1382,3308 1491,3302 1599,3296 1708,3290 1816,3286 1925,3282 2034,3280 2142,3276 2251,3274 2359,3272 2468,3272 2577,3270 2685,3270 2794,3268 2902,3268 3011,3266 3120,3264"
                         HEIGHT="188"
                         WIDTH="2204"
                         VPOS="3177"
                         HPOS="932">
                  <String ID="string_region_1638972849672_10936l33"
                          HEIGHT="188"
                          WIDTH="2204"
                          VPOS="3177"
                          HPOS="932"
                          CONTENT="treckt het llst omdat ick nieuwe toecken maeckende geen"/>
               </TextLine>
               <TextLine ID="region_1638972849672_10936l34"
                         BASELINE="964,3434 1075,3424 1187,3414 1299,3406 1411,3398 1523,3394 1634,3388 1746,3382 1858,3378 1970,3376 2082,3372 2193,3370 2305,3368 2417,3366 2529,3364 2641,3362 2752,3360 2864,3358 2976,3356 3088,3352 3200,3348"
                         HEIGHT="182"
                         WIDTH="2269"
                         VPOS="3255"
                         HPOS="947">
                  <String ID="string_region_1638972849672_10936l34"
                          HEIGHT="182"
                          WIDTH="2269"
                          VPOS="3255"
                          HPOS="947"
                          CONTENT="salde ofe transport van oude rekeninge begire daerom lae"/>
               </TextLine>
               <TextLine ID="region_1638972849672_10936l35"
                         BASELINE="952,3518 1051,3511 1151,3504 1251,3500 1351,3494 1451,3490 1551,3487 1651,3484 1751,3480 1851,3478 1951,3476 2050,3474 2150,3472 2250,3470 2350,3468 2450,3466 2550,3464 2650,3462 2750,3460 2850,3458 2950,3454"
                         HEIGHT="194"
                         WIDTH="2031"
                         VPOS="3369"
                         HPOS="936">
                  <String ID="string_region_1638972849672_10936l35"
                          HEIGHT="194"
                          WIDTH="2031"
                          VPOS="3369"
                          HPOS="936"
                          CONTENT="hier aen geen tuyt soute ofte uytstelweten blyv"/>
               </TextLine>
               <TextLine ID="region_1638972849672_10936l36"
                         BASELINE="2916,3600 2941,3600 2966,3600 2991,3599 3016,3597 3041,3595 3066,3594 3092,3592"
                         HEIGHT="203"
                         WIDTH="215"
                         VPOS="3456"
                         HPOS="2894">
                  <String ID="string_region_1638972849672_10936l36"
                          HEIGHT="203"
                          WIDTH="215"
                          VPOS="3456"
                          HPOS="2894"
                          CONTENT="12d"/>
               </TextLine>
               <TextLine ID="region_1638972849672_10936l37"
                         BASELINE="844,3676 892,3669 940,3662 988,3655 1037,3650 1085,3644 1133,3638 1182,3634 1230,3629 1278,3624 1327,3621 1375,3617 1423,3614 1471,3610 1520,3608 1568,3605 1616,3602 1665,3601 1713,3598 1761,3598 1810,3596"
                         HEIGHT="245"
                         WIDTH="1006"
                         VPOS="3496"
                         HPOS="820">
                  <String ID="string_region_1638972849672_10936l37"
                          HEIGHT="245"
                          WIDTH="1006"
                          VPOS="3496"
                          HPOS="820"
                          CONTENT="Parijs Baul boussin"/>
               </TextLine>
               <TextLine ID="region_1638972849672_10936l38"
                         BASELINE="916,3790 1030,3775 1144,3761 1258,3748 1372,3740 1486,3733 1600,3728 1714,3724 1828,3722 1942,3720 2056,3720 2170,3721 2284,3722 2398,3724 2512,3724 2626,3726 2740,3726 2854,3726 2968,3726 3082,3724 3196,3722"
                         HEIGHT="272"
                         WIDTH="2312"
                         VPOS="3586"
                         HPOS="900">
                  <String ID="string_region_1638972849672_10936l38"
                          HEIGHT="272"
                          WIDTH="2312"
                          VPOS="3586"
                          HPOS="900"
                          CONTENT="li'ay reccu en sontemp la vre de 17 passe et celle du 8 courant "/>
               </TextLine>
               <TextLine ID="region_1638972849672_10936l39"
                         BASELINE="942,3882 1051,3873 1161,3863 1270,3855 1380,3849 1489,3844 1599,3840 1708,3838 1818,3836 1927,3836 2037,3834 2146,3834 2256,3836 2365,3836 2475,3836 2584,3838 2694,3838 2803,3838 2913,3838 3022,3838 3132,3836"
                         HEIGHT="201"
                         WIDTH="2222"
                         VPOS="3725"
                         HPOS="925">
                  <String ID="string_region_1638972849672_10936l39"
                          HEIGHT="201"
                          WIDTH="2222"
                          VPOS="3725"
                          HPOS="925"
                          CONTENT="vous aurez en responce, mais ie ne le iuga pas necaissaire a"/>
               </TextLine>
               <TextLine ID="region_1638972849672_10936l40"
                         BASELINE="980,3978 1091,3967 1203,3957 1315,3951 1427,3944 1539,3940 1650,3938 1762,3936 1874,3936 1986,3936 2098,3938 2209,3939 2321,3940 2433,3942 2545,3944 2657,3946 2768,3948 2880,3948 2992,3948 3104,3946 3216,3944"
                         HEIGHT="182"
                         WIDTH="2268"
                         VPOS="3838"
                         HPOS="963">
                  <String ID="string_region_1638972849672_10936l40"
                          HEIGHT="182"
                          WIDTH="2268"
                          VPOS="3838"
                          HPOS="963"
                          CONTENT="cause que vous avez du S vanden Cruyce, et que les "/>
               </TextLine>
               <TextLine ID="region_1638972849672_10936l41"
                         BASELINE="958,4078 1072,4072 1186,4066 1300,4060 1415,4054 1529,4051 1643,4048 1758,4045 1872,4043 1986,4042 2101,4040 2215,4040 2329,4040 2443,4040 2558,4042 2672,4042 2786,4044 2901,4046 3015,4048 3129,4050 3244,4052"
                         HEIGHT="139"
                         WIDTH="2317"
                         VPOS="3935"
                         HPOS="943">
                  <String ID="string_region_1638972849672_10936l41"
                          HEIGHT="139"
                          WIDTH="2317"
                          VPOS="3935"
                          HPOS="943"
                          CONTENT="vres me servent d'advis, de l'acheminement des merchandises"/>
               </TextLine>
               <TextLine ID="region_1638972849672_10936l42"
                         BASELINE="946,4178 1061,4173 1176,4166 1291,4162 1406,4157 1521,4153 1636,4150 1751,4146 1866,4145 1981,4144 2097,4142 2212,4142 2327,4142 2442,4144 2557,4146 2672,4147 2787,4150 2902,4154 3017,4157 3132,4161 3248,4166"
                         HEIGHT="192"
                         WIDTH="2336"
                         VPOS="4041"
                         HPOS="929">
                  <String ID="string_region_1638972849672_10936l42"
                          HEIGHT="192"
                          WIDTH="2336"
                          VPOS="4041"
                          HPOS="929"
                          CONTENT="pour Mons du maistre, pour donner les ordres necaissaire "/>
               </TextLine>
               <TextLine ID="region_1638972849672_10936l43"
                         BASELINE="968,4276 1080,4268 1193,4262 1305,4257 1418,4253 1531,4249 1643,4246 1756,4244 1868,4242 1981,4242 2094,4240 2206,4240 2319,4240 2431,4241 2544,4242 2657,4242 2769,4242 2882,4244 2994,4244 3107,4244 3220,4244"
                         HEIGHT="139"
                         WIDTH="2283"
                         VPOS="4148"
                         HPOS="953">
                  <String ID="string_region_1638972849672_10936l43"
                          HEIGHT="139"
                          WIDTH="2283"
                          VPOS="4148"
                          HPOS="953"
                          CONTENT="a Lille, cependant, si vous comme vous le souhait, "/>
               </TextLine>
               <TextLine ID="region_1638972849672_10936l44"
                         BASELINE="972,4360 1080,4354 1189,4348 1298,4344 1406,4340 1515,4338 1624,4334 1732,4334 1841,4332 1950,4330 2059,4330 2167,4330 2276,4330 2385,4328 2493,4328 2602,4328 2711,4328 2819,4328 2928,4328 3037,4328 3146,4326"
                         HEIGHT="130"
                         WIDTH="2206"
                         VPOS="4239"
                         HPOS="955">
                  <String ID="string_region_1638972849672_10936l44"
                          HEIGHT="130"
                          WIDTH="2206"
                          VPOS="4239"
                          HPOS="955"
                          CONTENT="vous serve de responce, &amp; vous et ie suivrez les ordres de "/>
               </TextLine>
            </TextBlock>
            <TextBlock ID="region_1638972854593_10939"
                       HEIGHT="4261"
                       WIDTH="2583"
                       VPOS="117"
                       HPOS="3338">
               <Shape>
                  <Polygon POINTS="3338,117 5921,117 5921,4378 3338,4378"/>
               </Shape>
               <TextLine ID="region_1638972854593_10939l1"
                         BASELINE="3426,272 3545,264 3664,259 3783,255 3902,254 4021,254 4140,254 4259,257 4378,260 4497,265 4616,270 4735,274 4854,280 4973,285 5092,289 5211,294 5330,298 5449,300 5568,302 5687,302 5806,300"
                         HEIGHT="159"
                         WIDTH="2413"
                         VPOS="212"
                         HPOS="3409">
                  <String ID="string_region_1638972854593_10939l1"
                          HEIGHT="159"
                          WIDTH="2413"
                          VPOS="212"
                          HPOS="3409"
                          CONTENT="mons du maistre de londres les queles manquent encor aussi"/>
               </TextLine>
               <TextLine ID="region_1638972854593_10939l2"
                         BASELINE="3436,364 3551,354 3666,346 3782,342 3897,340 4013,340 4128,341 4243,344 4359,349 4474,355 4590,362 4705,369 4820,376 4936,383 5051,390 5167,396 5282,402 5397,406 5513,408 5628,408 5744,408"
                         HEIGHT="158"
                         WIDTH="2340"
                         VPOS="304"
                         HPOS="3421">
                  <String ID="string_region_1638972854593_10939l2"
                          HEIGHT="158"
                          WIDTH="2340"
                          VPOS="304"
                          HPOS="3421"
                          CONTENT="bien pour les 3 pacquettes du 17 passé que pour le casse "/>
               </TextLine>
               <TextLine ID="region_1638972854593_10939l3"
                         BASELINE="3456,462 3565,455 3674,448 3783,444 3892,442 4001,442 4110,442 4219,444 4328,446 4437,450 4547,455 4656,460 4765,468 4874,473 4983,482 5092,489 5201,497 5310,506 5419,514 5528,522 5638,530"
                         HEIGHT="156"
                         WIDTH="2215"
                         VPOS="383"
                         HPOS="3440">
                  <String ID="string_region_1638972854593_10939l3"
                          HEIGHT="156"
                          WIDTH="2215"
                          VPOS="383"
                          HPOS="3440"
                          CONTENT="DNN8 sy ie vous puis vendre quelqu service en ce "/>
               </TextLine>
               <TextLine ID="region_1638972854593_10939l4"
                         BASELINE="3434,600 3518,586 3602,574 3687,563 3771,556 3856,550 3940,546 4024,544 4109,542 4193,542 4278,544 4362,546 4446,549 4531,552 4615,557 4700,562 4784,566 4868,572 4953,579 5037,584 5122,590"
                         HEIGHT="241"
                         WIDTH="1719"
                         VPOS="432"
                         HPOS="3419">
                  <String ID="string_region_1638972854593_10939l4"
                          HEIGHT="241"
                          WIDTH="1719"
                          VPOS="432"
                          HPOS="3419"
                          CONTENT="quartier commande librement, qui suis"/>
               </TextLine>
               <TextLine ID="region_1638972854593_10939l5"
                         BASELINE="5466,734 5493,732 5520,730 5547,730 5574,730 5602,730 5629,730 5656,730 5683,727 5710,723 5738,718"
                         HEIGHT="219"
                         WIDTH="306"
                         VPOS="585"
                         HPOS="5450">
                  <String ID="string_region_1638972854593_10939l5"
                          HEIGHT="219"
                          WIDTH="306"
                          VPOS="585"
                          HPOS="5450"
                          CONTENT="14d"/>
               </TextLine>
               <TextLine ID="region_1638972854593_10939l6"
                         BASELINE="3344,816 3377,802 3410,790 3443,780 3477,770 3510,760 3543,754 3577,747 3610,740 3643,735 3677,731 3710,726 3743,723 3776,720 3810,717 3843,715 3876,712 3910,709 3943,708 3976,705 4010,702"
                         HEIGHT="292"
                         WIDTH="716"
                         VPOS="563"
                         HPOS="3313">
                  <String ID="string_region_1638972854593_10939l6"
                          HEIGHT="292"
                          WIDTH="716"
                          VPOS="563"
                          HPOS="3313"
                          CONTENT="mss Rover"/>
               </TextLine>
               <TextLine ID="region_1638972854593_10939l7"
                         BASELINE="3456,874 3574,860 3693,850 3811,842 3930,838 4049,834 4167,834 4286,836 4404,838 4523,842 4642,847 4760,853 4879,858 4997,866 5116,872 5235,880 5353,887 5472,893 5590,898 5709,902 5828,906"
                         HEIGHT="242"
                         WIDTH="2407"
                         VPOS="712"
                         HPOS="3439">
                  <String ID="string_region_1638972854593_10939l7"
                          HEIGHT="242"
                          WIDTH="2407"
                          VPOS="712"
                          HPOS="3439"
                          CONTENT="In antwoort aen den ue van 10 deser vreese dat van dat"/>
               </TextLine>
               <TextLine ID="region_1638972854593_10939l8"
                         BASELINE="3434,986 3551,974 3668,964 3785,956 3903,952 4020,950 4137,950 4255,952 4372,955 4489,958 4607,964 4724,970 4841,976 4958,983 5076,988 5193,994 5310,998 5428,1002 5545,1006 5662,1006 5780,1006"
                         HEIGHT="214"
                         WIDTH="2378"
                         VPOS="862"
                         HPOS="3418">
                  <String ID="string_region_1638972854593_10939l8"
                          HEIGHT="214"
                          WIDTH="2378"
                          VPOS="862"
                          HPOS="3418"
                          CONTENT="weick van anelandt niet veel goets comen sal, eghter"/>
               </TextLine>
               <TextLine ID="region_1638972854593_10939l9"
                         BASELINE="3460,1084 3580,1071 3700,1062 3821,1056 3941,1052 4062,1052 4182,1052 4302,1056 4423,1060 4543,1066 4664,1073 4784,1081 4904,1090 5025,1098 5145,1107 5266,1114 5386,1120 5506,1128 5627,1132 5747,1134 5868,1136"
                         HEIGHT="233"
                         WIDTH="2440"
                         VPOS="956"
                         HPOS="3445">
                  <String ID="string_region_1638972854593_10939l9"
                          HEIGHT="233"
                          WIDTH="2440"
                          VPOS="956"
                          HPOS="3445"
                          CONTENT="can ue maer het beste doen, dan t s.vremt &amp; noyt gehoort, dat"/>
               </TextLine>
               <TextLine ID="region_1638972854593_10939l10"
                         BASELINE="3452,1182 3571,1172 3691,1166 3811,1163 3931,1160 4051,1160 4170,1162 4290,1164 4410,1168 4530,1174 4650,1180 4769,1186 4889,1195 5009,1202 5129,1210 5249,1219 5368,1227 5488,1234 5608,1241 5728,1248 5848,1252"
                         HEIGHT="177"
                         WIDTH="2426"
                         VPOS="1102"
                         HPOS="3436">
                  <String ID="string_region_1638972854593_10939l10"
                          HEIGHT="177"
                          WIDTH="2426"
                          VPOS="1102"
                          HPOS="3436"
                          CONTENT="alles te soecken is, &amp; geen beter poleeie daer wort genseert,"/>
               </TextLine>
               <TextLine ID="region_1638972854593_10939l11"
                         BASELINE="3438,1300 3558,1289 3679,1280 3799,1274 3920,1271 4040,1270 4161,1270 4281,1272 4402,1276 4522,1281 4643,1287 4763,1295 4884,1303 5004,1312 5125,1321 5245,1330 5366,1339 5486,1348 5607,1356 5727,1363 5848,1370"
                         HEIGHT="268"
                         WIDTH="2446"
                         VPOS="1146"
                         HPOS="3421">
                  <String ID="string_region_1638972854593_10939l11"
                          HEIGHT="268"
                          WIDTH="2446"
                          VPOS="1146"
                          HPOS="3421"
                          CONTENT="oock dat denschipper, ofte iemandt van t sijnent wegen met"/>
               </TextLine>
               <TextLine ID="region_1638972854593_10939l12"
                         BASELINE="3454,1414 3575,1401 3697,1391 3819,1383 3940,1378 4062,1376 4184,1378 4305,1380 4427,1383 4549,1388 4671,1396 4792,1403 4914,1412 5036,1422 5157,1430 5279,1439 5401,1449 5522,1456 5644,1465 5766,1472 5888,1478"
                         HEIGHT="223"
                         WIDTH="2469"
                         VPOS="1320"
                         HPOS="3437">
                  <String ID="string_region_1638972854593_10939l12"
                          HEIGHT="223"
                          WIDTH="2469"
                          VPOS="1320"
                          HPOS="3437"
                          CONTENT="beter heeft toegesien &amp; sorge gedraegen, dat de goederen al temen"/>
               </TextLine>
               <TextLine ID="region_1638972854593_10939l13"
                         BASELINE="3444,1510 3565,1501 3687,1494 3808,1490 3930,1486 4051,1486 4173,1486 4294,1490 4416,1493 4537,1498 4659,1504 4780,1510 4902,1518 5023,1525 5145,1533 5266,1540 5388,1548 5509,1556 5631,1564 5752,1571 5874,1578"
                         HEIGHT="212"
                         WIDTH="2463"
                         VPOS="1398"
                         HPOS="3428">
                  <String ID="string_region_1638972854593_10939l13"
                          HEIGHT="212"
                          WIDTH="2463"
                          VPOS="1398"
                          HPOS="3428"
                          CONTENT="bij een soude syn gebleven, ondertusschen verlangen wat van"/>
               </TextLine>
               <TextLine ID="region_1638972854593_10939l14"
                         BASELINE="3424,1632 3545,1619 3666,1611 3787,1605 3909,1601 4030,1598 4151,1596 4273,1598 4394,1600 4515,1604 4637,1608 4758,1615 4879,1621 5000,1629 5122,1636 5243,1645 5364,1654 5486,1662 5607,1671 5728,1680 5850,1688"
                         HEIGHT="206"
                         WIDTH="2459"
                         VPOS="1536"
                         HPOS="3409">
                  <String ID="string_region_1638972854593_10939l14"
                          HEIGHT="206"
                          WIDTH="2459"
                          VPOS="1536"
                          HPOS="3409"
                          CONTENT="myne lakens comen sal, de wolle sien te gemoet &amp; rekeninge"/>
               </TextLine>
               <TextLine ID="region_1638972854593_10939l15"
                         BASELINE="3436,1758 3558,1742 3681,1732 3803,1722 3926,1716 4048,1712 4171,1710 4293,1710 4416,1712 4538,1716 4661,1721 4783,1726 4906,1735 5028,1742 5151,1750 5273,1759 5396,1768 5518,1778 5641,1786 5763,1795 5886,1804"
                         HEIGHT="188"
                         WIDTH="2481"
                         VPOS="1625"
                         HPOS="3421">
                  <String ID="string_region_1638972854593_10939l15"
                          HEIGHT="188"
                          WIDTH="2481"
                          VPOS="1625"
                          HPOS="3421"
                          CONTENT="van diee remitterende ue ingesloten in 2 seennde wisselbrie"/>
               </TextLine>
               <TextLine ID="region_1638972854593_10939l16"
                         BASELINE="3454,1848 3576,1839 3698,1832 3820,1826 3943,1822 4065,1820 4187,1820 4310,1822 4432,1825 4554,1830 4677,1835 4799,1841 4921,1849 5043,1858 5166,1866 5288,1874 5410,1882 5533,1891 5655,1900 5777,1907 5900,1916"
                         HEIGHT="231"
                         WIDTH="2480"
                         VPOS="1715"
                         HPOS="3438">
                  <String ID="string_region_1638972854593_10939l16"
                          HEIGHT="231"
                          WIDTH="2480"
                          VPOS="1715"
                          HPOS="3438"
                          CONTENT="vn waer van de p in ue handen te weten £155 8ol"/>
               </TextLine>
               <TextLine ID="region_1638972854593_10939l17"
                         BASELINE="3440,1968 3552,1956 3664,1947 3776,1941 3889,1937 4001,1935 4113,1934 4226,1936 4338,1938 4450,1943 4563,1948 4675,1956 4787,1962 4899,1970 5012,1978 5124,1987 5236,1997 5349,2005 5461,2013 5573,2023 5686,2030"
                         HEIGHT="220"
                         WIDTH="2282"
                         VPOS="1859"
                         HPOS="3423">
                  <String ID="string_region_1638972854593_10939l17"
                          HEIGHT="220"
                          WIDTH="2282"
                          VPOS="1859"
                          HPOS="3423"
                          CONTENT="laste peeter van bengem ende £ 300 a 122½ en op"/>
               </TextLine>
               <TextLine ID="region_1638972854593_10939l18"
                         BASELINE="3468,2088 3588,2075 3709,2063 3830,2055 3951,2050 4072,2048 4192,2048 4313,2051 4434,2055 4555,2060 4676,2068 4796,2076 4917,2084 5038,2093 5159,2102 5280,2110 5400,2118 5521,2125 5642,2131 5763,2134 5884,2138"
                         HEIGHT="277"
                         WIDTH="2448"
                         VPOS="1935"
                         HPOS="3451">
                  <String ID="string_region_1638972854593_10939l18"
                          HEIGHT="277"
                          WIDTH="2448"
                          VPOS="1935"
                          HPOS="3451"
                          CONTENT="gerbyant hertsen welcken laste ue tot co ontfange"/>
               </TextLine>
               <TextLine ID="region_1638972854593_10939l19"
                         BASELINE="3440,2188 3558,2179 3677,2173 3796,2168 3914,2164 4033,2164 4152,2164 4270,2164 4389,2166 4508,2170 4627,2174 4745,2180 4864,2186 4983,2193 5101,2200 5220,2209 5339,2216 5457,2227 5576,2234 5695,2244 5814,2252"
                         HEIGHT="259"
                         WIDTH="2405"
                         VPOS="2050"
                         HPOS="3425">
                  <String ID="string_region_1638972854593_10939l19"
                          HEIGHT="259"
                          WIDTH="2405"
                          VPOS="2050"
                          HPOS="3425"
                          CONTENT="ghebbende tot court gelt sult gelieven te keeren &amp; den"/>
               </TextLine>
               <TextLine ID="region_1638972854593_10939l20"
                         BASELINE="3436,2288 3554,2283 3673,2278 3791,2275 3910,2274 4029,2274 4147,2274 4266,2276 4384,2280 4503,2284 4622,2288 4740,2294 4859,2301 4977,2308 5096,2316 5215,2324 5333,2332 5452,2340 5570,2349 5689,2358 5808,2366"
                         HEIGHT="241"
                         WIDTH="2405"
                         VPOS="2170"
                         HPOS="3421">
                  <String ID="string_region_1638972854593_10939l20"
                          HEIGHT="241"
                          WIDTH="2405"
                          VPOS="2170"
                          HPOS="3421"
                          CONTENT="anderen in banco lop mynelick te laeten, hebbende "/>
               </TextLine>
               <TextLine ID="region_1638972854593_10939l21"
                         BASELINE="3444,2398 3561,2393 3679,2390 3796,2388 3914,2386 4031,2386 4149,2388 4266,2390 4384,2392 4501,2396 4619,2401 4736,2406 4854,2412 4971,2420 5089,2427 5206,2435 5324,2444 5441,2455 5559,2464 5676,2475 5794,2488"
                         HEIGHT="261"
                         WIDTH="2386"
                         VPOS="2288"
                         HPOS="3426">
                  <String ID="string_region_1638972854593_10939l21"
                          HEIGHT="261"
                          WIDTH="2386"
                          VPOS="2288"
                          HPOS="3426"
                          CONTENT="heden op ue getrock op 4 a 5 dagen sight ƒ 921:16"/>
               </TextLine>
               <TextLine ID="region_1638972854593_10939l22"
                         BASELINE="3434,2528 3555,2517 3677,2510 3799,2506 3921,2502 4043,2502 4164,2503 4286,2506 4408,2510 4530,2515 4652,2522 4773,2528 4895,2536 5017,2544 5139,2553 5261,2561 5382,2569 5504,2577 5626,2584 5748,2590 5870,2596"
                         HEIGHT="245"
                         WIDTH="2473"
                         VPOS="2385"
                         HPOS="3417">
                  <String ID="string_region_1638972854593_10939l22"
                          HEIGHT="245"
                          WIDTH="2473"
                          VPOS="2385"
                          HPOS="3417"
                          CONTENT="courant gelt te betalen aen de' ordre van hendrick hermantse"/>
               </TextLine>
               <TextLine ID="region_1638972854593_10939l23"
                         BASELINE="3410,2642 3532,2629 3655,2619 3777,2612 3900,2606 4023,2604 4145,2606 4268,2608 4390,2612 4513,2618 4636,2624 4758,2632 4881,2640 5003,2649 5126,2657 5249,2665 5371,2673 5494,2680 5616,2686 5739,2690 5862,2692"
                         HEIGHT="276"
                         WIDTH="2489"
                         VPOS="2502"
                         HPOS="3393">
                  <String ID="string_region_1638972854593_10939l23"
                          HEIGHT="276"
                          WIDTH="2489"
                          VPOS="2502"
                          HPOS="3393"
                          CONTENT="van lefden wat passeert verneme geirne &amp; neter groetblij"/>
               </TextLine>
               <TextLine ID="region_1638972854593_10939l24"
                         BASELINE="3352,2812 3410,2800 3468,2790 3527,2780 3585,2771 3644,2764 3702,2759 3760,2753 3819,2750 3877,2746 3936,2742 3994,2740 4052,2740 4111,2738 4169,2738 4228,2738 4286,2738 4344,2738 4403,2738 4461,2738 4520,2740"
                         HEIGHT="188"
                         WIDTH="1207"
                         VPOS="2636"
                         HPOS="3330">
                  <String ID="string_region_1638972854593_10939l24"
                          HEIGHT="188"
                          WIDTH="1207"
                          VPOS="2636"
                          HPOS="3330"
                          CONTENT="Leyden hend Hermant "/>
               </TextLine>
               <TextLine ID="region_1638972854593_10939l25"
                         BASELINE="5568,2790 5594,2792 5621,2795 5647,2796 5674,2798 5700,2800 5727,2802 5753,2803 5780,2805 5806,2807 5833,2808 5860,2810"
                         HEIGHT="165"
                         WIDTH="333"
                         VPOS="2686"
                         HPOS="5550">
                  <String ID="string_region_1638972854593_10939l25"
                          HEIGHT="165"
                          WIDTH="333"
                          VPOS="2686"
                          HPOS="5550"
                          CONTENT="14do"/>
               </TextLine>
               <TextLine ID="region_1638972854593_10939l26"
                         BASELINE="3440,2898 3561,2885 3682,2873 3803,2865 3925,2858 4046,2854 4167,2850 4289,2850 4410,2850 4531,2852 4653,2856 4774,2860 4895,2866 5016,2873 5138,2880 5259,2888 5380,2895 5502,2905 5623,2913 5744,2920 5866,2930"
                         HEIGHT="255"
                         WIDTH="2461"
                         VPOS="2748"
                         HPOS="3424">
                  <String ID="string_region_1638972854593_10939l26"
                          HEIGHT="255"
                          WIDTH="2461"
                          VPOS="2748"
                          HPOS="3424"
                          CONTENT="Ick hope dat gij voorleden vnydagh van hier vertsoh"/>
               </TextLine>
               <TextLine ID="region_1638972854593_10939l27"
                         BASELINE="3432,3008 3553,2993 3675,2983 3797,2976 3919,2970 4041,2968 4162,2966 4284,2966 4406,2968 4528,2972 4650,2977 4771,2982 4893,2988 5015,2996 5137,3003 5259,3011 5380,3017 5502,3024 5624,3029 5746,3034 5868,3038"
                         HEIGHT="276"
                         WIDTH="2468"
                         VPOS="2844"
                         HPOS="3416">
                  <String ID="string_region_1638972854593_10939l27"
                          HEIGHT="276"
                          WIDTH="2468"
                          VPOS="2844"
                          HPOS="3416"
                          CONTENT="satwodagh bel tot tilborgh wel sult syyn gecommen"/>
               </TextLine>
               <TextLine ID="region_1638972854593_10939l28"
                         BASELINE="3410,3116 3530,3103 3651,3094 3771,3088 3892,3084 4013,3080 4133,3080 4254,3082 4374,3086 4495,3090 4616,3096 4736,3103 4857,3110 4977,3118 5098,3127 5219,3134 5339,3142 5460,3148 5580,3154 5701,3160 5822,3164"
                         HEIGHT="213"
                         WIDTH="2447"
                         VPOS="2978"
                         HPOS="3392">
                  <String ID="string_region_1638972854593_10939l28"
                          HEIGHT="213"
                          WIDTH="2447"
                          VPOS="2978"
                          HPOS="3392"
                          CONTENT="&amp; die wed segers mijne intentie doen verstaen, voorder"/>
               </TextLine>
               <TextLine ID="region_1638972854593_10939l29"
                         BASELINE="3422,3220 3545,3210 3669,3204 3792,3200 3916,3196 4039,3196 4163,3198 4286,3202 4410,3206 4533,3210 4657,3216 4780,3224 4904,3232 5027,3239 5151,3248 5274,3255 5398,3262 5521,3269 5645,3274 5768,3279 5892,3282"
                         HEIGHT="278"
                         WIDTH="2506"
                         VPOS="3073"
                         HPOS="3405">
                  <String ID="string_region_1638972854593_10939l29"
                          HEIGHT="278"
                          WIDTH="2506"
                          VPOS="3073"
                          HPOS="3405"
                          CONTENT="wjnsche ue behouden thuys compst ue rekeninge bedraegh"/>
               </TextLine>
               <TextLine ID="region_1638972854593_10939l30"
                         BASELINE="3440,3310 3513,3310 3587,3310 3660,3310 3734,3310 3808,3310 3881,3312 3955,3314 4028,3314 4102,3316 4176,3318 4249,3320 4323,3322 4396,3326 4470,3328 4544,3332 4617,3334 4691,3338 4764,3340 4838,3344 4912,3348"
                         HEIGHT="198"
                         WIDTH="1504"
                         VPOS="3213"
                         HPOS="3424">
                  <String ID="string_region_1638972854593_10939l30"
                          HEIGHT="198"
                          WIDTH="1504"
                          VPOS="3213"
                          HPOS="3424"
                          CONTENT="ƒ 571:19 waer voor ue goet doen"/>
               </TextLine>
               <TextLine ID="region_1638972854593_10939l31"
                         BASELINE="3424,3404 3449,3401 3475,3399 3500,3397 3526,3396 3552,3396 3577,3396 3603,3396 3629,3398 3654,3398 3680,3399 3706,3400 3731,3400 3757,3400 3783,3400 3808,3400 3834,3400 3860,3400"
                         HEIGHT="130"
                         WIDTH="467"
                         VPOS="3314"
                         HPOS="3407">
                  <String ID="string_region_1638972854593_10939l31"
                          HEIGHT="130"
                          WIDTH="467"
                          VPOS="3314"
                          HPOS="3407"
                          CONTENT="en als voor"/>
               </TextLine>
               <TextLine ID="region_1638972854593_10939l32"
                         BASELINE="5380,3380 5405,3383 5430,3385 5456,3389 5481,3392 5506,3394 5532,3397 5557,3400 5582,3402 5608,3404 5633,3407 5659,3409 5684,3412 5709,3414 5735,3416 5760,3417 5785,3419 5811,3420 5836,3421 5862,3422"
                         HEIGHT="224"
                         WIDTH="524"
                         VPOS="3265"
                         HPOS="5357">
                  <String ID="string_region_1638972854593_10939l32"
                          HEIGHT="224"
                          WIDTH="524"
                          VPOS="3265"
                          HPOS="5357"
                          CONTENT="ƒ 598:29"/>
               </TextLine>
               <TextLine ID="region_1638972854593_10939l33"
                         BASELINE="3432,3484 3545,3478 3658,3472 3771,3469 3884,3468 3998,3468 4111,3470 4224,3472 4337,3477 4450,3483 4564,3490 4677,3497 4790,3505 4903,3513 5016,3523 5130,3531 5243,3542 5356,3550 5469,3559 5582,3569 5696,3578"
                         HEIGHT="257"
                         WIDTH="2297"
                         VPOS="3366"
                         HPOS="3414">
                  <String ID="string_region_1638972854593_10939l33"
                          HEIGHT="257"
                          WIDTH="2297"
                          VPOS="3366"
                          HPOS="3414"
                          CONTENT="voorde rekeninge vanden verver van velthuysen ƒ 385"/>
               </TextLine>
               <TextLine ID="region_1638972854593_10939l34"
                         BASELINE="3424,3614 3517,3610 3610,3607 3704,3605 3797,3604 3891,3604 3984,3604 4077,3605 4171,3608 4264,3610 4358,3614 4451,3618 4544,3623 4638,3630 4731,3638 4825,3645 4918,3654 5011,3664 5105,3674 5198,3685 5292,3696"
                         HEIGHT="251"
                         WIDTH="1902"
                         VPOS="3492"
                         HPOS="3409">
                  <String ID="string_region_1638972854593_10939l34"
                          HEIGHT="251"
                          WIDTH="1902"
                          VPOS="3492"
                          HPOS="3409"
                          CONTENT="mij compt te goet aende voorgaende iek ƒ33:14"/>
               </TextLine>
               <TextLine ID="region_1638972854593_10939l35"
                         BASELINE="3418,3720 3476,3716 3535,3712 3594,3708 3652,3706 3711,3704 3770,3704 3828,3704 3887,3704 3946,3706 4005,3708 4063,3710 4122,3712 4181,3715 4239,3717 4298,3720 4357,3722 4415,3724 4474,3726 4533,3728 4592,3728"
                         HEIGHT="179"
                         WIDTH="1205"
                         VPOS="3599"
                         HPOS="3404">
                  <String ID="string_region_1638972854593_10939l35"
                          HEIGHT="179"
                          WIDTH="1205"
                          VPOS="3599"
                          HPOS="3404"
                          CONTENT="Ick hebbe ue hier gegeven"/>
               </TextLine>
               <TextLine ID="region_1638972854593_10939l36"
                         BASELINE="4956,3748 4993,3752 5030,3757 5067,3758 5104,3760 5141,3761 5178,3762 5215,3762 5252,3762 5289,3761 5327,3760 5364,3759 5401,3757 5438,3756 5475,3753 5512,3752 5549,3750 5586,3750 5623,3748 5660,3746 5698,3746"
                         HEIGHT="231"
                         WIDTH="774"
                         VPOS="3590"
                         HPOS="4941">
                  <String ID="string_region_1638972854593_10939l36"
                          HEIGHT="231"
                          WIDTH="774"
                          VPOS="3590"
                          HPOS="4941"
                          CONTENT="19:10 ƒ 973"/>
               </TextLine>
               <TextLine ID="region_1638972854593_10939l37"
                         BASELINE="3416,3814 3508,3811 3601,3808 3693,3806 3786,3806 3879,3806 3971,3808 4064,3808 4156,3810 4249,3814 4342,3817 4434,3820 4527,3824 4619,3828 4712,3832 4805,3836 4897,3840 4990,3845 5082,3850 5175,3854 5268,3858"
                         HEIGHT="177"
                         WIDTH="1884"
                         VPOS="3705"
                         HPOS="3401">
                  <String ID="string_region_1638972854593_10939l37"
                          HEIGHT="177"
                          WIDTH="1884"
                          VPOS="3705"
                          HPOS="3401"
                          CONTENT="ingesloten een winselbrief op aist. 921:16"/>
               </TextLine>
               <TextLine ID="region_1638972854593_10939l38"
                         BASELINE="3428,3934 3518,3930 3609,3928 3699,3928 3790,3928 3881,3930 3971,3932 4062,3936 4152,3940 4243,3943 4334,3948 4424,3953 4515,3957 4605,3961 4696,3965 4787,3968 4877,3970 4968,3972 5058,3972 5149,3970 5240,3968"
                         HEIGHT="220"
                         WIDTH="1849"
                         VPOS="3826"
                         HPOS="3411">
                  <String ID="string_region_1638972854593_10939l38"
                          HEIGHT="220"
                          WIDTH="1849"
                          VPOS="3826"
                          HPOS="3411"
                          CONTENT="twelck is tot voldoeninge van alles tot ƒ 974:0"/>
               </TextLine>
               <TextLine ID="region_1638972854593_10939l39"
                         BASELINE="3420,4028 3540,4029 3660,4032 3780,4034 3900,4037 4021,4040 4141,4044 4261,4048 4381,4054 4501,4058 4622,4063 4742,4070 4862,4076 4982,4080 5102,4087 5223,4093 5343,4098 5463,4105 5583,4112 5703,4118 5824,4124"
                         HEIGHT="196"
                         WIDTH="2438"
                         VPOS="3970"
                         HPOS="3404">
                  <String ID="string_region_1638972854593_10939l39"
                          HEIGHT="196"
                          WIDTH="2438"
                          VPOS="3970"
                          HPOS="3404"
                          CONTENT="heden waer over gy my oock quittantie moet seynden, de"/>
               </TextLine>
               <TextLine ID="region_1638972854593_10939l40"
                         BASELINE="3412,4122 3530,4124 3649,4124 3768,4128 3887,4130 4006,4135 4124,4140 4243,4148 4362,4152 4481,4160 4600,4168 4718,4175 4837,4181 4956,4188 5075,4197 5194,4202 5312,4208 5431,4214 5550,4218 5669,4223 5788,4226"
                         HEIGHT="250"
                         WIDTH="2412"
                         VPOS="4026"
                         HPOS="3396">
                  <String ID="string_region_1638972854593_10939l40"
                          HEIGHT="250"
                          WIDTH="2412"
                          VPOS="4026"
                          HPOS="3396"
                          CONTENT="wisselbrief is tot laste nerd &amp; valer Rover in amst"/>
               </TextLine>
               <TextLine ID="region_1638972854593_10939l41"
                         BASELINE="3408,4228 3529,4226 3651,4226 3773,4228 3895,4230 4017,4232 4138,4236 4260,4240 4382,4245 4504,4250 4626,4257 4747,4263 4869,4270 4991,4280 5113,4286 5235,4296 5356,4304 5478,4313 5600,4323 5722,4332 5844,4340"
                         HEIGHT="224"
                         WIDTH="2472"
                         VPOS="4148"
                         HPOS="3392">
                  <String ID="string_region_1638972854593_10939l41"
                          HEIGHT="224"
                          WIDTH="2472"
                          VPOS="4148"
                          HPOS="3392"
                          CONTENT="alt ick ue eenigh ander goet meen seytede sal ue schryv"/>
               </TextLine>
            </TextBlock>
         </PrintSpace>
      </Page>
   </Layout>
</alto>
