7933 4541
2420 185 608 147 20 Jan 1694

760 189 521 185 brugge coots

984 283 2237 195 gisten was aen ue nen lesten over gont edet gesien

975 411 2315 185 diff brieven wegens de gesrade scie 7: prscupglijk

970 512 2273 128 dat josnactiblet droagh sittend sijn gaeden waa

1001 640 2032 163 dest, doch mishandelt, til wel te ordeel

958 692 2204 178 sij seer gemaruaet sijn vter hope de pat

893 812 2380 165 niet geopent, sfj soo hewl, laet ae mijn wagn

939 904 2219 227 met parpat mij tot gesonden word, om hier t

966 1005 2250 218 lsten redden ck hoore van hend venst volet

962 1117 2170 209 aopr aen hem geen ongeval & dat  30

949 1253 2239 151 m2 sal sijn aen bont iiblet basseer tselle

961 1339 2005 164 mele gecond sult becope : als meder 28

975 1358 2277 261 baddende dese 2 ccte s sie p wagens mij t seen

957 1534 2180 149 vel precgulinerendis met pasport, ofte bergen

997 1642 2192 184 doch gelooove die niet meer dnvaert darrom

962 1711 2248 184 lat daer en peitientiverlijk lette sorge dran

959 1791 2268 182 geen voorder malheur com odangnde

955 1896 1498 190 het gepass tevernaem blijv

797 2012 382 205 Cort

934 2115 2265 227 gedet mijen een getten we van 19 deser ntf

875 2252 2262 189 mot ierwonderrigeen sien dat n en soo

980 2341 2298 205 magh saem Diit lorgen dergerdeen allyck

998 2466 2209 190 gebergen sijnde brijten in ee bodoe sclipiere

972 2579 2174 157 lat ligen, we aerom die 1iet te rert

934 2657 2177 185 wagh in conmapichhuys tosaende

969 2773 2260 178 gebraght, et dat die costij comen geboen

1093 2888 2062 146 orden, me druicht dat het wel d moyn

1208 2961 1998 143 1t is dat ue oft mantjan ders e

1111 3042 2121 162 emecatteert bij de goude blijve 1:2 datse

975 3163 2172 189 1 seker handen sijn vant worde en sijn de

935 3241 2234 208 ickhlledegedemanieert ho sal het dan met

950 3336 2270 214 het goet ge, oversulx op ontfanck deser sult

943 3435 2223 254 geliven ment e letise te serven oft self

976 3535 2115 200 gaen en min flameels becomen en t& dese

941 3650 2245 189 ae gelijk  toesenden om hier gereddtt

967 3731 2275 165 ve da vsk. dat sijn, waer bjne geveeest

940 3858 2328 153 sij de packen heeb naddien geleen en alhoewel nat

908 3917 2362 173 m die sende landat gag

991 4027 2209 131 can de facture en cogieseent is niede

924 4091 2349 179 t af 29 dat hop e costijts, en p wagene niiet

2647 4172 615 134 comender

948 4219 1571 136 aeprt  sull camen hefsnnee

956 4240 2335 143 ndor wael mijn iniest int gearivert ack uft al cse

5773 217 118 82 2d5

3423 193 691 207 Rott de Bra

5313 223 507 167 21 Janu

3430 295 2409 231 In antwoort aende ue van 15 & 2 9 deser ick heb

4452 394 127 81 Ey

3469 415 2398 207 ue voor de encosten op de N 134 &¼ N27 gecrediteert

3451 548 2414 181 als mede voorde brief porten tot dato, maer indereken

3455 629 2388 198 courant voorgaende reys gesonden heeft ue andermael

3443 722 2449 210 mentie gemaeckt vande ƒ 4: 3 waer over wy geconvenice

3447 852 2370 200 rt waeren 1695: 27 eber soo dat ick alden met de

3456 952 2401 203 remise van ƒ 160 opgen rover met ue consent tot

3441 1112 2419 125 dato hadde voldaen over sulckx dat die ƒ 4:8 gecort

3443 1188 2401 230 aen het noo saldo nu van ƒ 13:18 blyft ƒ 9:15

3444 1310 2337 191 & om dat ick myne boecken hebbe gesloden, & van het

3450 1447 2361 142 voors saldt geene meditie meet maecke maer in toe-

3463 1554 2394 123 commende eene nieuwe rekeninge beginnen soo bidde ck

3434 1629 2400 208 het selve oock te doen met de ingeslote gaenie, dat

3434 1752 2423 211 nochtans meers is als de voorss reste evenwel uyt

3428 1884 2435 206 consideratie van ue vrindtschap daer op niet aencomt

3417 1982 2386 205 voorders waeren dan onse goederen in tgennerael

3428 2127 2360 144 vercoght bovende weirde, & hadde ue 4 van mijne

3433 2270 2386 116 lufkens voor mij gecoght synde het rijfde door een

3424 2312 2459 219 ander tot 40 st twelck hope voor een winstie sult

3410 2425 2456 222 connen weder becomen om dat s de myer my schrijft

3420 2569 2457 188 uyt bredael van 19 deser dat hij sustineert dat het

3445 2681 2438 206 reste te wesen ue sal wel doen die lakens te laeten

3422 2805 2461 141 het sont waeter uytvreden & dan op droogen, digh

3415 2910 2332 240 daer toe sal die herte vorst niet goet dienen

3407 3032 2466 202 ghter hun des verstaende sulle ue dat t best wete

3410 3182 2457 160 laeten, tae laetre costij niet persen dan wel ruggere

3406 3294 2404 177 & op een rouwen, soo noodigh is het gelt te

3437 3482 2420 157 betaelen soo moet mij sulckte adviseren andere my

3399 3568 2462 202 dunckt dat de geintresseerde dat op cortinge van ons

3381 3663 2369 234 contingen t by ue sullen vinden wat p asseert

3379 3818 2499 161 gelrieft te adviseren & dingeslotene voort gaven geet

3394 3926 2481 215 s de mys is tynaer in t'over hetten niet 6 ander

3377 4040 962 184 persoonen vergaen
