7926 4541
875 217 2329 97 di senten is in costie als meden Jacob Roelefsen, soo moet ul nu weeten oftul met yder

877 271 2335 129 een pack soot gesonden, ofte wel 21 brieven & maen een pack waer over mijsets

887 373 1348 172 gelieft te antwoorden, om volgens te reguleren

2436 458 627 166 Antw. 8 miert 16845

778 472 827 156 Rotterdam Aham de Bia

878 554 2243 172 sedert mijnen van 4 deser, den us van selve date ontf.., goet lof het convoij van

874 693 2328 127 london wel was granivert, sope arij Roulants, al aen 't losste mijn pack

886 800 2356 121 versonden, dat mij sier aeng. soude sijn, dogh soo sulckx nogh niet wadegeseynt

899 903 2316 123 versoecke alle mogelijcke devoiren, gelieft aen te wenden, om het packet voorts

870 962 2347 162 solgen seyndende, daer toe, su benevens sot contsciment, & laet mij tijdelijck

868 1056 2386 166 set verreck weeten. mijne 5 laeckens sien met con splhuten te gemoeet er srecke

865 1141 2385 150 ainden ingesloten spedire te geenen, blijve ontfangenden tht brie

925 1224 1792 114 vande 3 lakens & & wild den schipper die niet mijdenemen

783 1274 2162 182 Brussel Coussian SAgins le de debedaght ƒ 4: & 4 2 pasport  8d:

852 1413 2353 169 mi ses ick aeden te gelioven dat gij gram sijt, maen Ick hebbe meerden reden

897 1512 2335 125 van mij daer ona te beclagen, om dat gij sonder eenigg fordametrt oft bliggt, is

887 1604 2356 150 op netont een saecke, die naer mijn verstanten tot u gemaek, was geschiete & ul

889 1671 2354 196 sulckx beeter te doen verstaen, hob ick al getraght u mondelingh & seefs te speate

858 1786 2371 179 want Ick ean mij nogh nes inbolden, dat gij daerom mijn sujs sont willen

857 1886 2376 206 segouwen, dan dar wijl ul siet comenden niet geliefte naer tecomen, soo dnckt

873 1984 2341 169 mij dat gj set meijnt., dat magh soo niet syn, daerom versoecke ck dewl

850 2135 2366 138 ginst toecomende mij gelieft te comen besoecken, & sal ul beeter salgantie

863 2221 296 140 geenene

2569 2256 333 183 a4d

818 2314 795 157 Brussel Henriy de Simet

833 2336 2412 213 den ul van 2 deser is mij gisteren besandeght, dat is tegens gewoorte carsijne vit

858 2477 2397 216 ofte coleur ben niet voorsien, maer verwaghte & eerste convoij een groote partije

873 2599 2381 145 als mede een partije witte grijse voldaeten soleur, bayene, ofte eenige leurn

867 2699 2381 166 voorviel, ul van sijn volgens reguleeren. gis de faine van 12 a 13 ƒ geen bijde

859 2808 1882 168 kant, maer wel bruyne grijse, van dere iyts voordert

2838 2910 351 150 8 meirt

782 2922 887 185 londen s gent

1015 2992 2193 200 referre you to my last of 4 curt about the northrens to be

859 3137 2330 186 sent to hul to be shipped there p first convoij for holland, as

922 3201 2257 232 also & principally to provide some more sp clothes, & above all

946 3309 2305 233 1 a 2 super fine new cullours of 14 a 15 ƒ, I meane a new, of anney

931 3410 2264 233 cullour become out newley, & such as amonant you is reconed for

924 3548 2234 221 newest, al also 2 p of 9 a 10 a 11 ƒ to the inclosed patt &

931 3702 2234 178 in case an amst or Rott convoy, departes from london & no

932 3782 2313 188 appearence of one for ostend, then send by way of holland thot

910 3878 2341 191 hew cullours, with 3„ 4 a 5 others to make a small pack & for the

922 3996 2317 201 first convoij for ostend an other pack to contane 5 pack whis

915 4101 2329 174 EE yallow mars, now have before mee yours of 9:13 & 16

935 4177 2286 196 curt the Rott convoy is wel arrived, god send that from

3452 210 2426 142 will assoo well over tho order of shippin. for ostend if

3441 283 2405 150 without distintion of nation provided the risico be divided

3436 400 2435 138 & you do your best to know the best seaman, that are knowne

3416 462 2454 195 upon that coast, as to the patt in N31 the mush is not ven

3455 592 2419 195 =dable here, therefore you must take them out & sell in london

3430 714 2427 225 I know vere well, what I ordered 28 ab, butt pray sence

3443 810 2397 263 when is a must or mushe as wee call itt become a gray can a

3413 946 2463 256 gray be without mixture, the mixture of white make itt a gray

3411 1093 2462 227 la mushe hath no mixture, & can a mushe be called a darck gray

3433 1245 2444 154 if there bee no degree sadder then a stone gray you must not sent it

3418 1363 2458 144 for when I order anney thing tiss provided itt is to be had, butt

3422 1437 2450 208 not to send one for the other, besides for the browne coffee cullours

3426 1581 2396 168 comes reddish, butt that is small matter, butt the mushes are not

3427 1657 2449 208 vendable & 4 p in these 2 packes is enough for 12 yeare & that is not

3414 1764 2464 229 my intention t  N31 N 188. 189 are stone grayes N156, & 191

3395 1894 2440 201 are sad grayes or elce in  N8 is no stone gray attall, I exspect

3408 2041 2389 129 some remise a price curt though for amst  butt take the best

3404 2100 2455 215 bills & minde not a pennie yett with yo can you doe mee the best

3394 2240 2478 170 pleasire if the parlement will make an other aet & condition

3406 2330 2467 222 a the first so lett mee come in foor £300 to eack sone

3382 2438 2491 247 £100 as by my formar, which is the needfull, wrap all pack

3395 2527 2040 241 whit with white cottons 20 pence a good thet

3356 2673 1039 205 Londen Samuel Blewitt

5476 2741 360 175 8 march

3387 2798 2462 218 I had no of late from you, this onley to advise you that I have sent

3410 2947 2380 148 to londen & is all readdy arrived there a pack of tykes assorteed as inclosed,

3401 3023 2439 161 which if you please is att your service allowinge for ensurance 3 pets

3387 3138 2378 160 they beenge well bought & good goods will doubbless please you I doe

3382 3248 2500 198 exspect your answer here unts p vere forst, as also if Ieandoe you anney

3389 3337 876 171 further service command

5760 3515 56 118 ƒ

3353 3476 764 178 Delst Jan Lamberty

5549 3517 210 156 6d

3390 3622 2434 173 In antwoort aenden ue van 3 deser ick hebbe toegestaenden tjt uytte

3386 3698 2484 185 waghten die ue hebt gepreponcert, midts ue sich daer voore verobligerende

3393 3847 2482 153 volgens mons matton ue heeft gepreschribeert, & anders niet, & als t godt

3389 3938 2472 183 belieft den tijt te laeten beteren sal mij aengenaem sjn ue calandise

3397 4008 976 186 te hebbe n terwjlen blyve
