7309 4514
516 182 2532 171 from rotterdam must before now with you, so exspect my orders ther

572 230 2462 209 on p formed, I say no ships nee readdy for ostend, & yett you have shipped

543 334 2484 213 N.5 & 6, my order is the ship no goods till convoyes come, & what I have

560 439 2425 222 ordered for ostend if readdy whit you can be soon got aboard when the

578 538 2470 196 convoyes are come. I shall exspect some your remises as you promised whilst

562 679 1483 207 I rest in exspect a ton what forther passed

2413 722 356 264 9 Juny

540 820 1112 230 Aotr Vincen necringe

526 868 2491 276 den ue van 26 pas op syn tyde ontfangen heden p post aen ue gesonde

569 1036 2436 173 een packe AAN4 voor Christophorus batt van londen den

550 1174 2403 214 ontfanck gelieft t adviseren, & d'ingeslotenen voortganck geven

2281 1328 352 207 5 Juny

403 1361 966 175 Gent Francois Herrebout

580 1509 2424 150 Ick hebbe heden aen ue gesonden met de wagens 3 pasekens van in hout

526 1608 2444 144 als aenden voet deser meerder staen te volgen sij sijn voor mons martin

533 1686 2402 137 de rasse den welken heden oock is vertrocken, ende aen wien ick hebbe

559 1804 2471 187 mede gegeven een brief, soo sult sijn ordre gelieven te volgen & d oncosten

540 1889 2494 193 bij heen vinden, recommanderende die vrint soo veel mogelijck is, te hulpse

549 2025 2426 143 te wesen ingesloten eenen wisselbrief van ƒ £ 200 tot laste pedro vande

569 2116 2441 165 velde filins joos in gent, gelieft de acceptatie te besorgen ende aen my

569 2241 1621 160 aen stonts wederom beseynden, welck doende blijve

825 2344 1359 200 &N.1 inhoudende 6 gemengelde serges

978 2484 630 149 a2 met 6 ditto

989 2521 2030 248 „3 met 1 wit perpetuaen ½ witten baej  1½ inlantse geverfde

1083 2698 326 157 lakens

2486 2825 279 199 5 Juny

361 2823 948 240 Londen Jan Kent & comp

512 2903 2437 289 sence my last of 2 cur, receaved yours of 13 & 17 past with invoyce of N.7

550 3087 2430 157 shipt for rotterdam, and N8 for ostend, I can nott. butt wonder that you

554 3176 2427 152 lost the opportunitie for amst, sure, you have no designe in itt yett I do

559 3293 2462 160 nott understand the misterie, for I have found you all a longe averse of

524 3396 2507 239 shipping for amst, both in london and hull, yett the amsterdammers, have

568 3524 2452 164 the best convoy, had you shipped N.7 for amsterdam the goods had been

549 3655 2480 123 here, and you might have shipped another pack with spanish clothes for

545 3758 2430 189 rotterdam, you make not a word mention of pack whites EE yeallow

546 3893 2499 120 marck, pray observe orders, or wee can not be good friends you remitt

552 3978 2465 153 mee  £200: on pedro vande velde silvus Joos, with I have sent for

541 4078 2490 133 acceptance, butt if you will nott remit mee of your owne bills, I will

553 4208 2481 141 have none because I will runn no risveque so keep my monney in your

3313 82 2510 193 1udd

3317 261 2510 139 ordered, and I will not be disappointed because I leave my commissions to you

3296 335 2469 210 to avoide writing I have receaved the wishes, as also most pass, of the

3296 471 2482 168 goods from hull, which prove vere deare and the 5ƒ cloths, to low prises

3290 542 2555 223 and to course to assort mee, so lett your freind att leeds provide better goods and

3290 679 2500 171 bestow hull 5ƒ or a pennich, or 2 more, which pray lett be minded, for these

3307 817 2522 125 of 4ƒ87 & 4 ƒ 9 are not proper for my customers, here is news as if then

3295 870 2092 226 frensh fleet was routed, god grand itt be true whilst I rest

5167 1021 366 227 5 Juny

3118 1060 939 210 Londen Richard Southell

3272 1189 2574 253 I have both yours of 13 & 17 past the contents where of are disagreable because

3231 1313 2503 235 you last like willfulley the opportunitie of shipping for amsterdam for

3258 1429 2590 181 mease the infortunate pack had not been readdy you might have shipped timely

3300 1526 2497 200 enough the others spanish cloaths for rest of my order and the more because

3277 1645 2576 183 I have so herteley recommended you to loose no opportunitie of a convoy, though

3236 1750 2577 219 you should ship butt 6 on 8 cloathes now I you say with yours of 17 that

3301 1840 2510 226 you shall ship N.1 for rott & that you doubted not, butt a convoy should be

3312 1960 2465 175 speedley, and in the meane wile I have advise 4 dayes before befo that the

3301 2117 2530 135 rotterdams convoy was arrived in the river, att which I wonder you have no

3308 2186 2530 159 better information, now I am of opinion that,  said convoy will depart before

3321 2282 2469 183 anney other, so ship the 2 pack that way, getting insured the same, for feare

3309 2371 2533 216 of a worse disaster, tis well you have taken out the culloured mockx and that

3300 2521 2551 177 you will send mee blaeckx insteed, so lett mee have an other invoyce of the contents

3300 2597 2522 220 of N.1 as now itt is with the charges and insurance added, I see as yett butt

3299 2725 2548 134 little apparence of a convoy for ostend, onless itt be granted in england, if you

3308 2854 2487 122 can meet 5 pack whites EE yeallow marck that are good, white, and withhout

3302 2944 2480 161 blew streeps, as some are, buy them for mee, butt you must look them well

3305 3039 2468 143 over, for they are to make religous habits as soon as I have invoyce of the

3308 3119 2536 172 ordered goods, shall remitt you preventley and in the meane wile, considder upon

3318 3246 2487 153 the patter you sent mee you must be more rimble in writing and giving advise

3313 3354 2523 164 what passes, or clee you can not so well please mee, because in these dangerous

3317 3471 2526 146 times, I longe verey post to heare some thing or other of my intrest the beeffnes

3298 3555 1685 188 of m vivian is recommended to you whilst I rest

5126 3698 348 158 5 Juny

3129 3685 805 181 Londen Jan du maistre

3306 3795 2519 175 en responce a la vre du 13 passe vous aurez eu promt advis j'uns correspondent

3325 3901 2503 124 a bruges, si nne misfortune ne m'auroit pas empesche, car le 19 du passe quand

3299 3960 2561 181 ie vous escriva ma derniere ma fmme tomba malade, & mouroit le 29 ditto

3313 4066 2551 174 c qu'il m'at embarassé beauloup, et empeche encor beaucoup de mes affaires

3301 4168 2449 148 non obstante i'ay pas oublie de chercher ine correspondent a bruges
