7940 4534
899 238 2215 104 ons convoij van londen was seylreede ende verwittight vande

895 294 2276 164 franse capers &  kent doende om een engels oorlogh schip tot

880 381 2242 153 hulp te becomen, dogh sij vreesde sulckx niet soude connen effec

887 466 2266 183 teeren daerentusschen seght men dat 12 chollantse fre gatten

889 567 2248 167 voor duynkerquen crijssen sulckx waer synde en soude voor ons

901 704 2246 120 ons convoij niet veel te vreesen wesen, godt wilt het behouden

859 821 2251 157 synden voor mij sijn gelaeden 8 packen als aenden voet deser

848 861 2216 204 waer van N12 „ 13 14 & 16 op het alderspoedightte moete

859 983 2224 177 gelost worden, principalijck N14 & 16 om over gent p

852 1058 2314 214 waegens mij toegesonden te worden waer in eene particuler

866 1191 2286 169 expeditie recommandere synde in verlangen wat gepassent

872 1320 324 125 il blije

873 1358 1865 206 P Jacob van herentals N 10 met 10 roode & 4 witte cottons mit

1541 1469 1436 155 :10 met 10 witte pack lakens & ½ wit cotton

2260 1566 92 91 aijn

885 1570 2277 186 SJacob mertens £:12 met 16 coleure lakens & 1 wit kersey cest ƒ 1900

1585 1676 1502 164 13 met 10 ditto lakens 1 kerseij cost 1150:

888 1718 555 168 P Adriaen deraes

1598 1780 1243 150 „ 15 met 23 witte flannels 1 wit cotton

897 1866 2233 149 Pmiet vandenbergh „ 14 met 12 spaense lakens 1 wit cotton costen „ 1425:

1538 1956 1588 156 N 16 met 8 spaense lakens 1 wit coste colt.. 1000:-

892 2032 1941 196 E guill Hermans :9. met 10 roode lakens 1 wit cotton

2819 2205 332 198 24 Jay

680 2201 1146 300 Gent Frand herrebout

882 2350 2301 202 Op 13 deser heb ick ue geordonneert het pack tijken op londe

897 2475 2087 178 af belaeden ende in t' cognossement te addresseren aen

887 2566 2255 176 Mons nicolaes oursel met ordre tselve cognossement mij

871 2668 2261 164 aenstonts toe te seynden ben seer verwondert dat ick t sedert

881 2774 2295 157 van ue niet hebbe bernomen, nochte oock niet dat eggnoss

855 2878 2274 143 dat ick nochtan hebben moet, daerom seynt het y

863 2992 2315 149 toe sonder tyt verlies met advis wat deswegens gepassient

876 3123 2244 149 is ick hope de schepen van londen nu behouden gearriveert

866 3208 2287 150 sijn daer mede verwaghte ick differente packen, onder andere

869 3275 2266 177 N 12„ 13: 19 „ & 16 die te wagens sullen moeten comen

897 3382 2204 209 voor d'andere heeft ue eenen tholbrief ingesloten noch

893 3551 458 129 eenen blijv

2830 3564 161 144 2d

729 3609 587 181 brugge Coots

814 3647 2271 255 Ick heb ue gisteren geschreven & als dan te kennen gegeven

875 3776 2237 177 wat goederen ick van londen met ons convoy verwaghte

869 3921 2312 123 ick verlange t'arrivement te verstaen, hebbende gerecom

873 3988 2292 154 deert boven al d'expeditie vande Epacken N 14115

880 4094 2267 164 t sedert geconsidereent dat het conde gebeuren dat ditto

895 4187 2128 184 vanden bergh weder wel een vande laeste sorde

3375 161 2437 139 ien mo caste ressuce ie ront ve erre datillou 2

3359 212 2437 170 packen tot ostende sal doen verclaeren & vandaer p bargie naer cost

3337 355 2376 144 & soo overgent  waegens herrewaerts dit sal des te geboegelycker

3357 398 2379 195 connen geschpeden omdat ditte packen sijn ingelaeden met het

3362 486 2448 170 vertreck van den schipper van londen, & op dat ue daer door niete

3339 595 2440 194 lijde sal ick de provisie vergoeden, derhalven bidde dot ostende soodanige

3378 671 2389 196 ordre telt dat ick daer in prompt gedient worde omdat mij daeraen

3360 787 643 204 mestelijck is gelgen

5496 874 318 196 28 Juny

3304 879 885 212 ijden hendrnck hermantse

3359 966 2410 209 t' sedert dat ick op 8 deser aen ue heb geschreven heb ick van ue niet vernomen

3354 1113 2409 167 maer heb de 4 lakens ontfangen die noch niet naergesien, op den 4 deser

3368 1185 2436 168 schreef ue mij dat de 2 drapde damme inde verf waeren, dat is nu 3 weken

3370 1268 2437 212 geleden de selve behoorden nu hier te sijn, het goet blijft soo langh onderhanden

3369 1360 2390 176 dat mij dat niet en behaeght, ick heb de drap de dammes boven al noodigh

3367 1454 2398 170 soo seynt die voorts sonder ergens naer te waghten, want ick deselve heden &

3369 1580 2432 176 daegen moet hier hebben soo moet gij sorgen, dat die deynsdagh tot tilborgh syn

3350 1639 2428 190 oversulckx soo haest gij desen brief becomt, ende dat sij alreede niet versonden

3369 1733 2420 206 sijn soo seyntse voorts geperst, ofte ongeperst, ick wenschte wel dat die 2 car

3361 1843 2449 198 mosijnen oock conde comen, lanreys ka heeft nu al 5 lakens aen ue gesonden,

3357 1935 2437 213 gij moet den sluyper voor alle anderen afdoen & 6 sal oock een sluper

3365 2056 2358 151 sijn, schrijft mij morgen antwoort, op dat ick wete waernaer mij be

3316 2167 442 127 reguseren

5478 2257 224 188 25d

3336 2239 645 218 tt A debia

3329 2352 2444 172 de ue van 16 & 19 deser ontfangen, & alhoewel t sedert geene anders soo

3345 2508 2468 143 sien ick mijn pack &N11 heden tegemoet, dogh oft alreede noch niet waere

3354 2563 2449 171 versonden, soo bidde cost wat het wel het op ontfanck deser te verseynde

3353 2654 2447 184 omdat differente van dese goederen met dit convoij herrewaert 1 destincert

3360 2756 2410 194 gearriveert sijn, hope het convoij van hull haest sal te voorschyn

3304 2841 1322 221 comen, waer van p naesten meerder

5515 2896 286 186 2 nay

3305 2957 656 191 onder Jahn kerst

3361 3030 2438 190 sence my last of 13 cur receaved yours of 2 6 ditto, & no further news

3370 3167 2425 137 if our ostendish convoy, which prj god send well, our great feare is over

3721 3270 157 64 dito

3368 3245 2392 182 because 12 dunoh frigatts are a seruisinge before d'unquerque, so that I hope

3345 3389 2462 138 that convoij shall come well, though no english ioyned, the convoy franm

3349 3453 2462 141 london tot amst is there arrived, you ought to know when convoyes

3348 3589 2462 154 are with you & e by sutch opportunities, ship a pack of sp. cloathes:

5090 3653 163 69 1 doit

3348 3692 2447 136 butt though I witt so 50 times you will i doe not ones, you shall answesr

3360 3739 2407 159 that you had shipped 2 packes for rott, & that I contramanded the

3365 3823 2431 221 one, that is, as I have said so often, because I will venter with each

4969 3941 259 82 rather

3362 3950 2450 143 diutich convoj one pack, butt not two, & readdyer, with that of Amst

3350 4050 2417 134 then rott because the amst convoy, are 2 man of warr, & that

3355 4136 2340 161 of rottm. is butt one, further I am, out, for what you say of
