7851 4548
842 205 2334 164 you could dispose of sard N73 to some body elce, if

863 289 2346 132 not lett them come p first convoij for holland, I see

878 393 2331 156 the ext falling, so hope you have not remitted thuales

884 480 2338 194 of due d'ormond bill butt keep with you till comes over

882 587 2342 194 33 st oN 33. 4 a5 for amst I havee there is no mistaze

898 673 2272 210 in the bale att hull because debra prites mee that I could

876 778 2334 158 no finde N 73 though 68„ 69 „70 „71„ „ 74„ 75 . 76 have

871 893 2327 198 been shipt & N73 beeng a small bale whey could not that

874 943 2371 203 come I il keep if for mee because I see they an all 4 pocothe

874 1056 2331 209 tho 4 mush grayes are still here & know now how to sell then

846 1150 2364 263 Iam to buy something for M gy les & alsop pray a word

877 1292 1357 190 f they be in fornmer credit

897 1357 2201 208 have draw on you £50  payable to peet grimes valew

883 1463 2169 222 of Philip van Breusegem att ½ uso have 32.„10 Iwas

885 1607 731 170 loaft to refuse that

895 1566 2288 295 & J'advise froms Coots that John hazelwood hath damaged

883 1718 2164 237 goods you should wrappes my packes with white cottons

899 1837 2149 159 as soo often writt, why these whih kersies left be cettens

888 1967 713 146 of 20 a 21 pence

2808 2004 267 148 3 ate

670 2060 992 155 brussel Antho in rousseau

672 2105 2531 187 de lhos. dapuis ma derniere de 31½ passe receu la chere vre du mesme date vous ayant

673 2199 2522 140 anglisie credit pour 2 ƒ 10 & pour la perte de ƒ 32 reccu de Sr Rjssels pour le s

660 2313 279 80 al viens a

667 2297 2551 143 iey vous le nobelaer la petitte lettre de ƒ175: curt surle s notelair ie n'ay pas

677 2391 615 102 pouriek fuires arrestert

651 2368 2539 161 e s recretses que present la responce positive non obstante que nous oames 3

653 2488 632 129 gennerael de aniglns

679 2440 2558 227 quil devera sbien payer  faut toussonr examiner son compte, cependant ie ne lais

667 2528 615 111 me d  br

1212 2514 2007 190 1 en repos sans que ie scais ce quil veut faire a vre goveras

665 2620 467 101 cependan tere

670 2653 784 97 ie noublie pa s'il viendrai

673 2572 2542 235 decry  salnans ie me dire 3 S receu la vre dhier avre la remise de £ 121 sur jacob

670 2653 2572 200 nous acoitillemans, & 6 pours devue la quelle est accepte celle de £62:8:- sur bemart yide

1053 2715 2205 159 e Rover pas encor il estant lon de la viele ie procurerez le ne doissaire

2008 2766 1231 105 a bsa beminge & offier en qualites de controllen

725 2813 238 105 Mon

682 2837 1252 130 sux 2  spmis ls hudton esta present a gand

674 2816 2505 203 fois apes In antwoort aenden ue van 30 pas Corneuss reversen heeft dat heet

671 2867 2570 258 notelar slecht bestelt een soo considerabel convoij te verlaeten & selfs geene

676 2988 251 102 nady lhest

671 2997 2566 176 laderni defentie hebbende alleen op een s weetse pas te betrouwen naerde mael

679 3086 2560 221 promis dogh alle vrij luyden opgebroght worden als uyt offenaer vijants have

673 3148 249 91 fois il me

672 3150 2569 206 descrir gaen, wegens de schepen naer spaquien gedestineert 18 di10 waer van

684 3246 2553 216 doibt payes ick hebbe mentie gemaeckt wort seer different geschreven, meerende

672 3329 286 95 ce qui

663 3328 2590 218 estant t ege dat die nogh in te zel binnen liggen & d'andere in goederen

991 3433 70 54 1d

670 3511 226 81 qui ƒ156

661 3453 2579 190 bien long andere seggen sij voorde mae syn godt wiltie behouden reys geven

675 3527 2560 171 de W: de rekeninge van oncosten naer gesien dogh ick can niet uyteysen

865 3625 2356 183 dat convoij veylgelt van de 50 kerreyen ƒ 41: 16 op ieder pack

863 3729 2364 189 soude bedraegen sijnde ƒ 11 p pack meer als voordesen is betaelt

860 3819 2224 176 6 21 waer voordesen heeft ue die maer voor a 32 alngegeven

885 3837 2372 268 & nu 30a a39 eghter dat can sooveel niet schillen voorde

854 3962 2396 216 expeditie brenght ue ƒ 6:- & alsoo daer 3 packensijn geweest wyt

860 4033 2330 223 ofte ue meynige niet & is voor ƒ9:- om dat ue sulckx voorden

872 4169 2301 196 placht be doen te is waer mons de bra rekent mij maer ƒƒ24

5792 168 80 85 56

3421 195 2401 142 pack bidde den ingesloten sonder tyt veulies voortganck te doe

3401 267 635 144 geven blijve

5430 326 411 139 5 augusti

3289 351 496 196 Londen Kent

3360 405 2536 281 D of sence my last of 2 cur rec yours of my last to you was 2 curt then drew

3411 518 2431 254 on you  £50 att ½ uso payable to the order of um peeter grimes for the

3420 614 2486 198 valew of mr Philip van Breusegem, which now I confirme, as also the further

3411 709 2473 201 contents of the letter & will serve sonce receaved yours of 17 past with the

3447 818 2390 171 bill of 4 £200:- on richard lassels  protest for non acceptance,

5276 901 553 113 as for the rest

3442 902 1794 174 which is verewell you haveings credit for 5 ƒ charae

5167 914 734 153 sbut &hat shall I do wish the

3504 988 1292 112 u marchx, which never will selbee so shiip p s

3458 1023 2296 158 seeinge itt can not be otherwise, must have patience prepare the op

3298 1031 196 148 et yalle

3434 1100 2424 149 clothes:I ordered, butt amonghst them no blew grayes as you mentirned

3426 1201 2413 141 in your formar butt well the loveley silver & other grayes upon the

3437 1266 2367 158 blew for I have still by mee att least twinty grayes that I can not

3418 1371 2383 168 sell, because they are to dull & looke like dead cullours therefore

3407 1438 2458 226 pray lett what grays you send mee be t deliveley est that can be found,

3412 1558 2447 171 or rather non, besides close mixt I suppose you know vere well, what

3417 1635 2481 223 I meane, therefore lett that be observed, & when ever you meet so agray

3440 1723 2366 168 that you know to bee good & hath those qualities, & leightinge, or

3763 1827 628 93 what prises floever

3434 1834 2311 155 relereatinge cullour take that for mee, though you had now order

3450 1913 2466 172 because such grayes are alwayer vendable & demanded, as well leight

3421 2015 2306 161 as browne, as for the cullours I except agains if you can

3422 2097 2433 189 meet them according to the inclosed, smith & coffee, itt will be well

3436 2189 2446 165 to hotad some 3 a 4 p of each of 5 9 a 10 p & though 1a 2

3446 2273 2482 180 to the browne coffie of 13 a 14  which is the needfull att present

3416 2432 407 167 from

3455 2464 2458 184 to this coffe cullour I wish have 3 a 4 p of 19 a c0p

3433 2607 716 178 & 1a 2 of 14 p

3418 2674 2452 183 to this sunt 3 a 4 p is so to be had close mixt loveley bighsley

3407 2761 2462 220 for as yett have never hats such neither to the coffie of

3439 2896 539 150 89 a 10 p

3444 2908 2468 234 iff zeem that towards winter att the end of the caingage

3459 3039 2477 175 the silver & white graye in sine cloth salbe demanded butt

3448 3116 2468 208 all liveley upon the blew, pray what is be come if puy packtes

3434 3223 1793 208 press is he word no monney help me of

5625 3272 170 169 5d

3303 3357 1262 190 Nmen Philippe suro ee

3415 3414 2409 192 i ay receu la chere vre de 30 conpasse avec une remise

3426 3558 2362 216 e ƒ460 argent cour a la charge de mons pierre

3422 3600 2452 230 ondaert pour la quelle somme vous este redite £70:15:5

3445 3723 2372 216 de change, ie vous suis oblige pour vre promptitade

3426 3827 2351 188 vous e priant de me commander endes occasios quil

3431 3975 1101 192 pou rroient presenter puis
