<?xml version="1.0" encoding="UTF-8"?>
<alto xmlns:xsi="http://www.w3.org/2001/XMLSchema-instance"
      xmlns="http://www.loc.gov/standards/alto/ns-v4#"
      xmlns:page="http://schema.primaresearch.org/PAGE/gts/pagecontent/2013-07-15"
      xsi:schemaLocation="http://www.loc.gov/standards/alto/ns-v4# https://www.loc.gov/standards/alto/v4/alto.xsd">
   <Description>
      <MeasurementUnit>pixel</MeasurementUnit>
      <OCRProcessing ID="IdOcr">
         <ocrProcessingStep>
            <processingDateTime>2022-02-04T12:20:43.645+01:00</processingDateTime>
            <processingSoftware>
               <softwareCreator>READ COOP</softwareCreator>
               <softwareName>Transkribus</softwareName>
            </processingSoftware>
         </ocrProcessingStep>
      </OCRProcessing>
   </Description>
   <Layout>
      <Page ID="Page1" PHYSICAL_IMG_NR="1" HEIGHT="4528" WIDTH="7323">
         <TopMargin HEIGHT="0" WIDTH="7323" VPOS="0" HPOS="0"/>
         <LeftMargin HEIGHT="4528" WIDTH="0" VPOS="0" HPOS="0"/>
         <RightMargin HEIGHT="4528" WIDTH="0" VPOS="0" HPOS="7323"/>
         <BottomMargin HEIGHT="0" WIDTH="7323" VPOS="4528" HPOS="0"/>
         <PrintSpace HEIGHT="4528" WIDTH="7323" VPOS="0" HPOS="0">
            <TextBlock ID="region_1638966209123_7763"
                       HEIGHT="4280"
                       WIDTH="2724"
                       VPOS="126"
                       HPOS="341">
               <Shape>
                  <Polygon POINTS="341,126 3065,126 3065,4406 341,4406"/>
               </Shape>
               <TextLine ID="region_1638966209123_7763l1"
                         BASELINE="2222,256 2260,256 2298,256 2336,256 2374,256 2413,256 2451,256 2489,256 2527,256 2565,254 2604,254 2642,254 2680,254 2718,253 2756,252 2795,252 2833,250 2871,250 2909,248 2947,248 2986,246"
                         HEIGHT="162"
                         WIDTH="799"
                         VPOS="166"
                         HPOS="2205">
                  <String ID="string_region_1638966209123_7763l1"
                          HEIGHT="162"
                          WIDTH="799"
                          VPOS="166"
                          HPOS="2205"
                          CONTENT="Adij 26 Junny 1692"/>
               </TextLine>
               <TextLine ID="region_1638966209123_7763l2"
                         BASELINE="362,268 403,270 445,270 486,272 528,272 569,270 611,270 652,270 694,268 735,268 777,267 818,266 860,264 901,264 943,264 984,264 1026,262 1067,264 1109,264 1150,264 1192,266"
                         HEIGHT="146"
                         WIDTH="861"
                         VPOS="172"
                         HPOS="346">
                  <String ID="string_region_1638966209123_7763l2"
                          HEIGHT="146"
                          WIDTH="861"
                          VPOS="172"
                          HPOS="346"
                          CONTENT="London Joan du maistre"/>
               </TextLine>
               <TextLine ID="region_1638966209123_7763l3"
                         BASELINE="518,390 640,385 762,378 885,373 1007,370 1130,366 1252,364 1374,362 1497,362 1619,362 1742,362 1864,364 1986,366 2109,368 2231,370 2354,372 2476,376 2598,378 2721,382 2843,384 2966,388"
                         HEIGHT="217"
                         WIDTH="2477"
                         VPOS="244"
                         HPOS="503">
                  <String ID="string_region_1638966209123_7763l3"
                          HEIGHT="217"
                          WIDTH="2477"
                          VPOS="244"
                          HPOS="503"
                          CONTENT="mons. depuis ma derniere de 16 c receu les vres de 3 &amp; 7 ditto: en suitte a les "/>
               </TextLine>
               <TextLine ID="region_1638966209123_7763l4"
                         BASELINE="554,476 675,472 796,468 917,465 1038,462 1159,462 1280,460 1401,460 1522,458 1643,458 1765,458 1886,458 2007,460 2128,460 2249,460 2370,459 2491,458 2612,458 2733,456 2854,456 2976,454"
                         HEIGHT="97"
                         WIDTH="2455"
                         VPOS="391"
                         HPOS="538">
                  <String ID="string_region_1638966209123_7763l4"
                          HEIGHT="97"
                          WIDTH="2455"
                          VPOS="391"
                          HPOS="538"
                          CONTENT="quelles, je preparere les resteant de vre memoire paur vous envayeren fullet, illya"/>
               </TextLine>
               <TextLine ID="region_1638966209123_7763l5"
                         BASELINE="538,564 656,560 775,556 894,554 1013,550 1132,548 1250,547 1369,546 1488,546 1607,544 1726,544 1844,544 1963,544 2082,545 2201,546 2320,546 2438,546 2557,546 2676,546 2795,546 2914,544"
                         HEIGHT="165"
                         WIDTH="2408"
                         VPOS="470"
                         HPOS="522">
                  <String ID="string_region_1638966209123_7763l5"
                          HEIGHT="165"
                          WIDTH="2408"
                          VPOS="470"
                          HPOS="522"
                          CONTENT="present un seu qu'il sera enberges a Londres 14 jours je tasseray d'aschapter &amp; vous"/>
               </TextLine>
               <TextLine ID="region_1638966209123_7763l6"
                         BASELINE="578,664 699,658 821,654 942,650 1064,648 1186,644 1307,644 1429,642 1550,642 1672,640 1794,640 1915,640 2037,640 2158,640 2280,640 2402,639 2523,638 2645,636 2766,635 2888,632 3010,630"
                         HEIGHT="105"
                         WIDTH="2464"
                         VPOS="589"
                         HPOS="561">
                  <String ID="string_region_1638966209123_7763l6"
                          HEIGHT="105"
                          WIDTH="2464"
                          VPOS="589"
                          HPOS="561"
                          CONTENT="entoye les 4' arbres avec &amp; vous ore de sulie de l'un &amp; aultre, je priise liberte a "/>
               </TextLine>
               <TextLine ID="region_1638966209123_7763l7"
                         BASELINE="566,752 684,746 803,740 922,734 1041,732 1160,728 1278,726 1397,726 1516,724 1635,724 1754,724 1872,724 1991,724 2110,724 2229,724 2348,724 2466,722 2585,720 2704,718 2823,716 2942,712"
                         HEIGHT="142"
                         WIDTH="2408"
                         VPOS="636"
                         HPOS="549">
                  <String ID="string_region_1638966209123_7763l7"
                          HEIGHT="142"
                          WIDTH="2408"
                          VPOS="636"
                          HPOS="549"
                          CONTENT="jourdhuy de trre sur vous £100: a 2 uzance payable a m. jankont &amp; comtr"/>
               </TextLine>
               <TextLine ID="region_1638966209123_7763l8"
                         BASELINE="562,842 685,835 808,828 931,824 1054,820 1177,818 1300,816 1423,814 1546,814 1669,814 1792,814 1915,814 2038,816 2161,816 2284,816 2407,815 2530,814 2653,812 2776,810 2899,806 3022,802"
                         HEIGHT="150"
                         WIDTH="2493"
                         VPOS="709"
                         HPOS="546">
                  <String ID="string_region_1638966209123_7763l8"
                          HEIGHT="150"
                          WIDTH="2493"
                          VPOS="709"
                          HPOS="546"
                          CONTENT="pour lvaleur de mons. Henrieus Godn Lenaerts a 33:8 . je vous prie de faire"/>
               </TextLine>
               <TextLine ID="region_1638966209123_7763l9"
                         BASELINE="554,938 675,928 797,920 919,914 1041,910 1163,906 1284,903 1406,902 1528,900 1650,900 1772,900 1893,902 2015,902 2137,904 2259,904 2381,906 2502,906 2624,906 2746,906 2868,904 2990,902"
                         HEIGHT="138"
                         WIDTH="2468"
                         VPOS="827"
                         HPOS="538">
                  <String ID="string_region_1638966209123_7763l9"
                          HEIGHT="138"
                          WIDTH="2468"
                          VPOS="827"
                          HPOS="538"
                          CONTENT="lhonneur &amp; si vre occasion en permette de m'envaye oncer quelques remises, car"/>
               </TextLine>
               <TextLine ID="region_1638966209123_7763l10"
                         BASELINE="552,1020 674,1013 797,1007 920,1002 1042,998 1165,995 1288,992 1410,991 1533,990 1656,990 1779,990 1901,990 2024,990 2147,992 2269,992 2392,994 2515,996 2637,996 2760,998 2883,998 3006,998"
                         HEIGHT="140"
                         WIDTH="2483"
                         VPOS="910"
                         HPOS="537">
                  <String ID="string_region_1638966209123_7763l10"
                          HEIGHT="140"
                          WIDTH="2483"
                          VPOS="910"
                          HPOS="537"
                          CONTENT="le temps est icy se pourne que je ne receu pas de l'argent pour me servier du"/>
               </TextLine>
               <TextLine ID="region_1638966209123_7763l11"
                         BASELINE="578,1108 697,1102 817,1096 937,1091 1056,1088 1176,1085 1296,1084 1415,1082 1535,1082 1655,1082 1775,1082 1894,1082 2014,1084 2134,1084 2253,1084 2373,1084 2493,1084 2612,1082 2732,1080 2852,1077 2972,1072"
                         HEIGHT="134"
                         WIDTH="2423"
                         VPOS="993"
                         HPOS="563">
                  <String ID="string_region_1638966209123_7763l11"
                          HEIGHT="134"
                          WIDTH="2423"
                          VPOS="993"
                          HPOS="563"
                          CONTENT="necessaire. ill ne faut pas dateur, mais quil ma remises sur mons. pedi firt"/>
               </TextLine>
               <TextLine ID="region_1638966209123_7763l12"
                         BASELINE="544,1202 645,1194 747,1190 849,1185 951,1182 1053,1180 1155,1178 1257,1178 1359,1176 1461,1176 1563,1176 1664,1176 1766,1176 1868,1176 1970,1176 2072,1174 2174,1172 2276,1167 2378,1164 2480,1158 2582,1150"
                         HEIGHT="126"
                         WIDTH="2071"
                         VPOS="1112"
                         HPOS="527">
                  <String ID="string_region_1638966209123_7763l12"
                          HEIGHT="126"
                          WIDTH="2071"
                          VPOS="1112"
                          HPOS="527"
                          CONTENT="Dien payez aultrement on lauroit un de retour je vous &amp; cle"/>
               </TextLine>
               <TextLine ID="region_1638966209123_7763l13"
                         BASELINE="2442,1278 2467,1276 2493,1273 2519,1271 2545,1269 2571,1266 2596,1264 2622,1264 2648,1262 2674,1261 2700,1260 2725,1260 2751,1260 2777,1258 2803,1258 2829,1259 2854,1260 2880,1260 2906,1260 2932,1261 2958,1262"
                         HEIGHT="160"
                         WIDTH="550"
                         VPOS="1152"
                         HPOS="2424">
                  <String ID="string_region_1638966209123_7763l13"
                          HEIGHT="160"
                          WIDTH="550"
                          VPOS="1152"
                          HPOS="2424"
                          CONTENT="Adij 26 ditto"/>
               </TextLine>
               <TextLine ID="region_1638966209123_7763l14"
                         BASELINE="382,1294 426,1294 470,1292 515,1292 559,1290 604,1290 648,1288 692,1288 737,1286 781,1286 826,1284 870,1284 914,1282 959,1282 1003,1282 1048,1282 1092,1282 1136,1282 1181,1282 1225,1282 1270,1282"
                         HEIGHT="159"
                         WIDTH="922"
                         VPOS="1156"
                         HPOS="365">
                  <String ID="string_region_1638966209123_7763l14"
                          HEIGHT="159"
                          WIDTH="922"
                          VPOS="1156"
                          HPOS="365"
                          CONTENT="rotterdam A Braham de Bra"/>
               </TextLine>
               <TextLine ID="region_1638966209123_7763l15"
                         BASELINE="566,1396 688,1392 811,1387 934,1382 1056,1378 1179,1374 1302,1370 1424,1367 1547,1364 1670,1362 1793,1360 1915,1358 2038,1356 2161,1356 2283,1356 2406,1356 2529,1356 2651,1358 2774,1360 2897,1364 3020,1368"
                         HEIGHT="221"
                         WIDTH="2485"
                         VPOS="1212"
                         HPOS="550">
                  <String ID="string_region_1638966209123_7763l15"
                          HEIGHT="221"
                          WIDTH="2485"
                          VPOS="1212"
                          HPOS="550"
                          CONTENT="r sedert den W van 17 deser, hadde ick niet getwijffelt oft ick soude het pack"/>
               </TextLine>
               <TextLine ID="region_1638966209123_7763l16"
                         BASELINE="550,1478 674,1476 799,1472 924,1470 1049,1466 1174,1464 1298,1461 1423,1458 1548,1457 1673,1455 1798,1454 1922,1452 2047,1452 2172,1452 2297,1452 2422,1452 2546,1454 2671,1454 2796,1456 2921,1460 3046,1462"
                         HEIGHT="183"
                         WIDTH="2527"
                         VPOS="1357"
                         HPOS="535">
                  <String ID="string_region_1638966209123_7763l16"
                          HEIGHT="183"
                          WIDTH="2527"
                          VPOS="1357"
                          HPOS="535"
                          CONTENT="N.7: al hebben ontfanghen, dogh tot mijne verwonderinge t'selve nogh niet nonen"/>
               </TextLine>
               <TextLine ID="region_1638966209123_7763l17"
                         BASELINE="574,1564 695,1560 817,1554 939,1550 1061,1547 1183,1544 1304,1542 1426,1540 1548,1538 1670,1538 1792,1536 1913,1536 2035,1536 2157,1536 2279,1536 2401,1538 2522,1538 2644,1540 2766,1540 2888,1542 3010,1542"
                         HEIGHT="155"
                         WIDTH="2468"
                         VPOS="1442"
                         HPOS="559">
                  <String ID="string_region_1638966209123_7763l17"
                          HEIGHT="155"
                          WIDTH="2468"
                          VPOS="1442"
                          HPOS="559"
                          CONTENT="can niet dencken waer aen sulip hapert, nogh niet versonden sijnde, bidie ge"/>
               </TextLine>
               <TextLine ID="region_1638966209123_7763l18"
                         BASELINE="562,1658 681,1651 800,1645 919,1640 1038,1636 1158,1634 1277,1630 1396,1630 1515,1628 1634,1628 1754,1628 1873,1628 1992,1630 2111,1630 2230,1630 2350,1630 2469,1632 2588,1630 2707,1630 2826,1628 2946,1626"
                         HEIGHT="147"
                         WIDTH="2417"
                         VPOS="1538"
                         HPOS="545">
                  <String ID="string_region_1638966209123_7763l18"
                          HEIGHT="147"
                          WIDTH="2417"
                          VPOS="1538"
                          HPOS="545"
                          CONTENT="alle megelijcke dinviren te doen tot d'expeditie, want daer om verlegen ben "/>
               </TextLine>
               <TextLine ID="region_1638966209123_7763l19"
                         BASELINE="570,1750 692,1744 814,1738 936,1733 1058,1728 1180,1726 1302,1722 1424,1720 1546,1718 1668,1718 1790,1716 1912,1716 2034,1716 2156,1716 2278,1718 2400,1718 2522,1720 2644,1720 2766,1722 2888,1722 3010,1724"
                         HEIGHT="157"
                         WIDTH="2474"
                         VPOS="1613"
                         HPOS="553">
                  <String ID="string_region_1638966209123_7763l19"
                          HEIGHT="157"
                          WIDTH="2474"
                          VPOS="1613"
                          HPOS="553"
                          CONTENT="versoeke voorders mijn oncost rekeninge gelieft te seynden. alsoo die seernoodigh"/>
               </TextLine>
               <TextLine ID="region_1638966209123_7763l20"
                         BASELINE="564,1844 688,1838 812,1834 936,1829 1061,1825 1185,1822 1309,1818 1434,1816 1558,1814 1682,1812 1807,1812 1931,1812 2055,1812 2179,1812 2304,1812 2428,1814 2552,1816 2677,1818 2801,1820 2925,1824 3050,1826"
                         HEIGHT="156"
                         WIDTH="2519"
                         VPOS="1709"
                         HPOS="547">
                  <String ID="string_region_1638966209123_7763l20"
                          HEIGHT="156"
                          WIDTH="2519"
                          VPOS="1709"
                          HPOS="547"
                          CONTENT="hebbe oversulxx de selve in antwoorde deser ten langhsten p naesten sast verwachte"/>
               </TextLine>
               <TextLine ID="region_1638966209123_7763l21"
                         BASELINE="1678,1918 1711,1916 1744,1915 1777,1914 1810,1913 1843,1912 1876,1911 1909,1910 1942,1908 1975,1908 2009,1908 2042,1908 2075,1908 2108,1908 2141,1908 2174,1909 2207,1910 2240,1910 2273,1912 2306,1915 2340,1916"
                         HEIGHT="150"
                         WIDTH="694"
                         VPOS="1815"
                         HPOS="1661">
                  <String ID="string_region_1638966209123_7763l21"
                          HEIGHT="150"
                          WIDTH="694"
                          VPOS="1815"
                          HPOS="1661"
                          CONTENT="courant gelt tot laste"/>
               </TextLine>
               <TextLine ID="region_1638966209123_7763l22"
                         BASELINE="580,1924 619,1924 658,1924 697,1922 737,1922 776,1922 815,1922 855,1921 894,1920 933,1920 973,1920 1012,1918 1051,1918 1090,1918 1130,1916 1169,1915 1208,1914 1248,1912 1287,1910 1326,1908 1366,1906"
                         HEIGHT="162"
                         WIDTH="817"
                         VPOS="1824"
                         HPOS="565">
                  <String ID="string_region_1638966209123_7763l22"
                          HEIGHT="162"
                          WIDTH="817"
                          VPOS="1824"
                          HPOS="565"
                          CONTENT="ingesloten remittere ƒ"/>
               </TextLine>
               <TextLine ID="region_1638966209123_7763l23"
                         BASELINE="2674,1920 2699,1922 2724,1925 2749,1927 2774,1928 2799,1930 2824,1930 2849,1930 2874,1930 2899,1931 2924,1932 2949,1932 2974,1932 2999,1933 3024,1934 3050,1936"
                         HEIGHT="130"
                         WIDTH="412"
                         VPOS="1833"
                         HPOS="2656">
                  <String ID="string_region_1638966209123_7763l23"
                          HEIGHT="130"
                          WIDTH="412"
                          VPOS="1833"
                          HPOS="2656"
                          CONTENT="in amsterdam"/>
               </TextLine>
               <TextLine ID="region_1638966209123_7763l24"
                         BASELINE="584,2028 706,2026 828,2022 950,2020 1072,2017 1194,2014 1316,2010 1438,2008 1560,2006 1682,2004 1805,2002 1927,2002 2049,2002 2171,2004 2293,2006 2415,2008 2537,2013 2659,2019 2781,2026 2903,2034 3026,2044"
                         HEIGHT="220"
                         WIDTH="2474"
                         VPOS="1897"
                         HPOS="568">
                  <String ID="string_region_1638966209123_7763l24"
                          HEIGHT="220"
                          WIDTH="2474"
                          VPOS="1897"
                          HPOS="568"
                          CONTENT="gelieft het veoodigh te besorgen &amp; mij d'ingeslorene voortgenck genende &amp; mj advi sere"/>
               </TextLine>
               <TextLine ID="region_1638966209123_7763l25"
                         BASELINE="558,2138 591,2133 624,2130 657,2128 690,2127 724,2125 757,2122 790,2122 823,2120 856,2120 890,2118 923,2118 956,2118 989,2118 1022,2116 1056,2116 1089,2116 1122,2115 1155,2114 1188,2112 1222,2112"
                         HEIGHT="170"
                         WIDTH="699"
                         VPOS="2031"
                         HPOS="541">
                  <String ID="string_region_1638966209123_7763l25"
                          HEIGHT="170"
                          WIDTH="699"
                          VPOS="2031"
                          HPOS="541"
                          CONTENT="wont passeerten blijve"/>
               </TextLine>
               <TextLine ID="region_1638966209123_7763l26"
                         BASELINE="2562,2238 2588,2238 2614,2239 2641,2238 2667,2238 2694,2238 2720,2238 2747,2236 2773,2236 2799,2234 2826,2231 2852,2229 2879,2227 2905,2224 2932,2224"
                         HEIGHT="194"
                         WIDTH="406"
                         VPOS="2092"
                         HPOS="2541">
                  <String ID="string_region_1638966209123_7763l26"
                          HEIGHT="194"
                          WIDTH="406"
                          VPOS="2092"
                          HPOS="2541"
                          CONTENT="26 Juny"/>
               </TextLine>
               <TextLine ID="region_1638966209123_7763l27"
                         BASELINE="418,2342 496,2333 575,2324 653,2315 732,2307 811,2300 889,2295 968,2288 1046,2284 1125,2280 1204,2274 1282,2270 1361,2267 1439,2264 1518,2261 1597,2256 1675,2254 1754,2250 1832,2248 1911,2243 1990,2240"
                         HEIGHT="240"
                         WIDTH="1611"
                         VPOS="2154"
                         HPOS="397">
                  <String ID="string_region_1638966209123_7763l27"
                          HEIGHT="240"
                          WIDTH="1611"
                          VPOS="2154"
                          HPOS="397"
                          CONTENT="Londen Jan Kent vervolg aen sijnen brief van"/>
               </TextLine>
               <TextLine ID="region_1638966209123_7763l28"
                         BASELINE="542,2456 659,2442 777,2429 895,2418 1012,2407 1130,2398 1248,2389 1365,2380 1483,2373 1601,2366 1719,2360 1836,2356 1954,2350 2072,2347 2189,2343 2307,2340 2425,2338 2542,2336 2660,2334 2778,2334 2896,2332"
                         HEIGHT="262"
                         WIDTH="2391"
                         VPOS="2220"
                         HPOS="524">
                  <String ID="string_region_1638966209123_7763l28"
                          HEIGHT="262"
                          WIDTH="2391"
                          VPOS="2220"
                          HPOS="524"
                          CONTENT="Bray gett the nebsed bill on m John du maistre accepted &amp; keep"/>
               </TextLine>
               <TextLine ID="region_1638966209123_7763l29"
                         BASELINE="562,2550 685,2541 809,2532 933,2523 1056,2514 1180,2506 1304,2498 1427,2492 1551,2486 1675,2479 1799,2474 1922,2468 2046,2464 2170,2460 2293,2458 2417,2455 2541,2454 2664,2452 2788,2452 2912,2452 3036,2454"
                         HEIGHT="233"
                         WIDTH="2506"
                         VPOS="2378"
                         HPOS="545">
                  <String ID="string_region_1638966209123_7763l29"
                          HEIGHT="233"
                          WIDTH="2506"
                          VPOS="2378"
                          HPOS="545"
                          CONTENT="for my acctt the name of Lenaerts is pro format procure also acceptance "/>
               </TextLine>
               <TextLine ID="region_1638966209123_7763l30"
                         BASELINE="554,2650 663,2642 773,2636 883,2630 993,2624 1103,2619 1212,2612 1322,2607 1432,2602 1542,2597 1652,2592 1761,2587 1871,2584 1981,2580 2091,2576 2201,2573 2310,2570 2420,2568 2530,2565 2640,2563 2750,2562"
                         HEIGHT="226"
                         WIDTH="2228"
                         VPOS="2458"
                         HPOS="538">
                  <String ID="string_region_1638966209123_7763l30"
                          HEIGHT="226"
                          WIDTH="2228"
                          VPOS="2458"
                          HPOS="538"
                          CONTENT="to the £200½ on cher furnese &amp; comp tkeep the bill to you"/>
               </TextLine>
               <TextLine ID="region_1638966209123_7763l31"
                         BASELINE="570,2758 668,2754 766,2751 865,2746 963,2744 1062,2739 1160,2735 1258,2731 1357,2728 1455,2724 1554,2720 1652,2715 1750,2712 1849,2708 1947,2704 2046,2700 2144,2697 2242,2694 2341,2690 2439,2687 2538,2684"
                         HEIGHT="221"
                         WIDTH="2003"
                         VPOS="2576"
                         HPOS="552">
                  <String ID="string_region_1638966209123_7763l31"
                          HEIGHT="221"
                          WIDTH="2003"
                          VPOS="2576"
                          HPOS="552"
                          CONTENT="remits you inclosed £100  on Thomat fryer due 9 july"/>
               </TextLine>
               <TextLine ID="region_1638966209123_7763l32"
                         BASELINE="578,2872 697,2867 816,2861 935,2856 1055,2851 1174,2846 1293,2840 1413,2835 1532,2830 1651,2826 1771,2822 1890,2817 2009,2813 2128,2809 2248,2806 2367,2802 2486,2800 2606,2798 2725,2796 2844,2794 2964,2794"
                         HEIGHT="229"
                         WIDTH="2415"
                         VPOS="2684"
                         HPOS="561">
                  <String ID="string_region_1638966209123_7763l32"
                          HEIGHT="229"
                          WIDTH="2415"
                          VPOS="2684"
                          HPOS="561"
                          CONTENT="pray ofthis bill on thomas fryer be not punctually accepted &amp; payed"/>
               </TextLine>
               <TextLine ID="region_1638966209123_7763l33"
                         BASELINE="566,3006 685,3001 804,2996 923,2991 1043,2983 1162,2978 1281,2969 1401,2962 1520,2954 1639,2945 1759,2938 1878,2931 1997,2924 2116,2918 2236,2914 2355,2908 2474,2906 2594,2904 2713,2904 2832,2906 2952,2908"
                         HEIGHT="223"
                         WIDTH="2420"
                         VPOS="2798"
                         HPOS="548">
                  <String ID="string_region_1638966209123_7763l33"
                          HEIGHT="223"
                          WIDTH="2420"
                          VPOS="2798"
                          HPOS="548"
                          CONTENT="2 July protest without simulation, &amp; returne itt not to stay will"/>
               </TextLine>
               <TextLine ID="region_1638966209123_7763l34"
                         BASELINE="570,3070 597,3074 624,3074 651,3072 678,3069 705,3065 732,3061 759,3057 786,3056 813,3056 840,3058 868,3064"
                         HEIGHT="150"
                         WIDTH="338"
                         VPOS="2977"
                         HPOS="550">
                  <String ID="string_region_1638966209123_7763l34"
                          HEIGHT="150"
                          WIDTH="338"
                          VPOS="2977"
                          HPOS="550"
                          CONTENT="Juny"/>
               </TextLine>
               <TextLine ID="region_1638966209123_7763l35"
                         BASELINE="600,3178 626,3180 653,3179 680,3175 707,3170 734,3165 760,3161 787,3156 814,3154 841,3154 868,3156"
                         HEIGHT="168"
                         WIDTH="308"
                         VPOS="3077"
                         HPOS="577">
                  <String ID="string_region_1638966209123_7763l35"
                          HEIGHT="168"
                          WIDTH="308"
                          VPOS="3077"
                          HPOS="577"
                          CONTENT="8 July"/>
               </TextLine>
               <TextLine ID="region_1638966209123_7763l36"
                         BASELINE="2504,3248 2530,3248 2557,3248 2583,3248 2610,3248 2637,3248 2663,3248 2690,3246 2716,3246 2743,3246 2770,3246 2796,3248 2823,3248 2850,3250"
                         HEIGHT="186"
                         WIDTH="375"
                         VPOS="3118"
                         HPOS="2489">
                  <String ID="string_region_1638966209123_7763l36"
                          HEIGHT="186"
                          WIDTH="375"
                          VPOS="3118"
                          HPOS="2489"
                          CONTENT="26 Juny"/>
               </TextLine>
               <TextLine ID="region_1638966209123_7763l37"
                         BASELINE="392,3316 432,3312 473,3309 513,3305 554,3300 594,3297 635,3293 675,3291 716,3287 756,3284 797,3279 837,3276 878,3273 918,3270 959,3268 999,3265 1040,3263 1080,3260 1121,3258 1161,3256 1202,3254"
                         HEIGHT="188"
                         WIDTH="851"
                         VPOS="3155"
                         HPOS="368">
                  <String ID="string_region_1638966209123_7763l37"
                          HEIGHT="188"
                          WIDTH="851"
                          VPOS="3155"
                          HPOS="368"
                          CONTENT="Londen richard Southell"/>
               </TextLine>
               <TextLine ID="region_1638966209123_7763l38"
                         BASELINE="586,3398 705,3392 824,3386 943,3380 1062,3376 1182,3371 1301,3366 1420,3362 1539,3358 1658,3354 1778,3350 1897,3348 2016,3346 2135,3342 2254,3342 2374,3340 2493,3340 2612,3340 2731,3340 2850,3342 2970,3342"
                         HEIGHT="212"
                         WIDTH="2416"
                         VPOS="3191"
                         HPOS="569">
                  <String ID="string_region_1638966209123_7763l38"
                          HEIGHT="212"
                          WIDTH="2416"
                          VPOS="3191"
                          HPOS="569"
                          CONTENT="depuis ma derniere de 19 cour, reccu la vre de 3 ditto, vous avez credit pour"/>
               </TextLine>
               <TextLine ID="region_1638966209123_7763l39"
                         BASELINE="558,3494 675,3490 793,3485 910,3480 1028,3476 1146,3472 1263,3468 1381,3464 1498,3460 1616,3456 1734,3454 1851,3450 1969,3448 2086,3446 2204,3444 2322,3442 2439,3442 2557,3442 2674,3442 2792,3442 2910,3442"
                         HEIGHT="166"
                         WIDTH="2387"
                         VPOS="3371"
                         HPOS="540">
                  <String ID="string_region_1638966209123_7763l39"
                          HEIGHT="166"
                          WIDTH="2387"
                          VPOS="3371"
                          HPOS="540"
                          CONTENT="les fraises  &amp; surdelure du ballot N.1 doyur in envoyerez N 2 p la "/>
               </TextLine>
               <TextLine ID="region_1638966209123_7763l40"
                         BASELINE="568,3596 686,3592 805,3588 923,3584 1042,3580 1161,3576 1279,3572 1398,3568 1516,3564 1635,3560 1754,3556 1872,3552 1991,3550 2109,3548 2228,3546 2347,3546 2465,3546 2584,3546 2702,3547 2821,3550 2940,3552"
                         HEIGHT="218"
                         WIDTH="2405"
                         VPOS="3442"
                         HPOS="551">
                  <String ID="string_region_1638966209123_7763l40"
                          HEIGHT="218"
                          WIDTH="2405"
                          VPOS="3442"
                          HPOS="551"
                          CONTENT="remiere occasion, soit p la hollande on ostende, mais ne charge point sans "/>
               </TextLine>
               <TextLine ID="region_1638966209123_7763l41"
                         BASELINE="550,3690 672,3688 794,3684 916,3681 1038,3678 1160,3674 1282,3669 1404,3666 1526,3661 1648,3658 1770,3654 1892,3650 2014,3648 2136,3645 2258,3644 2380,3642 2502,3642 2624,3642 2746,3644 2868,3646 2990,3650"
                         HEIGHT="185"
                         WIDTH="2475"
                         VPOS="3586"
                         HPOS="531">
                  <String ID="string_region_1638966209123_7763l41"
                          HEIGHT="185"
                          WIDTH="2475"
                          VPOS="3586"
                          HPOS="531"
                          CONTENT="que vous avez d'assurance du convoy &amp; pour le risque de la mer ie tiendrez"/>
               </TextLine>
               <TextLine ID="region_1638966209123_7763l42"
                         BASELINE="584,3788 611,3791 638,3792 665,3792 692,3790 719,3788 746,3785 774,3782"
                         HEIGHT="130"
                         WIDTH="223"
                         VPOS="3696"
                         HPOS="566">
                  <String ID="string_region_1638966209123_7763l42"
                          HEIGHT="130"
                          WIDTH="223"
                          VPOS="3696"
                          HPOS="566"
                          CONTENT="a moy"/>
               </TextLine>
               <TextLine ID="region_1638966209123_7763l43"
                         BASELINE="2624,3828 2650,3827 2677,3825 2703,3822 2730,3817 2757,3812 2783,3807 2810,3804 2836,3800 2863,3797 2890,3795 2916,3794 2943,3794 2970,3798"
                         HEIGHT="241"
                         WIDTH="390"
                         VPOS="3658"
                         HPOS="2596">
                  <String ID="string_region_1638966209123_7763l43"
                          HEIGHT="241"
                          WIDTH="390"
                          VPOS="3658"
                          HPOS="2596"
                          CONTENT="27 Juny"/>
               </TextLine>
               <TextLine ID="region_1638966209123_7763l44"
                         BASELINE="378,3904 436,3896 495,3888 553,3881 612,3874 671,3869 729,3862 788,3858 846,3854 905,3850 964,3848 1022,3844 1081,3842 1139,3838 1198,3837 1257,3834 1315,3832 1374,3829 1432,3826 1491,3824 1550,3822"
                         HEIGHT="230"
                         WIDTH="1210"
                         VPOS="3675"
                         HPOS="358">
                  <String ID="string_region_1638966209123_7763l44"
                          HEIGHT="230"
                          WIDTH="1210"
                          VPOS="3675"
                          HPOS="358"
                          CONTENT="Weenen Anthoin Comterel"/>
               </TextLine>
               <TextLine ID="region_1638966209123_7763l45"
                         BASELINE="562,3954 680,3952 799,3949 918,3946 1037,3944 1156,3943 1274,3942 1393,3940 1512,3939 1631,3938 1750,3937 1868,3936 1987,3934 2106,3934 2225,3932 2344,3932 2462,3930 2581,3928 2700,3926 2819,3922 2938,3920"
                         HEIGHT="121"
                         WIDTH="2408"
                         VPOS="3844"
                         HPOS="545">
                  <String ID="string_region_1638966209123_7763l45"
                          HEIGHT="121"
                          WIDTH="2408"
                          VPOS="3844"
                          HPOS="545"
                          CONTENT="depuis ma derniere de 13 court receu la chere vre de 7 ditto avec la "/>
               </TextLine>
               <TextLine ID="region_1638966209123_7763l46"
                         BASELINE="556,4052 676,4052 797,4050 917,4050 1038,4048 1158,4046 1279,4044 1399,4042 1520,4040 1640,4038 1761,4036 1881,4034 2002,4032 2122,4029 2243,4026 2363,4024 2484,4022 2604,4020 2725,4018 2845,4016 2966,4014"
                         HEIGHT="171"
                         WIDTH="2442"
                         VPOS="3936"
                         HPOS="537">
                  <String ID="string_region_1638966209123_7763l46"
                          HEIGHT="171"
                          WIDTH="2442"
                          VPOS="3936"
                          HPOS="537"
                          CONTENT="Seconde littre de  P 500 en bancod amsterdam, dont i'ay negotie"/>
               </TextLine>
               <TextLine ID="region_1638966209123_7763l47"
                         BASELINE="558,4158 679,4156 800,4154 921,4152 1042,4150 1164,4148 1285,4146 1406,4144 1527,4142 1648,4141 1770,4140 1891,4138 2012,4136 2133,4134 2254,4134 2376,4132 2497,4131 2618,4130 2739,4128 2860,4128 2982,4126"
                         HEIGHT="154"
                         WIDTH="2456"
                         VPOS="4027"
                         HPOS="542">
                  <String ID="string_region_1638966209123_7763l47"
                          HEIGHT="154"
                          WIDTH="2456"
                          VPOS="4027"
                          HPOS="542"
                          CONTENT="la premiere a 5½ p. de vre perte et vous credité pour £205„5 as &amp;"/>
               </TextLine>
               <TextLine ID="region_1638966209123_7763l48"
                         BASELINE="572,4256 693,4254 815,4252 936,4250 1058,4248 1179,4246 1301,4244 1422,4242 1544,4240 1665,4237 1787,4234 1908,4232 2030,4230 2151,4229 2273,4228 2394,4226 2516,4224 2637,4224 2759,4224 2880,4222 3002,4222"
                         HEIGHT="122"
                         WIDTH="2461"
                         VPOS="4146"
                         HPOS="555">
                  <String ID="string_region_1638966209123_7763l48"
                          HEIGHT="122"
                          WIDTH="2461"
                          VPOS="4146"
                          HPOS="555"
                          CONTENT="de change &amp; debité pour £80:- paye a mons lours hubert selon"/>
               </TextLine>
               <TextLine ID="region_1638966209123_7763l49"
                         BASELINE="582,4340 705,4340 828,4340 952,4338 1075,4338 1199,4336 1322,4334 1445,4332 1569,4328 1692,4326 1816,4324 1939,4320 2062,4318 2186,4316 2309,4314 2433,4312 2556,4310 2679,4310 2803,4308 2926,4308 3050,4310"
                         HEIGHT="144"
                         WIDTH="2503"
                         VPOS="4228"
                         HPOS="564">
                  <String ID="string_region_1638966209123_7763l49"
                          HEIGHT="144"
                          WIDTH="2503"
                          VPOS="4228"
                          HPOS="564"
                          CONTENT="ie ordre, cy comt vous avez la facture de vre pacqnette N3 portai"/>
               </TextLine>
            </TextBlock>
            <TextBlock ID="region_1638966213051_7766"
                       HEIGHT="4244"
                       WIDTH="2766"
                       VPOS="140"
                       HPOS="3108">
               <Shape>
                  <Polygon POINTS="3108,140 5874,140 5874,4384 3108,4384"/>
               </Shape>
               <TextLine ID="region_1638966213051_7766l1"
                         BASELINE="4004,240 4090,240 4177,240 4264,238 4351,238 4438,236 4525,234 4612,232 4699,230 4786,228 4873,226 4959,224 5046,222 5133,222 5220,220 5307,219 5394,218 5481,218 5568,218 5655,220 5742,222"
                         HEIGHT="163"
                         WIDTH="1772"
                         VPOS="138"
                         HPOS="3987">
                  <String ID="string_region_1638966213051_7766l1"
                          HEIGHT="163"
                          WIDTH="1772"
                          VPOS="138"
                          HPOS="3987"
                          CONTENT="en de change que i'ay envoye auiourdhuy p la"/>
               </TextLine>
               <TextLine ID="region_1638966213051_7766l2"
                         BASELINE="3640,256 3666,252 3693,259 3720,250"
                         HEIGHT="145"
                         WIDTH="110"
                         VPOS="157"
                         HPOS="3625">
                  <String ID="string_region_1638966213051_7766l2"
                          HEIGHT="145"
                          WIDTH="110"
                          VPOS="157"
                          HPOS="3625"
                          CONTENT="£"/>
               </TextLine>
               <TextLine ID="region_1638966213051_7766l3"
                         BASELINE="3242,358 3367,358 3493,358 3619,357 3744,356 3870,354 3996,352 4121,348 4247,346 4373,344 4499,341 4624,339 4750,338 4876,336 5001,336 5127,336 5253,336 5378,338 5504,341 5630,345 5756,352"
                         HEIGHT="170"
                         WIDTH="2546"
                         VPOS="233"
                         HPOS="3227">
                  <String ID="string_region_1638966213051_7766l3"
                          HEIGHT="170"
                          WIDTH="2546"
                          VPOS="233"
                          HPOS="3227"
                          CONTENT="poste franco pour neurenbergh a mons George Gabriel noittel"/>
               </TextLine>
               <TextLine ID="region_1638966213051_7766l4"
                         BASELINE="3278,466 3404,463 3530,462 3656,460 3782,458 3908,458 4034,458 4160,458 4286,458 4412,458 4538,458 4664,458 4790,458 4916,458 5042,458 5168,458 5294,458 5420,457 5546,456 5672,454 5798,452"
                         HEIGHT="197"
                         WIDTH="2552"
                         VPOS="342"
                         HPOS="3263">
                  <String ID="string_region_1638966213051_7766l4"
                          HEIGHT="197"
                          WIDTH="2552"
                          VPOS="342"
                          HPOS="3263"
                          CONTENT="ayant payé le porticy, ie souhant bien chez vous, ne dontant pas detrouver"/>
               </TextLine>
               <TextLine ID="region_1638966213051_7766l5"
                         BASELINE="3284,584 3405,578 3526,574 3647,570 3769,568 3890,566 4011,566 4133,566 4254,566 4375,568 4497,568 4618,570 4739,572 4860,574 4982,576 5103,576 5224,578 5346,578 5467,578 5588,578 5710,578"
                         HEIGHT="136"
                         WIDTH="2458"
                         VPOS="470"
                         HPOS="3269">
                  <String ID="string_region_1638966213051_7766l5"
                          HEIGHT="136"
                          WIDTH="2458"
                          VPOS="470"
                          HPOS="3269"
                          CONTENT="une aultte commission, il y a quelques p de u 7 a lesquelles ie ne "/>
               </TextLine>
               <TextLine ID="region_1638966213051_7766l6"
                         BASELINE="3280,698 3401,690 3523,682 3645,677 3766,672 3888,669 4010,666 4131,666 4253,666 4375,666 4497,667 4618,668 4740,670 4862,672 4983,674 5105,676 5227,678 5348,680 5470,682 5592,682 5714,682"
                         HEIGHT="160"
                         WIDTH="2464"
                         VPOS="590"
                         HPOS="3265">
                  <String ID="string_region_1638966213051_7766l6"
                          HEIGHT="160"
                          WIDTH="2464"
                          VPOS="590"
                          HPOS="3265"
                          CONTENT="pouvois pas avoir a a 12 sans attendre encor, non obstande i'espere"/>
               </TextLine>
               <TextLine ID="region_1638966213051_7766l7"
                         BASELINE="3270,794 3392,786 3514,779 3636,774 3759,770 3881,766 4003,764 4126,762 4248,762 4370,762 4493,762 4615,763 4737,764 4859,766 4982,768 5104,770 5226,772 5349,774 5471,776 5593,778 5716,780"
                         HEIGHT="141"
                         WIDTH="2480"
                         VPOS="715"
                         HPOS="3253">
                  <String ID="string_region_1638966213051_7766l7"
                          HEIGHT="141"
                          WIDTH="2480"
                          VPOS="715"
                          HPOS="3253"
                          CONTENT="que vous trouverez tout af vre contentement, ce qu'il me sera"/>
               </TextLine>
               <TextLine ID="region_1638966213051_7766l8"
                         BASELINE="3308,900 3372,896 3436,893 3500,889 3565,885 3629,884 3693,880 3758,878 3822,874 3886,872 3951,870 4015,868 4079,866 4143,864 4208,862 4272,860 4336,860 4401,858 4465,858 4529,856 4594,856"
                         HEIGHT="206"
                         WIDTH="1323"
                         VPOS="759"
                         HPOS="3290">
                  <String ID="string_region_1638966213051_7766l8"
                          HEIGHT="206"
                          WIDTH="1323"
                          VPOS="759"
                          HPOS="3290"
                          CONTENT="bren aise d'entendre puisque ie suis"/>
               </TextLine>
               <TextLine ID="region_1638966213051_7766l9"
                         BASELINE="5398,1010 5424,1006 5450,1004 5477,1000 5503,996 5530,992 5556,989 5583,986 5609,983 5636,980 5662,978 5689,976 5715,975 5742,974"
                         HEIGHT="233"
                         WIDTH="390"
                         VPOS="826"
                         HPOS="5373">
                  <String ID="string_region_1638966213051_7766l9"
                          HEIGHT="233"
                          WIDTH="390"
                          VPOS="826"
                          HPOS="5373"
                          CONTENT="27 Juny"/>
               </TextLine>
               <TextLine ID="region_1638966213051_7766l10"
                         BASELINE="3122,1080 3200,1074 3279,1068 3358,1063 3437,1058 3516,1052 3594,1047 3673,1044 3752,1039 3831,1035 3910,1031 3988,1028 4067,1024 4146,1020 4225,1018 4304,1016 4382,1014 4461,1012 4540,1011 4619,1010 4698,1010"
                         HEIGHT="233"
                         WIDTH="1616"
                         VPOS="882"
                         HPOS="3099">
                  <String ID="string_region_1638966213051_7766l10"
                          HEIGHT="233"
                          WIDTH="1616"
                          VPOS="882"
                          HPOS="3099"
                          CONTENT="Meurenbergh Georg Gabriel noittel"/>
               </TextLine>
               <TextLine ID="region_1638966213051_7766l11"
                         BASELINE="3282,1212 3401,1198 3521,1187 3640,1176 3760,1166 3880,1160 3999,1152 4119,1148 4238,1143 4358,1140 4478,1138 4597,1136 4717,1134 4836,1134 4956,1134 5076,1134 5195,1134 5315,1134 5434,1134 5554,1134 5674,1134"
                         HEIGHT="273"
                         WIDTH="2422"
                         VPOS="980"
                         HPOS="3263">
                  <String ID="string_region_1638966213051_7766l11"
                          HEIGHT="273"
                          WIDTH="2422"
                          VPOS="980"
                          HPOS="3263"
                          CONTENT="Ick hebbe heden aen ue gesonden p post een packettie gemerckt"/>
               </TextLine>
               <TextLine ID="region_1638966213051_7766l12"
                         BASELINE="3270,1304 3394,1294 3518,1285 3643,1276 3767,1269 3892,1264 4016,1258 4140,1256 4265,1252 4389,1250 4514,1248 4638,1247 4762,1246 4887,1246 5011,1246 5136,1246 5260,1246 5384,1245 5509,1244 5633,1244 5758,1244"
                         HEIGHT="211"
                         WIDTH="2522"
                         VPOS="1147"
                         HPOS="3252">
                  <String ID="string_region_1638966213051_7766l12"
                          HEIGHT="211"
                          WIDTH="2522"
                          VPOS="1147"
                          HPOS="3252"
                          CONTENT="e N5 franco van port ende met opschrift aen ue om daermede"/>
               </TextLine>
               <TextLine ID="region_1638966213051_7766l13"
                         BASELINE="3290,1400 3412,1390 3535,1384 3657,1378 3780,1372 3903,1368 4025,1364 4148,1361 4270,1358 4393,1356 4516,1354 4638,1354 4761,1352 4883,1352 5006,1352 5129,1350 5251,1350 5374,1350 5496,1348 5619,1348 5742,1346"
                         HEIGHT="201"
                         WIDTH="2483"
                         VPOS="1251"
                         HPOS="3273">
                  <String ID="string_region_1638966213051_7766l13"
                          HEIGHT="201"
                          WIDTH="2483"
                          VPOS="1251"
                          HPOS="3273"
                          CONTENT="te volgen d'ordre van mons anthom comterel van weenenden"/>
               </TextLine>
               <TextLine ID="region_1638966213051_7766l14"
                         BASELINE="3318,1490 3439,1484 3561,1478 3683,1473 3805,1468 3927,1465 4048,1462 4170,1458 4292,1456 4414,1452 4536,1452 4657,1450 4779,1450 4901,1448 5023,1448 5145,1450 5266,1450 5388,1452 5510,1454 5632,1456 5754,1460"
                         HEIGHT="154"
                         WIDTH="2468"
                         VPOS="1393"
                         HPOS="3302">
                  <String ID="string_region_1638966213051_7766l14"
                          HEIGHT="154"
                          WIDTH="2468"
                          VPOS="1393"
                          HPOS="3302"
                          CONTENT="ontfanck verneme geirne &amp; ue hier eenigen dinst connende doen verneme"/>
               </TextLine>
               <TextLine ID="region_1638966213051_7766l15"
                         BASELINE="3322,1594 3347,1592 3372,1589 3397,1588 3422,1586 3447,1584 3472,1581 3497,1579 3522,1578 3547,1577 3572,1575 3597,1574 3622,1573 3647,1572 3672,1571 3697,1570 3722,1570 3747,1568 3772,1568 3797,1568 3822,1568"
                         HEIGHT="187"
                         WIDTH="534"
                         VPOS="1482"
                         HPOS="3305">
                  <String ID="string_region_1638966213051_7766l15"
                          HEIGHT="187"
                          WIDTH="534"
                          VPOS="1482"
                          HPOS="3305"
                          CONTENT="geire die blijve"/>
               </TextLine>
               <TextLine ID="region_1638966213051_7766l16"
                         BASELINE="5402,1686 5428,1688 5454,1688 5480,1687 5506,1686 5532,1685 5559,1684 5585,1682 5611,1682 5637,1680 5663,1680 5689,1680 5716,1680"
                         HEIGHT="201"
                         WIDTH="351"
                         VPOS="1556"
                         HPOS="5382">
                  <String ID="string_region_1638966213051_7766l16"
                          HEIGHT="201"
                          WIDTH="351"
                          VPOS="1556"
                          HPOS="5382"
                          CONTENT="30 Juny"/>
               </TextLine>
               <TextLine ID="region_1638966213051_7766l17"
                         BASELINE="3118,1770 3165,1762 3212,1758 3259,1752 3306,1747 3353,1742 3400,1738 3447,1734 3494,1731 3541,1729 3588,1727 3635,1723 3682,1721 3729,1719 3776,1717 3823,1715 3870,1714 3917,1711 3964,1710 4011,1708 4058,1706"
                         HEIGHT="210"
                         WIDTH="978"
                         VPOS="1579"
                         HPOS="3099">
                  <String ID="string_region_1638966213051_7766l17"
                          HEIGHT="210"
                          WIDTH="978"
                          VPOS="1579"
                          HPOS="3099"
                          CONTENT="Londen Jan Kent &amp; comp"/>
               </TextLine>
               <TextLine ID="region_1638966213051_7766l18"
                         BASELINE="3282,1870 3406,1864 3530,1858 3654,1853 3778,1848 3902,1843 4026,1839 4150,1834 4274,1830 4398,1826 4522,1823 4646,1820 4770,1816 4894,1814 5018,1810 5142,1807 5266,1804 5390,1802 5514,1798 5638,1796 5762,1794"
                         HEIGHT="214"
                         WIDTH="2516"
                         VPOS="1684"
                         HPOS="3264">
                  <String ID="string_region_1638966213051_7766l18"
                          HEIGHT="214"
                          WIDTH="2516"
                          VPOS="1684"
                          HPOS="3264"
                          CONTENT="sence my last of 26 cur non from you, so this ouley for covert of the"/>
               </TextLine>
               <TextLine ID="region_1638966213051_7766l19"
                         BASELINE="3302,1972 3424,1966 3547,1960 3669,1954 3792,1948 3914,1943 4037,1938 4159,1934 4282,1930 4404,1926 4527,1922 4649,1920 4772,1916 4894,1913 5017,1910 5139,1908 5262,1904 5384,1902 5507,1898 5629,1896 5752,1892"
                         HEIGHT="193"
                         WIDTH="2485"
                         VPOS="1824"
                         HPOS="3284">
                  <String ID="string_region_1638966213051_7766l19"
                          HEIGHT="193"
                          WIDTH="2485"
                          VPOS="1824"
                          HPOS="3284"
                          CONTENT="inclosed bill of £62 on John van brummelen, &amp; the second of the ƒ200"/>
               </TextLine>
               <TextLine ID="region_1638966213051_7766l20"
                         BASELINE="3310,2076 3429,2068 3549,2060 3668,2054 3788,2048 3908,2044 4027,2038 4147,2036 4266,2033 4386,2030 4506,2028 4625,2024 4745,2022 4864,2020 4984,2018 5104,2014 5223,2010 5343,2006 5462,2000 5582,1994 5702,1988"
                         HEIGHT="180"
                         WIDTH="2423"
                         VPOS="1917"
                         HPOS="3294">
                  <String ID="string_region_1638966213051_7766l20"
                          HEIGHT="180"
                          WIDTH="2423"
                          VPOS="1917"
                          HPOS="3294"
                          CONTENT="ouS Henrj fornese indorsed to you, procure the needfull &amp; advise mee"/>
               </TextLine>
               <TextLine ID="region_1638966213051_7766l21"
                         BASELINE="3310,2178 3430,2172 3551,2166 3671,2160 3792,2156 3913,2151 4033,2146 4154,2142 4274,2140 4395,2135 4516,2132 4636,2128 4757,2126 4877,2122 4998,2118 5119,2116 5239,2112 5360,2108 5480,2104 5601,2099 5722,2094"
                         HEIGHT="182"
                         WIDTH="2445"
                         VPOS="2033"
                         HPOS="3292">
                  <String ID="string_region_1638966213051_7766l21"
                          HEIGHT="182"
                          WIDTH="2445"
                          VPOS="2033"
                          HPOS="3292"
                          CONTENT="what passes, I had contramanded you the 40 bayes ordered the 26 past"/>
               </TextLine>
               <TextLine ID="region_1638966213051_7766l22"
                         BASELINE="3280,2290 3405,2283 3531,2276 3656,2271 3782,2265 3908,2260 4033,2256 4159,2251 4284,2248 4410,2243 4536,2240 4661,2237 4787,2234 4912,2230 5038,2228 5164,2226 5289,2223 5415,2220 5540,2218 5666,2216 5792,2214"
                         HEIGHT="206"
                         WIDTH="2546"
                         VPOS="2152"
                         HPOS="3262">
                  <String ID="string_region_1638966213051_7766l22"
                          HEIGHT="206"
                          WIDTH="2546"
                          VPOS="2152"
                          HPOS="3262"
                          CONTENT="I suppose that sard contramand hame to late, because the kersyes where"/>
               </TextLine>
               <TextLine ID="region_1638966213051_7766l23"
                         BASELINE="3306,2412 3429,2401 3553,2392 3676,2383 3800,2376 3924,2370 4047,2364 4171,2358 4294,2354 4418,2350 4542,2348 4665,2344 4789,2342 4912,2339 5036,2336 5160,2334 5283,2331 5407,2328 5530,2325 5654,2322 5778,2318"
                         HEIGHT="221"
                         WIDTH="2507"
                         VPOS="2230"
                         HPOS="3288">
                  <String ID="string_region_1638966213051_7766l23"
                          HEIGHT="221"
                          WIDTH="2507"
                          VPOS="2230"
                          HPOS="3288"
                          CONTENT="l readdr bought, so shall exspect the bayes also deseiringe that non bee"/>
               </TextLine>
               <TextLine ID="region_1638966213051_7766l24"
                         BASELINE="4248,2468 4321,2464 4394,2460 4467,2458 4540,2454 4613,2452 4686,2450 4759,2448 4832,2446 4905,2444 4979,2442 5052,2440 5125,2440 5198,2438 5271,2436 5344,2436 5417,2434 5490,2432 5563,2432 5636,2430 5710,2430"
                         HEIGHT="172"
                         WIDTH="1495"
                         VPOS="2336"
                         HPOS="4229">
                  <String ID="string_region_1638966213051_7766l24"
                          HEIGHT="172"
                          WIDTH="1495"
                          VPOS="2336"
                          HPOS="4229"
                          CONTENT="60 accordingley to my instruction of the"/>
               </TextLine>
               <TextLine ID="region_1638966213051_7766l25"
                         BASELINE="3314,2514 3358,2510 3403,2506 3447,2504 3492,2500 3537,2496 3581,2493 3626,2491 3670,2488 3715,2485 3760,2484 3804,2481 3849,2478 3893,2477 3938,2474 3983,2472 4027,2469 4072,2468 4116,2465 4161,2463 4206,2460"
                         HEIGHT="169"
                         WIDTH="929"
                         VPOS="2381"
                         HPOS="3295">
                  <String ID="string_region_1638966213051_7766l25"
                          HEIGHT="169"
                          WIDTH="929"
                          VPOS="2381"
                          HPOS="3295"
                          CONTENT="under ƒ640, &amp; some about"/>
               </TextLine>
               <TextLine ID="region_1638966213051_7766l26"
                         BASELINE="3308,2632 3428,2612 3548,2596 3668,2584 3789,2573 3909,2565 4029,2560 4150,2556 4270,2554 4390,2552 4511,2552 4631,2552 4751,2554 4871,2554 4992,2554 5112,2554 5232,2554 5353,2552 5473,2548 5593,2542 5714,2536"
                         HEIGHT="180"
                         WIDTH="2439"
                         VPOS="2456"
                         HPOS="3292">
                  <String ID="string_region_1638966213051_7766l26"
                          HEIGHT="180"
                          WIDTH="2439"
                          VPOS="2456"
                          HPOS="3292"
                          CONTENT="abowe 26 may,  that the spanish cloathes bee provided"/>
               </TextLine>
               <TextLine ID="region_1638966213051_7766l27"
                         BASELINE="3334,2718 3457,2709 3581,2701 3705,2693 3829,2688 3953,2684 4076,2680 4200,2678 4324,2675 4448,2674 4572,2672 4695,2670 4819,2670 4943,2668 5067,2666 5191,2664 5314,2662 5438,2658 5562,2652 5686,2647 5810,2640"
                         HEIGHT="169"
                         WIDTH="2510"
                         VPOS="2565"
                         HPOS="3318">
                  <String ID="string_region_1638966213051_7766l27"
                          HEIGHT="169"
                          WIDTH="2510"
                          VPOS="2565"
                          HPOS="3318"
                          CONTENT="&amp; gott readdy against convoyes come, &amp; the eembargo bee of, observe well"/>
               </TextLine>
               <TextLine ID="region_1638966213051_7766l28"
                         BASELINE="3332,2824 3453,2815 3575,2805 3697,2797 3819,2791 3941,2786 4062,2780 4184,2776 4306,2771 4428,2768 4550,2766 4671,2764 4793,2762 4915,2760 5037,2758 5159,2756 5280,2756 5402,2754 5524,2752 5646,2750 5768,2746"
                         HEIGHT="184"
                         WIDTH="2468"
                         VPOS="2674"
                         HPOS="3316">
                  <String ID="string_region_1638966213051_7766l28"
                          HEIGHT="184"
                          WIDTH="2468"
                          VPOS="2674"
                          HPOS="3316"
                          CONTENT="the patternes I sent you &amp; that no let 4 blewish grayes bee by, or "/>
               </TextLine>
               <TextLine ID="region_1638966213051_7766l29"
                         BASELINE="3312,2930 3386,2921 3461,2913 3535,2908 3610,2903 3684,2900 3759,2896 3833,2894 3908,2892 3982,2892 4057,2890 4131,2890 4206,2890 4280,2890 4355,2888 4429,2888 4504,2886 4578,2884 4653,2880 4727,2876 4802,2870"
                         HEIGHT="224"
                         WIDTH="1524"
                         VPOS="2754"
                         HPOS="3295">
                  <String ID="string_region_1638966213051_7766l29"
                          HEIGHT="224"
                          WIDTH="1524"
                          VPOS="2754"
                          HPOS="3295"
                          CONTENT="more if to be had, of 8 „ 9„ a 10 ƒ I rest"/>
               </TextLine>
               <TextLine ID="region_1638966213051_7766l30"
                         BASELINE="3162,3094 3207,3092 3252,3088 3297,3085 3342,3081 3387,3078 3432,3074 3477,3071 3522,3067 3567,3065 3612,3061 3657,3058 3702,3054 3747,3052 3792,3050 3837,3047 3882,3046 3927,3044 3972,3044 4017,3042 4062,3042"
                         HEIGHT="214"
                         WIDTH="938"
                         VPOS="2909"
                         HPOS="3141">
                  <String ID="string_region_1638966213051_7766l30"
                          HEIGHT="214"
                          WIDTH="938"
                          VPOS="2909"
                          HPOS="3141"
                          CONTENT="londen richard Southell"/>
               </TextLine>
               <TextLine ID="region_1638966213051_7766l31"
                         BASELINE="3318,3186 3440,3177 3563,3168 3685,3161 3808,3154 3931,3146 4053,3142 4176,3137 4298,3133 4421,3130 4544,3127 4666,3126 4789,3124 4911,3124 5034,3124 5157,3124 5279,3126 5402,3128 5524,3131 5647,3134 5770,3138"
                         HEIGHT="241"
                         WIDTH="2485"
                         VPOS="2974"
                         HPOS="3299">
                  <String ID="string_region_1638966213051_7766l31"
                          HEIGHT="241"
                          WIDTH="2485"
                          VPOS="2974"
                          HPOS="3299"
                          CONTENT="In answor to yours of 3 &amp; ro r sence my last of 19 cur receaved yours "/>
               </TextLine>
               <TextLine ID="region_1638966213051_7766l32"
                         BASELINE="3318,3278 3441,3272 3565,3268 3689,3262 3813,3257 3937,3252 4061,3246 4185,3241 4309,3236 4433,3232 4557,3228 4680,3226 4804,3224 4928,3222 5052,3222 5176,3222 5300,3224 5424,3228 5548,3233 5672,3240 5796,3246"
                         HEIGHT="199"
                         WIDTH="2508"
                         VPOS="3120"
                         HPOS="3301">
                  <String ID="string_region_1638966213051_7766l32"
                          HEIGHT="199"
                          WIDTH="2508"
                          VPOS="3120"
                          HPOS="3301"
                          CONTENT="of 3 &amp; 10 ditto as I have writt you, lambert annis is arrived, butt most"/>
               </TextLine>
               <TextLine ID="region_1638966213051_7766l33"
                         BASELINE="3314,3374 3439,3369 3564,3364 3689,3359 3815,3354 3940,3350 4065,3346 4191,3342 4316,3338 4441,3335 4567,3332 4692,3330 4817,3330 4942,3328 5068,3328 5193,3330 5318,3332 5444,3336 5569,3340 5694,3345 5820,3352"
                         HEIGHT="184"
                         WIDTH="2537"
                         VPOS="3229"
                         HPOS="3297">
                  <String ID="string_region_1638966213051_7766l33"
                          HEIGHT="184"
                          WIDTH="2537"
                          VPOS="3229"
                          HPOS="3297"
                          CONTENT="port of his loadinge is wett, gett my freind from amsterdam writes mee that "/>
               </TextLine>
               <TextLine ID="region_1638966213051_7766l34"
                         BASELINE="3320,3482 3443,3478 3567,3474 3690,3470 3814,3467 3938,3463 4061,3459 4185,3456 4308,3452 4432,3448 4556,3444 4679,3442 4803,3440 4926,3438 5050,3436 5174,3436 5297,3436 5421,3438 5544,3440 5668,3443 5792,3448"
                         HEIGHT="139"
                         WIDTH="2504"
                         VPOS="3363"
                         HPOS="3304">
                  <String ID="string_region_1638966213051_7766l34"
                          HEIGHT="139"
                          WIDTH="2504"
                          VPOS="3363"
                          HPOS="3304"
                          CONTENT="he could not iudge, butt my pack is thdrye, I exspect itt here this weke"/>
               </TextLine>
               <TextLine ID="region_1638966213051_7766l35"
                         BASELINE="3312,3588 3433,3586 3555,3582 3677,3579 3799,3576 3921,3574 4042,3570 4164,3567 4286,3564 4408,3562 4530,3560 4651,3558 4773,3556 4895,3554 5017,3554 5139,3554 5260,3554 5382,3554 5504,3556 5626,3558 5748,3560"
                         HEIGHT="226"
                         WIDTH="2468"
                         VPOS="3438"
                         HPOS="3295">
                  <String ID="string_region_1638966213051_7766l35"
                          HEIGHT="226"
                          WIDTH="2468"
                          VPOS="3438"
                          HPOS="3295"
                          CONTENT="pray lett mee have an invoyce of fait pack, viz. of the 13 cloathes as"/>
               </TextLine>
               <TextLine ID="region_1638966213051_7766l36"
                         BASELINE="3334,3702 3453,3696 3573,3693 3693,3690 3813,3686 3933,3684 4052,3682 4172,3680 4292,3678 4412,3678 4532,3676 4651,3676 4771,3674 4891,3674 5011,3674 5131,3672 5250,3672 5370,3672 5490,3672 5610,3670 5730,3670"
                         HEIGHT="169"
                         WIDTH="2426"
                         VPOS="3579"
                         HPOS="3318">
                  <String ID="string_region_1638966213051_7766l36"
                          HEIGHT="169"
                          WIDTH="2426"
                          VPOS="3579"
                          HPOS="3318"
                          CONTENT="they cost, with te wrapper, charges, of dracing &amp; and with the los"/>
               </TextLine>
               <TextLine ID="region_1638966213051_7766l37"
                         BASELINE="3334,3806 3455,3802 3577,3799 3699,3796 3821,3794 3943,3790 4064,3788 4186,3786 4308,3784 4430,3781 4552,3779 4673,3778 4795,3776 4917,3774 5039,3774 5161,3774 5282,3774 5404,3774 5526,3774 5648,3774 5770,3776"
                         HEIGHT="148"
                         WIDTH="2468"
                         VPOS="3694"
                         HPOS="3317">
                  <String ID="string_region_1638966213051_7766l37"
                          HEIGHT="148"
                          WIDTH="2468"
                          VPOS="3694"
                          HPOS="3317"
                          CONTENT="on the 3 mochx if anney, that so f may give you credit in one artiele"/>
               </TextLine>
               <TextLine ID="region_1638966213051_7766l38"
                         BASELINE="3330,3906 3452,3903 3575,3899 3698,3896 3821,3893 3944,3890 4066,3888 4189,3886 4312,3884 4435,3884 4558,3882 4680,3882 4803,3880 4926,3880 5049,3880 5172,3878 5294,3878 5417,3878 5540,3878 5663,3878 5786,3876"
                         HEIGHT="167"
                         WIDTH="2490"
                         VPOS="3781"
                         HPOS="3312">
                  <String ID="string_region_1638966213051_7766l38"
                          HEIGHT="167"
                          WIDTH="2490"
                          VPOS="3781"
                          HPOS="3312"
                          CONTENT="without to make mention, of the mockx obherwise, ship N.2 by"/>
               </TextLine>
               <TextLine ID="region_1638966213051_7766l39"
                         BASELINE="3344,4004 3466,3998 3588,3995 3710,3992 3832,3988 3955,3986 4077,3984 4199,3984 4321,3984 4443,3984 4566,3984 4688,3986 4810,3986 4932,3988 5054,3988 5177,3990 5299,3992 5421,3992 5543,3994 5665,3994 5788,3994"
                         HEIGHT="139"
                         WIDTH="2477"
                         VPOS="3925"
                         HPOS="3328">
                  <String ID="string_region_1638966213051_7766l39"
                          HEIGHT="139"
                          WIDTH="2477"
                          VPOS="3925"
                          HPOS="3328"
                          CONTENT="the first opportunitie of a convoye, &amp; send mee invoyce of the rest"/>
               </TextLine>
               <TextLine ID="region_1638966213051_7766l40"
                         BASELINE="3342,4118 3460,4118 3579,4116 3697,4114 3816,4112 3934,4110 4053,4108 4171,4106 4290,4104 4408,4101 4527,4100 4645,4098 4764,4096 4882,4096 5001,4096 5119,4096 5238,4096 5356,4098 5475,4100 5593,4104 5712,4108"
                         HEIGHT="163"
                         WIDTH="2401"
                         VPOS="4016"
                         HPOS="3325">
                  <String ID="string_region_1638966213051_7766l40"
                          HEIGHT="163"
                          WIDTH="2401"
                          VPOS="4016"
                          HPOS="3325"
                          CONTENT="you have bought for mee, that so I my remitt you accordingley "/>
               </TextLine>
               <TextLine ID="region_1638966213051_7766l41"
                         BASELINE="3352,4224 3476,4227 3601,4228 3726,4228 3850,4228 3975,4226 4100,4224 4224,4222 4349,4219 4474,4216 4599,4214 4723,4212 4848,4212 4973,4210 5097,4212 5222,4213 5347,4216 5471,4221 5596,4226 5721,4235 5846,4244"
                         HEIGHT="184"
                         WIDTH="2524"
                         VPOS="4110"
                         HPOS="3338">
                  <String ID="string_region_1638966213051_7766l41"
                          HEIGHT="184"
                          WIDTH="2524"
                          VPOS="4110"
                          HPOS="3338"
                          CONTENT="whilst inclosed you have £100 on John Hillers don procure the needfulle"/>
               </TextLine>
               <TextLine ID="region_1638966213051_7766l42"
                         BASELINE="3342,4330 3455,4330 3568,4330 3682,4328 3795,4328 3909,4326 4022,4324 4135,4322 4249,4320 4362,4318 4476,4316 4589,4314 4702,4312 4816,4310 4929,4308 5043,4308 5156,4308 5269,4308 5383,4308 5496,4310 5610,4312"
                         HEIGHT="119"
                         WIDTH="2301"
                         VPOS="4215"
                         HPOS="3326">
                  <String ID="string_region_1638966213051_7766l42"
                          HEIGHT="119"
                          WIDTH="2301"
                          VPOS="4215"
                          HPOS="3326"
                          CONTENT="&amp; advise mee what passes as to om. Vivian I am vere well"/>
               </TextLine>
            </TextBlock>
         </PrintSpace>
      </Page>
   </Layout>
</alto>
