7296 4514
564 162 142 107 n

2444 163 445 134 26 uary

341 153 1216 181 Amst geer & valer Rover

510 253 2521 197 In antwoort aen ue aengenaeme van 22 & 23 deser voor de ƒ30 soo voor

506 400 2482 121 preuro van assurantie als provisie, is ue gecrediteert goet lost dat

537 454 2480 149 convoij brnnen is, alle syne packen sijn daer mede gecommen, en over

565 599 2429 119 de ƒ400maet weirde meer dan ick hadde verwaght oock het

545 654 2526 195 pack N. 24 sulckx dat k alleenelijck gelieft t heeft t'esespe dieren

575 753 2409 180 N. 108 & 21 volgens  tselve hebbe genoteert, hopende die voorlede

566 855 2459 179 saturdach naer vergoude sullen sijn vertrocken, wegens de kerseyen

567 952 2467 186 wj hebbe voordesen die altijt voor dobbele aengegeven soo wel costij

581 1072 2465 155 als tot rotterdam, dat is van a 36 want ale geven aen gelijck ick

557 1159 2474 144 vermijne ue die voor desen hebt aengegeven, doch de liyst sprecht maer

570 1267 2419 156 engelse kerseyen wit het stucke lanck 15. a 16 a soodanige sijnder

549 1342 2370 185 noyt gemaeckt geweest. ick meende, dat in hollant, soo nan niet

552 1467 2507 148 wirt toegesien, ende gmen genoeghsaem conde volstaen met 3 paist

559 1584 2451 199 of 3 paert te verfwijgen, nu ick hope het pack N21 volgens ue dat

553 1670 2366 197 aengegeven hebt genoechsaem sal pafferen, waer wan t sinces

558 1770 2448 194 verwaghte teverstaen by mede t'arrivement van het convoiy

547 1858 2524 191 van londen midts oider gegeven hebbe toscken daer in te schepen

2639 1980 248 89 different

546 1983 2457 147 ue debiteert de provisie van assupantie p ende ander vrinde

539 2088 2549 137 van dese stadt woorden colt bedient a ½ in t'schrijven deser naer sende

545 2188 2492 189 de poliie, soo bevinde den selve qualijck te syn geexpliceert, ende niet

552 2301 2441 184 op rott maer op amst te sijn geassureert, questio, soo het rost

553 2416 2429 183 convoy waere verongelucht, ofte die afsurador het capitael soude

557 2533 428 123 wedergeven

2458 2610 375 141 26 may

333 2592 1115 238 Amtm geer & valer Rover

545 2721 2466 158 in antwoort op ue aengenaeme van 22 & 23 deser, het huls convoij was

527 2843 2426 179 god lof tot rotth. wel gearriveert, met alle myne packen ingesloten

516 2925 2473 196 renvoyere ue de police over de £200 geassureert de welke qualijck is

556 3028 2439 188 geexpliceert, alsoo daer in staet op amssl het welck op rotter. most

534 3150 2506 173 wesen, hier woort geordeelt, dat in cas van verlies den assurador met

523 3259 2518 180 soude geobligeert geweest hebben te betaelen, ende midts het voldoen

537 3355 2463 150 van resterno= pc hij sich moet vergenoegen, in plaets vandeu vollen

535 3452 2546 179 premio van 2p. wat ue mier in sal doen sal ten dancke aprobest

525 3548 2460 162 middeleitijt verhope myne 2 packen voorleden saturdach op ter gee

531 3684 2461 142 noch sullen sijn gespedicert, alsoo geen andere als N. 108 & 22p

515 3775 2562 173 costij waeren gelaeden, wegens het aengeven der kerseyen tot a 32 moiyne

526 3887 2462 143 den ordinairen cours is, nocht sijnde inde lyste gementioneert het

512 3972 2495 145 stuck a 15 a 16 de dobbele naer advenand sulckx de mijne voor 40

491 4073 2566 136 dobbe aengegeven op a 32 behoorden te passeren alhoewel sij, door

520 4151 2527 131 een bij de a 40 sijn ick meynde & is mjt wel verhaelt, dat men

3767 2597 1897 162 1p to N1 to be caset to the patt mixt with ancy whth

3144 2667 142 113 N

3683 2692 1969 195 I ssay a littte more white to then the patt. if to be had, or like

3174 2742 135 133 42

3706 2813 1204 170 the patt. att least of 14.. a 15 ƒ

3194 2856 148 148 3

3697 2913 670 140 ap d of 70 a 11 ƒt

3198 2966 328 145 48

3122 3011 1131 190 N.4 must be some  d. of 8 ƒ

3182 3092 947 190 whet morer ƒ3: t::11

3165 3112 1471 258 aus withred 1 sp to a2 of 9 a 10 ƒ

3685 3242 946 219 1 p t0:03 of t0 a 14 &

3689 3338 968 277 of 9 ƒt a 10 ƒt

3712 3439 1899 258 6p tobe sent p first added in other packes or as

3700 3655 435 145 hest Laubie
