<?xml version="1.0" encoding="UTF-8"?>
<alto xmlns:xsi="http://www.w3.org/2001/XMLSchema-instance"
      xmlns="http://www.loc.gov/standards/alto/ns-v4#"
      xmlns:page="http://schema.primaresearch.org/PAGE/gts/pagecontent/2013-07-15"
      xsi:schemaLocation="http://www.loc.gov/standards/alto/ns-v4# https://www.loc.gov/standards/alto/v4/alto.xsd">
   <Description>
      <MeasurementUnit>pixel</MeasurementUnit>
      <OCRProcessing ID="IdOcr">
         <ocrProcessingStep>
            <processingDateTime>2022-02-04T12:20:45.524+01:00</processingDateTime>
            <processingSoftware>
               <softwareCreator>READ COOP</softwareCreator>
               <softwareName>Transkribus</softwareName>
            </processingSoftware>
         </ocrProcessingStep>
      </OCRProcessing>
   </Description>
   <Layout>
      <Page ID="Page1" PHYSICAL_IMG_NR="1" HEIGHT="4500" WIDTH="7440">
         <TopMargin HEIGHT="0" WIDTH="7440" VPOS="0" HPOS="0"/>
         <LeftMargin HEIGHT="4500" WIDTH="0" VPOS="0" HPOS="0"/>
         <RightMargin HEIGHT="4500" WIDTH="0" VPOS="0" HPOS="7440"/>
         <BottomMargin HEIGHT="0" WIDTH="7440" VPOS="4500" HPOS="0"/>
         <PrintSpace HEIGHT="4500" WIDTH="7440" VPOS="0" HPOS="0">
            <TextBlock ID="region_1638966708427_8151"
                       HEIGHT="4235"
                       WIDTH="2689"
                       VPOS="148"
                       HPOS="433">
               <Shape>
                  <Polygon POINTS="433,148 3122,148 3122,4383 433,4383"/>
               </Shape>
               <TextLine ID="region_1638966708427_8151l1"
                         BASELINE="686,304 805,302 924,300 1043,299 1162,297 1281,294 1400,292 1519,288 1638,286 1757,284 1876,280 1995,278 2114,276 2233,274 2352,272 2471,270 2590,270 2709,268 2828,268 2947,269 3066,270"
                         HEIGHT="168"
                         WIDTH="2412"
                         VPOS="174"
                         HPOS="670">
                  <String ID="string_region_1638966708427_8151l1"
                          HEIGHT="168"
                          WIDTH="2412"
                          VPOS="174"
                          HPOS="670"
                          CONTENT="waer inne versoecke geen manquement van tijt d geschiede, laet"/>
               </TextLine>
               <TextLine ID="region_1638966708427_8151l2"
                         BASELINE="662,410 781,409 901,406 1021,404 1140,402 1260,398 1380,394 1499,390 1619,386 1739,383 1859,378 1978,374 2098,372 2218,368 2337,366 2457,364 2577,362 2696,360 2816,360 2936,360 3056,362"
                         HEIGHT="179"
                         WIDTH="2426"
                         VPOS="302"
                         HPOS="643">
                  <String ID="string_region_1638966708427_8151l2"
                          HEIGHT="179"
                          WIDTH="2426"
                          VPOS="302"
                          HPOS="643"
                          CONTENT="mij oock hebben mijne rekeninge van oncosten &amp; disponeert vande"/>
               </TextLine>
               <TextLine ID="region_1638966708427_8151l3"
                         BASELINE="664,516 697,515 730,513 763,511 796,509 829,506 862,505 895,502 928,502 961,499 994,497 1027,494 1060,492 1093,490 1126,489 1159,486 1192,486 1225,484 1258,484 1291,482 1324,482"
                         HEIGHT="166"
                         WIDTH="690"
                         VPOS="407"
                         HPOS="647">
                  <String ID="string_region_1638966708427_8151l3"
                          HEIGHT="166"
                          WIDTH="690"
                          VPOS="407"
                          HPOS="647"
                          CONTENT="weirde bljvende"/>
               </TextLine>
               <TextLine ID="region_1638966708427_8151l4"
                         BASELINE="2762,600 2788,602 2814,602 2840,602 2866,602 2892,602 2919,602 2945,602 2971,602 2997,602 3023,603 3050,604"
                         HEIGHT="172"
                         WIDTH="322"
                         VPOS="497"
                         HPOS="2745">
                  <String ID="string_region_1638966708427_8151l4"
                          HEIGHT="172"
                          WIDTH="322"
                          VPOS="497"
                          HPOS="2745"
                          CONTENT="11ber"/>
               </TextLine>
               <TextLine ID="region_1638966708427_8151l5"
                         BASELINE="488,676 545,666 603,658 660,652 718,646 776,642 833,638 891,634 948,632 1006,630 1064,629 1121,628 1179,626 1236,625 1294,623 1352,622 1409,620 1467,618 1524,614 1582,611 1640,606"
                         HEIGHT="226"
                         WIDTH="1190"
                         VPOS="497"
                         HPOS="465">
                  <String ID="string_region_1638966708427_8151l5"
                          HEIGHT="226"
                          WIDTH="1190"
                          VPOS="497"
                          HPOS="465"
                          CONTENT="Londen John Kent &amp; comp"/>
               </TextLine>
               <TextLine ID="region_1638966708427_8151l6"
                         BASELINE="664,758 785,754 906,751 1028,748 1149,746 1271,744 1392,741 1513,740 1635,738 1756,738 1878,738 1999,738 2120,738 2242,738 2363,738 2485,740 2606,742 2727,744 2849,746 2970,748 3092,752"
                         HEIGHT="235"
                         WIDTH="2457"
                         VPOS="583"
                         HPOS="649">
                  <String ID="string_region_1638966708427_8151l6"
                          HEIGHT="235"
                          WIDTH="2457"
                          VPOS="583"
                          HPOS="649"
                          CONTENT="sence my last of 8 curt receaved yours of 23 past the contents "/>
               </TextLine>
               <TextLine ID="region_1638966708427_8151l7"
                         BASELINE="704,880 821,874 939,870 1057,867 1175,864 1293,862 1410,860 1528,858 1646,858 1764,856 1882,856 1999,856 2117,856 2235,856 2353,856 2471,856 2588,854 2706,854 2824,852 2942,850 3060,848"
                         HEIGHT="184"
                         WIDTH="2386"
                         VPOS="749"
                         HPOS="689">
                  <String ID="string_region_1638966708427_8151l7"
                          HEIGHT="184"
                          WIDTH="2386"
                          VPOS="749"
                          HPOS="689"
                          CONTENT="is well, referringe you to my formar letters recommendinge "/>
               </TextLine>
               <TextLine ID="region_1638966708427_8151l8"
                         BASELINE="704,990 824,986 944,982 1065,978 1185,976 1306,974 1426,972 1546,971 1667,970 1787,970 1908,970 2028,970 2148,970 2269,970 2389,970 2510,970 2630,970 2750,970 2871,970 2991,968 3112,968"
                         HEIGHT="134"
                         WIDTH="2442"
                         VPOS="922"
                         HPOS="687">
                  <String ID="string_region_1638966708427_8151l8"
                          HEIGHT="134"
                          WIDTH="2442"
                          VPOS="922"
                          HPOS="687"
                          CONTENT="you the blew &amp; scarlett cloathes pray end cavour to have pure"/>
               </TextLine>
               <TextLine ID="region_1638966708427_8151l9"
                         BASELINE="690,1104 809,1100 929,1096 1048,1092 1168,1089 1287,1086 1407,1084 1526,1081 1646,1080 1765,1078 1885,1076 2004,1076 2124,1076 2243,1076 2363,1076 2482,1078 2602,1079 2721,1081 2841,1083 2960,1086 3080,1088"
                         HEIGHT="170"
                         WIDTH="2423"
                         VPOS="995"
                         HPOS="673">
                  <String ID="string_region_1638966708427_8151l9"
                          HEIGHT="170"
                          WIDTH="2423"
                          VPOS="995"
                          HPOS="673"
                          CONTENT="good cloathes, &amp; give rather a shillinge more, uison a geerd, then"/>
               </TextLine>
               <TextLine ID="region_1638966708427_8151l10"
                         BASELINE="636,1226 757,1217 879,1210 1001,1203 1123,1198 1245,1194 1366,1190 1488,1188 1610,1186 1732,1186 1854,1184 1975,1184 2097,1184 2219,1184 2341,1186 2463,1186 2584,1186 2706,1186 2828,1188 2950,1188 3072,1186"
                         HEIGHT="168"
                         WIDTH="2466"
                         VPOS="1107"
                         HPOS="619">
                  <String ID="string_region_1638966708427_8151l10"
                          HEIGHT="168"
                          WIDTH="2466"
                          VPOS="1107"
                          HPOS="619"
                          CONTENT="I limited. some stokinges will kee brought to you for mee lett"/>
               </TextLine>
               <TextLine ID="region_1638966708427_8151l11"
                         BASELINE="1570,1238 1609,1236 1648,1235 1687,1234 1726,1233 1766,1232 1805,1232 1844,1234 1883,1234 1922,1234 1962,1236 2001,1236 2040,1238 2079,1238 2118,1240 2158,1240 2197,1242 2236,1242 2275,1242 2314,1242 2354,1240"
                         HEIGHT="104"
                         WIDTH="817"
                         VPOS="1166"
                         HPOS="1554">
                  <String ID="string_region_1638966708427_8151l11"
                          HEIGHT="104"
                          WIDTH="817"
                          VPOS="1166"
                          HPOS="1554"
                          CONTENT="2 packes of, i1 packthe has"/>
               </TextLine>
               <TextLine ID="region_1638966708427_8151l12"
                         BASELINE="688,1320 809,1316 930,1313 1051,1310 1173,1306 1294,1303 1415,1300 1537,1298 1658,1296 1779,1294 1901,1294 2022,1292 2143,1292 2264,1292 2386,1292 2507,1294 2628,1296 2750,1298 2871,1302 2992,1306 3114,1310"
                         HEIGHT="202"
                         WIDTH="2458"
                         VPOS="1165"
                         HPOS="673">
                  <String ID="string_region_1638966708427_8151l12"
                          HEIGHT="202"
                          WIDTH="2458"
                          VPOS="1165"
                          HPOS="673"
                          CONTENT="them bee packed in the cottons, I have remittes you p ceurs £219„"/>
               </TextLine>
               <TextLine ID="region_1638966708427_8151l13"
                         BASELINE="698,1422 814,1422 931,1422 1048,1420 1165,1419 1282,1418 1398,1416 1515,1414 1632,1412 1749,1409 1866,1408 1982,1406 2099,1404 2216,1404 2333,1402 2450,1402 2566,1404 2683,1405 2800,1408 2917,1410 3034,1414"
                         HEIGHT="194"
                         WIDTH="2368"
                         VPOS="1307"
                         HPOS="683">
                  <String ID="string_region_1638966708427_8151l13"
                          HEIGHT="194"
                          WIDTH="2368"
                          VPOS="1307"
                          HPOS="683"
                          CONTENT="pence on m. christop batt, butt where as hee remittes mee sayd"/>
               </TextLine>
               <TextLine ID="region_1638966708427_8151l14"
                         BASELINE="714,1538 830,1534 947,1530 1064,1526 1181,1524 1298,1521 1414,1518 1531,1516 1648,1514 1765,1514 1882,1512 1998,1512 2115,1512 2232,1512 2349,1512 2466,1514 2582,1514 2699,1516 2816,1518 2933,1520 3050,1522"
                         HEIGHT="164"
                         WIDTH="2366"
                         VPOS="1413"
                         HPOS="698">
                  <String ID="string_region_1638966708427_8151l14"
                          HEIGHT="164"
                          WIDTH="2366"
                          VPOS="1413"
                          HPOS="698"
                          CONTENT="valleuwe in your owne bills of 26 past on wellens &amp; sadelaer, so"/>
               </TextLine>
               <TextLine ID="region_1638966708427_8151l15"
                         BASELINE="690,1648 809,1644 929,1638 1049,1634 1169,1632 1289,1628 1409,1626 1529,1624 1649,1624 1769,1622 1889,1622 2008,1622 2128,1622 2248,1622 2368,1622 2488,1622 2608,1622 2728,1624 2848,1624 2968,1624 3088,1624"
                         HEIGHT="148"
                         WIDTH="2429"
                         VPOS="1523"
                         HPOS="675">
                  <String ID="string_region_1638966708427_8151l15"
                          HEIGHT="148"
                          WIDTH="2429"
                          VPOS="1523"
                          HPOS="675"
                          CONTENT="hee shall not accept my bill, hopeinge you have not caused to bee "/>
               </TextLine>
               <TextLine ID="region_1638966708427_8151l16"
                         BASELINE="2510,1686 2550,1682"
                         HEIGHT="83"
                         WIDTH="76"
                         VPOS="1624"
                         HPOS="2490">
                  <String ID="string_region_1638966708427_8151l16"
                          HEIGHT="83"
                          WIDTH="76"
                          VPOS="1624"
                          HPOS="2490"
                          CONTENT="ob"/>
               </TextLine>
               <TextLine ID="region_1638966708427_8151l17"
                         BASELINE="694,1758 812,1753 930,1749 1048,1746 1166,1742 1285,1740 1403,1738 1521,1738 1639,1738 1757,1736 1876,1736 1994,1736 2112,1738 2230,1738 2348,1738 2467,1738 2585,1738 2703,1737 2821,1736 2939,1734 3058,1732"
                         HEIGHT="187"
                         WIDTH="2398"
                         VPOS="1644"
                         HPOS="677">
                  <String ID="string_region_1638966708427_8151l17"
                          HEIGHT="187"
                          WIDTH="2398"
                          VPOS="1644"
                          HPOS="677"
                          CONTENT="protested, so as I desire you never to doe, with my  bills except"/>
               </TextLine>
               <TextLine ID="region_1638966708427_8151l18"
                         BASELINE="718,1866 836,1863 954,1859 1073,1856 1191,1854 1310,1852 1428,1850 1546,1850 1665,1848 1783,1848 1902,1848 2020,1848 2138,1850 2257,1850 2375,1850 2494,1852 2612,1853 2730,1854 2849,1856 2967,1858 3086,1858"
                         HEIGHT="153"
                         WIDTH="2398"
                         VPOS="1780"
                         HPOS="703">
                  <String ID="string_region_1638966708427_8151l18"
                          HEIGHT="153"
                          WIDTH="2398"
                          VPOS="1780"
                          HPOS="703"
                          CONTENT="I order itt expressely &amp; where as the correspondent of my cosen Elias"/>
               </TextLine>
               <TextLine ID="region_1638966708427_8151l19"
                         BASELINE="694,1982 810,1978 926,1973 1043,1970 1159,1968 1276,1966 1392,1964 1508,1964 1625,1964 1741,1964 1858,1964 1974,1966 2090,1966 2207,1966 2323,1966 2440,1966 2556,1966 2672,1966 2789,1964 2905,1961 3022,1958"
                         HEIGHT="203"
                         WIDTH="2361"
                         VPOS="1851"
                         HPOS="678">
                  <String ID="string_region_1638966708427_8151l19"
                          HEIGHT="203"
                          WIDTH="2361"
                          VPOS="1851"
                          HPOS="678"
                          CONTENT="opgry clen James chrichtoun, leath remitted him also hee shall"/>
               </TextLine>
               <TextLine ID="region_1638966708427_8151l20"
                         BASELINE="690,2104 807,2099 924,2094 1041,2092 1158,2088 1276,2086 1393,2084 1510,2082 1627,2080 1744,2080 1862,2078 1979,2078 2096,2078 2213,2076 2330,2076 2448,2076 2565,2074 2682,2072 2799,2072 2916,2069 3034,2066"
                         HEIGHT="184"
                         WIDTH="2376"
                         VPOS="1973"
                         HPOS="672">
                  <String ID="string_region_1638966708427_8151l20"
                          HEIGHT="184"
                          WIDTH="2376"
                          VPOS="1973"
                          HPOS="672"
                          CONTENT="not accept his 2 bills of £60 &amp; £57:19 ƒ as I have writt you"/>
               </TextLine>
               <TextLine ID="region_1638966708427_8151l21"
                         BASELINE="704,2212 821,2210 939,2206 1057,2203 1175,2200 1293,2198 1410,2194 1528,2192 1646,2190 1764,2188 1882,2188 1999,2186 2117,2186 2235,2186 2353,2186 2471,2186 2588,2186 2706,2188 2824,2190 2942,2192 3060,2194"
                         HEIGHT="207"
                         WIDTH="2389"
                         VPOS="2069"
                         HPOS="688">
                  <String ID="string_region_1638966708427_8151l21"
                          HEIGHT="207"
                          WIDTH="2389"
                          VPOS="2069"
                          HPOS="688"
                          CONTENT="pr. mij last, &amp; which are addressed to you for acceptance, the first"/>
               </TextLine>
               <TextLine ID="region_1638966708427_8151l22"
                         BASELINE="688,2324 804,2321 920,2318 1036,2314 1152,2312 1269,2309 1385,2306 1501,2304 1617,2302 1733,2300 1850,2298 1966,2298 2082,2296 2198,2296 2314,2294 2431,2294 2547,2294 2663,2294 2779,2295 2895,2296 3012,2296"
                         HEIGHT="167"
                         WIDTH="2353"
                         VPOS="2201"
                         HPOS="672">
                  <String ID="string_region_1638966708427_8151l22"
                          HEIGHT="167"
                          WIDTH="2353"
                          VPOS="2201"
                          HPOS="672"
                          CONTENT="bills are blowne up, with the packett boad, so I exspect, you"/>
               </TextLine>
               <TextLine ID="region_1638966708427_8151l23"
                         BASELINE="712,2428 831,2426 950,2426 1069,2424 1188,2422 1308,2420 1427,2418 1546,2416 1665,2414 1784,2412 1904,2412 2023,2410 2142,2410 2261,2410 2380,2410 2500,2410 2619,2412 2738,2414 2857,2416 2976,2419 3096,2424"
                         HEIGHT="184"
                         WIDTH="2413"
                         VPOS="2323"
                         HPOS="697">
                  <String ID="string_region_1638966708427_8151l23"
                          HEIGHT="184"
                          WIDTH="2413"
                          VPOS="2323"
                          HPOS="697"
                          CONTENT="shall accept the seconds. I should make some correspondencie, with "/>
               </TextLine>
               <TextLine ID="region_1638966708427_8151l24"
                         BASELINE="718,2546 836,2542 955,2538 1074,2536 1193,2534 1312,2532 1431,2530 1550,2530 1669,2528 1788,2528 1907,2528 2025,2526 2144,2526 2263,2526 2382,2526 2501,2524 2620,2524 2739,2522 2858,2522 2977,2520 3096,2518"
                         HEIGHT="164"
                         WIDTH="2409"
                         VPOS="2426"
                         HPOS="703">
                  <String ID="string_region_1638966708427_8151l24"
                          HEIGHT="164"
                          WIDTH="2409"
                          VPOS="2426"
                          HPOS="703"
                          CONTENT="onexfamuel blewitt of london, pray lett mee bee informed, if I may"/>
               </TextLine>
               <TextLine ID="region_1638966708427_8151l25"
                         BASELINE="706,2654 820,2654 935,2654 1049,2652 1164,2652 1279,2652 1393,2651 1508,2650 1622,2650 1737,2650 1852,2650 1966,2648 2081,2648 2195,2646 2310,2646 2425,2644 2539,2644 2654,2642 2768,2640 2883,2637 2998,2634"
                         HEIGHT="208"
                         WIDTH="2323"
                         VPOS="2515"
                         HPOS="691">
                  <String ID="string_region_1638966708427_8151l25"
                          HEIGHT="208"
                          WIDTH="2323"
                          VPOS="2515"
                          HPOS="691"
                          CONTENT="secureley trust him for 2 a £300- which is the needful att"/>
               </TextLine>
               <TextLine ID="region_1638966708427_8151l26"
                         BASELINE="2216,2736 2241,2734 2267,2732 2293,2731 2319,2730 2345,2730 2371,2729 2397,2728 2422,2728 2448,2728 2474,2728 2500,2728 2526,2728 2552,2728 2578,2726"
                         HEIGHT="171"
                         WIDTH="396"
                         VPOS="2635"
                         HPOS="2199">
                  <String ID="string_region_1638966708427_8151l26"
                          HEIGHT="171"
                          WIDTH="396"
                          VPOS="2635"
                          HPOS="2199"
                          CONTENT="Spectaeles"/>
               </TextLine>
               <TextLine ID="region_1638966708427_8151l27"
                         BASELINE="732,2772 759,2774 786,2774 814,2774 841,2774 869,2773 896,2772 923,2771 951,2770 978,2769 1006,2766 1033,2766 1060,2763 1088,2762 1115,2762 1143,2760 1170,2760 1197,2758 1225,2758 1252,2758 1280,2758"
                         HEIGHT="200"
                         WIDTH="581"
                         VPOS="2648"
                         HPOS="716">
                  <String ID="string_region_1638966708427_8151l27"
                          HEIGHT="200"
                          WIDTH="581"
                          VPOS="2648"
                          HPOS="716"
                          CONTENT="present from"/>
               </TextLine>
               <TextLine ID="region_1638966708427_8151l28"
                         BASELINE="2742,2866 2769,2868 2796,2870 2823,2870 2851,2868 2878,2868 2905,2866 2932,2866 2960,2868"
                         HEIGHT="232"
                         WIDTH="249"
                         VPOS="2712"
                         HPOS="2726">
                  <String ID="string_region_1638966708427_8151l28"
                          HEIGHT="232"
                          WIDTH="249"
                          VPOS="2712"
                          HPOS="2726"
                          CONTENT="14d."/>
               </TextLine>
               <TextLine ID="region_1638966708427_8151l29"
                         BASELINE="510,2962 585,2955 660,2948 735,2942 811,2934 886,2928 961,2923 1037,2918 1112,2915 1187,2910 1263,2906 1338,2904 1413,2900 1488,2897 1564,2894 1639,2892 1714,2888 1790,2887 1865,2885 1940,2884 2016,2882"
                         HEIGHT="261"
                         WIDTH="1548"
                         VPOS="2762"
                         HPOS="485">
                  <String ID="string_region_1638966708427_8151l29"
                          HEIGHT="261"
                          WIDTH="1548"
                          VPOS="2762"
                          HPOS="485"
                          CONTENT="London Beniamin gijles &amp; als op"/>
               </TextLine>
               <TextLine ID="region_1638966708427_8151l30"
                         BASELINE="690,3050 811,3046 932,3040 1054,3036 1175,3031 1297,3027 1418,3024 1539,3022 1661,3020 1782,3018 1904,3016 2025,3016 2146,3014 2268,3014 2389,3014 2511,3015 2632,3016 2753,3016 2875,3018 2996,3018 3118,3020"
                         HEIGHT="205"
                         WIDTH="2461"
                         VPOS="2895"
                         HPOS="673">
                  <String ID="string_region_1638966708427_8151l30"
                          HEIGHT="205"
                          WIDTH="2461"
                          VPOS="2895"
                          HPOS="673"
                          CONTENT="I have before mee yours of 23 past, with a bill for £150 st a 34:2"/>
               </TextLine>
               <TextLine ID="region_1638966708427_8151l31"
                         BASELINE="672,3160 789,3155 907,3150 1024,3146 1142,3142 1259,3140 1377,3138 1494,3136 1612,3134 1729,3134 1847,3134 1964,3132 2082,3132 2199,3132 2317,3132 2434,3132 2552,3132 2669,3130 2787,3130 2904,3128 3022,3126"
                         HEIGHT="197"
                         WIDTH="2382"
                         VPOS="3017"
                         HPOS="655">
                  <String ID="string_region_1638966708427_8151l31"
                          HEIGHT="197"
                          WIDTH="2382"
                          VPOS="3017"
                          HPOS="655"
                          CONTENT="son cornelius &amp; indonus van diest, which is accepted &amp; shall bee"/>
               </TextLine>
               <TextLine ID="region_1638966708427_8151l32"
                         BASELINE="700,3268 818,3264 936,3260 1054,3256 1172,3254 1291,3252 1409,3250 1527,3248 1645,3248 1763,3246 1882,3246 2000,3246 2118,3244 2236,3244 2354,3244 2473,3242 2591,3240 2709,3238 2827,3236 2945,3234 3064,3232"
                         HEIGHT="176"
                         WIDTH="2399"
                         VPOS="3149"
                         HPOS="682">
                  <String ID="string_region_1638966708427_8151l32"
                          HEIGHT="176"
                          WIDTH="2399"
                          VPOS="3149"
                          HPOS="682"
                          CONTENT="plased to your accompt. Jacobvan Herentals is to bee blamed for "/>
               </TextLine>
               <TextLine ID="region_1638966708427_8151l33"
                         BASELINE="724,3376 842,3372 960,3368 1078,3366 1196,3364 1315,3362 1433,3362 1551,3360 1669,3359 1787,3358 1906,3358 2024,3356 2142,3356 2260,3356 2378,3354 2497,3354 2615,3354 2733,3352 2851,3351 2969,3350 3088,3348"
                         HEIGHT="177"
                         WIDTH="2395"
                         VPOS="3250"
                         HPOS="709">
                  <String ID="string_region_1638966708427_8151l33"
                          HEIGHT="177"
                          WIDTH="2395"
                          VPOS="3250"
                          HPOS="709"
                          CONTENT="his neglectinge the last convoije, butt itt seemes hee could not"/>
               </TextLine>
               <TextLine ID="region_1638966708427_8151l34"
                         BASELINE="720,3492 833,3488 946,3484 1059,3480 1172,3476 1286,3474 1399,3472 1512,3470 1625,3468 1738,3468 1852,3466 1965,3466 2078,3464 2191,3464 2304,3464 2418,3463 2531,3462 2644,3462 2757,3460 2870,3458 2984,3456"
                         HEIGHT="170"
                         WIDTH="2296"
                         VPOS="3363"
                         HPOS="703">
                  <String ID="string_region_1638966708427_8151l34"
                          HEIGHT="170"
                          WIDTH="2296"
                          VPOS="3363"
                          HPOS="703"
                          CONTENT="helpeitt, because his vessel weer is richseley loaden, &amp; hee"/>
               </TextLine>
               <TextLine ID="region_1638966708427_8151l35"
                         BASELINE="700,3614 820,3608 940,3602 1061,3597 1181,3593 1302,3588 1422,3586 1542,3582 1663,3580 1783,3577 1904,3574 2024,3574 2144,3572 2265,3572 2385,3572 2506,3572 2626,3574 2746,3574 2867,3576 2987,3578 3108,3580"
                         HEIGHT="143"
                         WIDTH="2440"
                         VPOS="3466"
                         HPOS="683">
                  <String ID="string_region_1638966708427_8151l35"
                          HEIGHT="143"
                          WIDTH="2440"
                          VPOS="3466"
                          HPOS="683"
                          CONTENT="deared not goe from gand to bridges without a convoije for which"/>
               </TextLine>
               <TextLine ID="region_1638966708427_8151l36"
                         BASELINE="2594,3626 2621,3628 2648,3628 2675,3628 2702,3626 2729,3626 2756,3625 2783,3624 2810,3624 2838,3622"
                         HEIGHT="105"
                         WIDTH="276"
                         VPOS="3551"
                         HPOS="2579">
                  <String ID="string_region_1638966708427_8151l36"
                          HEIGHT="105"
                          WIDTH="276"
                          VPOS="3551"
                          HPOS="2579"
                          CONTENT="att ostend"/>
               </TextLine>
               <TextLine ID="region_1638966708427_8151l37"
                         BASELINE="708,3720 827,3715 947,3710 1066,3706 1186,3701 1306,3697 1425,3693 1545,3690 1664,3686 1784,3682 1904,3680 2023,3678 2143,3676 2262,3676 2382,3676 2502,3676 2621,3678 2741,3682 2860,3685 2980,3690 3100,3696"
                         HEIGHT="157"
                         WIDTH="2423"
                         VPOS="3606"
                         HPOS="690">
                  <String ID="string_region_1638966708427_8151l37"
                          HEIGHT="157"
                          WIDTH="2423"
                          VPOS="3606"
                          HPOS="690"
                          CONTENT="hee was forsed to stay so longe that the convoje gott att Rea"/>
               </TextLine>
               <TextLine ID="region_1638966708427_8151l38"
                         BASELINE="732,3824 848,3819 965,3815 1081,3810 1198,3806 1315,3802 1431,3799 1548,3796 1664,3792 1781,3790 1898,3787 2014,3785 2131,3783 2247,3782 2364,3780 2481,3778 2597,3778 2714,3778 2830,3778 2947,3778 3064,3778"
                         HEIGHT="166"
                         WIDTH="2365"
                         VPOS="3682"
                         HPOS="715">
                  <String ID="string_region_1638966708427_8151l38"
                          HEIGHT="166"
                          WIDTH="2365"
                          VPOS="3682"
                          HPOS="715"
                          CONTENT="now the admiralyty of flandres have promised a convoy for"/>
               </TextLine>
               <TextLine ID="region_1638966708427_8151l39"
                         BASELINE="738,3926 855,3920 973,3915 1091,3910 1209,3906 1327,3903 1445,3900 1563,3898 1681,3895 1799,3894 1917,3892 2034,3890 2152,3890 2270,3888 2388,3888 2506,3888 2624,3888 2742,3888 2860,3888 2978,3888 3096,3888"
                         HEIGHT="170"
                         WIDTH="2392"
                         VPOS="3808"
                         HPOS="720">
                  <String ID="string_region_1638966708427_8151l39"
                          HEIGHT="170"
                          WIDTH="2392"
                          VPOS="3808"
                          HPOS="720"
                          CONTENT="london montheley, so I wish these 2 packes ou soon with you"/>
               </TextLine>
               <TextLine ID="region_1638966708427_8151l40"
                         BASELINE="716,4032 835,4026 955,4021 1074,4016 1194,4012 1314,4008 1433,4004 1553,4001 1672,3998 1792,3996 1912,3994 2031,3994 2151,3994 2270,3992 2390,3994 2510,3994 2629,3994 2749,3996 2868,3998 2988,4000 3108,4002"
                         HEIGHT="207"
                         WIDTH="2422"
                         VPOS="3874"
                         HPOS="701">
                  <String ID="string_region_1638966708427_8151l40"
                          HEIGHT="207"
                          WIDTH="2422"
                          VPOS="3874"
                          HPOS="701"
                          CONTENT="&amp; shall excep exspect from you to know, how you finde them, "/>
               </TextLine>
               <TextLine ID="region_1638966708427_8151l41"
                         BASELINE="740,4134 850,4129 961,4125 1072,4121 1183,4118 1294,4115 1404,4114 1515,4111 1626,4110 1737,4108 1848,4108 1958,4108 2069,4107 2180,4106 2291,4106 2402,4106 2512,4106 2623,4106 2734,4106 2845,4106 2956,4106"
                         HEIGHT="175"
                         WIDTH="2248"
                         VPOS="3991"
                         HPOS="724">
                  <String ID="string_region_1638966708427_8151l41"
                          HEIGHT="175"
                          WIDTH="2248"
                          VPOS="3991"
                          HPOS="724"
                          CONTENT="&amp; which way of packinge you like best for I inbende to"/>
               </TextLine>
               <TextLine ID="region_1638966708427_8151l42"
                         BASELINE="728,4238 846,4234 965,4232 1084,4228 1203,4226 1322,4223 1440,4220 1559,4218 1678,4216 1797,4214 1916,4214 2034,4212 2153,4212 2272,4210 2391,4210 2510,4210 2628,4210 2747,4211 2866,4212 2985,4214 3104,4214"
                         HEIGHT="187"
                         WIDTH="2408"
                         VPOS="4120"
                         HPOS="711">
                  <String ID="string_region_1638966708427_8151l42"
                          HEIGHT="187"
                          WIDTH="2408"
                          VPOS="4120"
                          HPOS="711"
                          CONTENT="fournich you with that commoditie for your, or ocuver coimd"/>
               </TextLine>
               <TextLine ID="region_1638966708427_8151l43"
                         BASELINE="740,4346 857,4340 975,4335 1093,4330 1211,4326 1329,4323 1446,4320 1564,4317 1682,4315 1800,4314 1918,4312 2035,4310 2153,4310 2271,4308 2389,4308 2507,4308 2624,4308 2742,4308 2860,4307 2978,4306 3096,4306"
                         HEIGHT="144"
                         WIDTH="2388"
                         VPOS="4220"
                         HPOS="723">
                  <String ID="string_region_1638966708427_8151l43"
                          HEIGHT="144"
                          WIDTH="2388"
                          VPOS="4220"
                          HPOS="723"
                          CONTENT="accompt, if you pleasep I have told you, the realon, way"/>
               </TextLine>
            </TextBlock>
            <TextBlock ID="region_1638966712131_8154"
                       HEIGHT="3986"
                       WIDTH="2711"
                       VPOS="140"
                       HPOS="3158">
               <Shape>
                  <Polygon POINTS="3158,140 5869,140 5869,4126 3158,4126"/>
               </Shape>
               <TextLine ID="region_1638966712131_8154l1"
                         BASELINE="3364,260 3487,252 3611,244 3734,240 3858,236 3982,232 4105,230 4229,228 4352,228 4476,228 4600,228 4723,230 4847,232 4970,234 5094,236 5218,239 5341,242 5465,245 5588,248 5712,250 5836,254"
                         HEIGHT="140"
                         WIDTH="2504"
                         VPOS="166"
                         HPOS="3348">
                  <String ID="string_region_1638966712131_8154l1"
                          HEIGHT="140"
                          WIDTH="2504"
                          VPOS="166"
                          HPOS="3348"
                          CONTENT="I can demand no woolles goods, as yett, cottons tsell non except"/>
               </TextLine>
               <TextLine ID="region_1638966712131_8154l2"
                         BASELINE="3334,352 3458,346 3583,342 3707,338 3832,336 3956,334 4081,332 4205,332 4330,332 4454,332 4579,334 4703,334 4828,336 4952,338 5077,340 5201,342 5326,344 5450,346 5575,348 5699,350 5824,350"
                         HEIGHT="177"
                         WIDTH="2520"
                         VPOS="257"
                         HPOS="3319">
                  <String ID="string_region_1638966712131_8154l2"
                          HEIGHT="177"
                          WIDTH="2520"
                          VPOS="257"
                          HPOS="3319"
                          CONTENT="wrappers, that come about the packes, where in I can further serve"/>
               </TextLine>
               <TextLine ID="region_1638966712131_8154l3"
                         BASELINE="3350,460 3400,457 3451,454 3501,450 3552,448 3603,446 3653,444 3704,442 3754,440 3805,438 3856,437 3906,436 3957,434 4007,434 4058,432 4109,431 4159,430 4210,429 4260,428 4311,427 4362,426"
                         HEIGHT="191"
                         WIDTH="1043"
                         VPOS="341"
                         HPOS="3331">
                  <String ID="string_region_1638966712131_8154l3"
                          HEIGHT="191"
                          WIDTH="1043"
                          VPOS="341"
                          HPOS="3331"
                          CONTENT="you freely command I rest"/>
               </TextLine>
               <TextLine ID="region_1638966712131_8154l4"
                         BASELINE="3208,616 3256,610 3304,604 3353,599 3401,593 3450,588 3498,581 3546,577 3595,571 3643,566 3692,560 3740,555 3788,552 3837,547 3885,543 3934,538 3982,536 4030,534 4079,532 4127,530 4176,530"
                         HEIGHT="209"
                         WIDTH="1010"
                         VPOS="437"
                         HPOS="3182">
                  <String ID="string_region_1638966712131_8154l4"
                          HEIGHT="209"
                          WIDTH="1010"
                          VPOS="437"
                          HPOS="3182"
                          CONTENT="Londen Jamuel blewilt"/>
               </TextLine>
               <TextLine ID="region_1638966712131_8154l5"
                         BASELINE="3352,688 3476,673 3600,661 3724,648 3848,638 3973,631 4097,622 4221,617 4345,612 4469,608 4594,604 4718,600 4842,598 4966,596 5090,594 5215,592 5339,590 5463,586 5587,584 5711,580 5836,576"
                         HEIGHT="312"
                         WIDTH="2522"
                         VPOS="444"
                         HPOS="3333">
                  <String ID="string_region_1638966712131_8154l5"
                          HEIGHT="312"
                          WIDTH="2522"
                          VPOS="444"
                          HPOS="3333"
                          CONTENT=" have yours of 23 past, with a bill of tl £100 a 34:2 att o br"/>
               </TextLine>
               <TextLine ID="region_1638966712131_8154l6"
                         BASELINE="3328,776 3450,767 3573,757 3696,748 3819,740 3942,734 4064,727 4187,720 4310,714 4433,708 4556,704 4678,700 4801,696 4924,694 5047,692 5170,690 5292,688 5415,688 5538,688 5661,688 5784,690"
                         HEIGHT="220"
                         WIDTH="2489"
                         VPOS="586"
                         HPOS="3311">
                  <String ID="string_region_1638966712131_8154l6"
                          HEIGHT="220"
                          WIDTH="2489"
                          VPOS="586"
                          HPOS="3311"
                          CONTENT="charge of Joachin de sadelaer oft gand, which I have sent for acceptance"/>
               </TextLine>
               <TextLine ID="region_1638966712131_8154l7"
                         BASELINE="3376,856 3497,850 3618,845 3739,840 3860,835 3982,830 4103,824 4224,820 4345,816 4466,812 4588,808 4709,805 4830,802 4951,798 5072,796 5194,793 5315,790 5436,788 5557,786 5678,786 5800,784"
                         HEIGHT="177"
                         WIDTH="2457"
                         VPOS="701"
                         HPOS="3359">
                  <String ID="string_region_1638966712131_8154l7"
                          HEIGHT="177"
                          WIDTH="2457"
                          VPOS="701"
                          HPOS="3359"
                          CONTENT="sayd sadelaer is a man, of vere good credit &amp; reputacion, so that I doe not"/>
               </TextLine>
               <TextLine ID="region_1638966712131_8154l8"
                         BASELINE="3354,962 3475,956 3597,948 3718,942 3840,934 3961,929 4083,924 4204,918 4326,914 4447,909 4569,906 4690,902 4812,899 4933,897 5055,895 5176,894 5298,892 5419,892 5541,892 5662,892 5784,894"
                         HEIGHT="199"
                         WIDTH="2464"
                         VPOS="799"
                         HPOS="3335">
                  <String ID="string_region_1638966712131_8154l8"
                          HEIGHT="199"
                          WIDTH="2464"
                          VPOS="799"
                          HPOS="3335"
                          CONTENT="in the least doubt of the punctuall payemend when accepted, there by"/>
               </TextLine>
               <TextLine ID="region_1638966712131_8154l9"
                         BASELINE="3346,1072 3469,1063 3593,1054 3716,1045 3840,1039 3963,1033 4087,1026 4210,1022 4334,1018 4457,1014 4581,1010 4704,1006 4828,1004 4951,1002 5075,998 5198,996 5322,994 5445,992 5569,988 5692,986 5816,984"
                         HEIGHT="258"
                         WIDTH="2502"
                         VPOS="891"
                         HPOS="3330">
                  <String ID="string_region_1638966712131_8154l9"
                          HEIGHT="258"
                          WIDTH="2502"
                          VPOS="891"
                          HPOS="3330"
                          CONTENT="I Kknow the drawer, to bee avere habell man, so that that monney is as good"/>
               </TextLine>
               <TextLine ID="region_1638966712131_8154l10"
                         BASELINE="3340,1180 3464,1167 3589,1156 3713,1146 3838,1137 3962,1130 4087,1126 4211,1120 4336,1115 4460,1112 4585,1109 4709,1106 4834,1104 4958,1102 5083,1100 5207,1098 5332,1096 5456,1094 5581,1090 5705,1088 5830,1082"
                         HEIGHT="202"
                         WIDTH="2524"
                         VPOS="995"
                         HPOS="3324">
                  <String ID="string_region_1638966712131_8154l10"
                          HEIGHT="202"
                          WIDTH="2524"
                          VPOS="995"
                          HPOS="3324"
                          CONTENT="as in cash to my opinion, I shall provide the tykes you order &amp; forward them"/>
               </TextLine>
               <TextLine ID="region_1638966712131_8154l11"
                         BASELINE="3354,1276 3477,1271 3601,1264 3725,1258 3848,1251 3972,1245 4096,1240 4219,1236 4343,1230 4467,1226 4591,1222 4714,1218 4838,1214 4962,1210 5085,1206 5209,1204 5333,1200 5456,1197 5580,1194 5704,1191 5828,1188"
                         HEIGHT="245"
                         WIDTH="2508"
                         VPOS="1095"
                         HPOS="3337">
                  <String ID="string_region_1638966712131_8154l11"
                          HEIGHT="245"
                          WIDTH="2508"
                          VPOS="1095"
                          HPOS="3337"
                          CONTENT="by the first opportunitie, whe here is the vessel of marten John son in loadinge"/>
               </TextLine>
               <TextLine ID="region_1638966712131_8154l12"
                         BASELINE="3348,1392 3467,1383 3587,1374 3707,1368 3827,1360 3947,1354 4066,1348 4186,1342 4306,1338 4426,1332 4546,1328 4665,1325 4785,1320 4905,1318 5025,1314 5145,1311 5264,1308 5384,1304 5504,1302 5624,1299 5744,1296"
                         HEIGHT="257"
                         WIDTH="2426"
                         VPOS="1206"
                         HPOS="3329">
                  <String ID="string_region_1638966712131_8154l12"
                          HEIGHT="257"
                          WIDTH="2426"
                          VPOS="1206"
                          HPOS="3329"
                          CONTENT="for londen, partes this week, if I can, shall endeavour to send hem with"/>
               </TextLine>
               <TextLine ID="region_1638966712131_8154l13"
                         BASELINE="3356,1494 3428,1490 3500,1484 3572,1479 3645,1474 3717,1468 3789,1464 3862,1458 3934,1454 4006,1450 4079,1444 4151,1440 4223,1437 4295,1432 4368,1428 4440,1426 4512,1423 4585,1420 4657,1418 4729,1416 4802,1414"
                         HEIGHT="209"
                         WIDTH="1476"
                         VPOS="1343"
                         HPOS="3338">
                  <String ID="string_region_1638966712131_8154l13"
                          HEIGHT="209"
                          WIDTH="1476"
                          VPOS="1343"
                          HPOS="3338"
                          CONTENT="him, &amp; advise you what passes, whils t I rest"/>
               </TextLine>
               <TextLine ID="region_1638966712131_8154l14"
                         BASELINE="5580,1496 5608,1499 5636,1500 5664,1498 5692,1498 5720,1498"
                         HEIGHT="175"
                         WIDTH="172"
                         VPOS="1386"
                         HPOS="5563">
                  <String ID="string_region_1638966712131_8154l14"
                          HEIGHT="175"
                          WIDTH="172"
                          VPOS="1386"
                          HPOS="5563"
                          CONTENT="11d"/>
               </TextLine>
               <TextLine ID="region_1638966712131_8154l15"
                         BASELINE="3172,1660 3218,1656 3264,1652 3310,1648 3356,1644 3402,1639 3448,1636 3494,1631 3540,1627 3586,1623 3632,1618 3678,1613 3724,1610 3770,1605 3816,1600 3862,1596 3908,1591 3954,1587 4000,1582 4046,1578 4092,1574"
                         HEIGHT="261"
                         WIDTH="968"
                         VPOS="1468"
                         HPOS="3143">
                  <String ID="string_region_1638966712131_8154l15"
                          HEIGHT="261"
                          WIDTH="968"
                          VPOS="1468"
                          HPOS="3143"
                          CONTENT="Londen Christoph Batt"/>
               </TextLine>
               <TextLine ID="region_1638966712131_8154l16"
                         BASELINE="3358,1746 3479,1735 3601,1723 3723,1714 3845,1704 3967,1696 4089,1690 4211,1682 4333,1678 4455,1672 4577,1667 4698,1662 4820,1658 4942,1654 5064,1651 5186,1647 5308,1642 5430,1639 5552,1634 5674,1630 5796,1624"
                         HEIGHT="264"
                         WIDTH="2473"
                         VPOS="1522"
                         HPOS="3340">
                  <String ID="string_region_1638966712131_8154l16"
                          HEIGHT="264"
                          WIDTH="2473"
                          VPOS="1522"
                          HPOS="3340"
                          CONTENT="Mij last to you was p. curt, then made bold to send your accompt, &amp; to"/>
               </TextLine>
               <TextLine ID="region_1638966712131_8154l17"
                         BASELINE="3356,1840 3479,1830 3603,1820 3726,1810 3850,1803 3974,1794 4097,1787 4221,1780 4344,1774 4468,1768 4592,1764 4715,1759 4839,1754 4962,1750 5086,1746 5210,1743 5333,1740 5457,1738 5580,1736 5704,1733 5828,1732"
                         HEIGHT="238"
                         WIDTH="2504"
                         VPOS="1635"
                         HPOS="3336">
                  <String ID="string_region_1638966712131_8154l17"
                          HEIGHT="238"
                          WIDTH="2504"
                          VPOS="1635"
                          HPOS="3336"
                          CONTENT="dispose of the ballance which now am sorrie to have done, yett the bill beinge"/>
               </TextLine>
               <TextLine ID="region_1638966712131_8154l18"
                         BASELINE="3376,1940 3495,1930 3615,1921 3735,1910 3855,1902 3975,1894 4094,1886 4214,1878 4334,1872 4454,1865 4574,1860 4693,1853 4813,1848 4933,1844 5053,1840 5173,1834 5292,1831 5412,1828 5532,1824 5652,1822 5772,1820"
                         HEIGHT="239"
                         WIDTH="2429"
                         VPOS="1741"
                         HPOS="3358">
                  <String ID="string_region_1638966712131_8154l18"
                          HEIGHT="239"
                          WIDTH="2429"
                          VPOS="1741"
                          HPOS="3358"
                          CONTENT="payable to m Kent &amp; comp, shall suffer no disgrace, because I have credit"/>
               </TextLine>
               <TextLine ID="region_1638966712131_8154l19"
                         BASELINE="3374,2036 3494,2027 3615,2018 3736,2010 3857,2003 3978,1997 4099,1989 4220,1983 4341,1978 4462,1972 4583,1966 4703,1960 4824,1956 4945,1952 5066,1946 5187,1941 5308,1937 5429,1932 5550,1928 5671,1924 5792,1920"
                         HEIGHT="248"
                         WIDTH="2447"
                         VPOS="1852"
                         HPOS="3357">
                  <String ID="string_region_1638966712131_8154l19"
                          HEIGHT="248"
                          WIDTH="2447"
                          VPOS="1852"
                          HPOS="3357"
                          CONTENT="by them, haveinge before mee yours of 26 past, with 2 bills toghether for £216:"/>
               </TextLine>
               <TextLine ID="region_1638966712131_8154l20"
                         BASELINE="3384,2146 3498,2136 3613,2128 3727,2121 3842,2113 3956,2104 4071,2098 4185,2092 4300,2086 4414,2080 4529,2074 4643,2069 4758,2064 4872,2060 4987,2056 5101,2052 5216,2048 5330,2044 5445,2041 5559,2038 5674,2034"
                         HEIGHT="211"
                         WIDTH="2325"
                         VPOS="1954"
                         HPOS="3367">
                  <String ID="string_region_1638966712131_8154l20"
                          HEIGHT="211"
                          WIDTH="2325"
                          VPOS="1954"
                          HPOS="3367"
                          CONTENT="14:5 en a 34 s which makes £369:6:7 en &amp; the ballance due to me is"/>
               </TextLine>
               <TextLine ID="region_1638966712131_8154l21"
                         BASELINE="3378,2256 3499,2246 3621,2238 3742,2230 3864,2221 3985,2215 4107,2207 4228,2202 4350,2196 4471,2190 4593,2184 4714,2180 4836,2175 4957,2170 5079,2166 5200,2162 5322,2158 5443,2156 5565,2152 5686,2148 5808,2144"
                         HEIGHT="240"
                         WIDTH="2464"
                         VPOS="2052"
                         HPOS="3361">
                  <String ID="string_region_1638966712131_8154l21"
                          HEIGHT="240"
                          WIDTH="2464"
                          VPOS="2052"
                          HPOS="3361"
                          CONTENT="£369:11:4 et so that should differ 28 stivers, which I shall fiedeogeed if "/>
               </TextLine>
               <TextLine ID="region_1638966712131_8154l22"
                         BASELINE="3368,2362 3489,2351 3611,2340 3733,2331 3855,2323 3977,2316 4098,2310 4220,2304 4342,2297 4464,2292 4586,2288 4707,2284 4829,2282 4951,2278 5073,2276 5195,2274 5316,2273 5438,2272 5560,2272 5682,2272 5804,2272"
                         HEIGHT="251"
                         WIDTH="2469"
                         VPOS="2168"
                         HPOS="3350">
                  <String ID="string_region_1638966712131_8154l22"
                          HEIGHT="251"
                          WIDTH="2469"
                          VPOS="2168"
                          HPOS="3350"
                          CONTENT="you finde so to agree, shall be found good on your frst order if you please,"/>
               </TextLine>
               <TextLine ID="region_1638966712131_8154l23"
                         BASELINE="3370,2456 3492,2450 3614,2445 3736,2437 3859,2431 3981,2424 4103,2418 4226,2410 4348,2404 4470,2398 4593,2392 4715,2387 4837,2382 4959,2378 5082,2376 5204,2374 5326,2372 5449,2372 5571,2374 5693,2376 5816,2380"
                         HEIGHT="237"
                         WIDTH="2478"
                         VPOS="2278"
                         HPOS="3354">
                  <String ID="string_region_1638966712131_8154l23"
                          HEIGHT="237"
                          WIDTH="2478"
                          VPOS="2278"
                          HPOS="3354"
                          CONTENT="whilst I shall  writte o of on my bovkes to agree with yours, pray excuse"/>
               </TextLine>
               <TextLine ID="region_1638966712131_8154l24"
                         BASELINE="3392,2552 3512,2543 3632,2537 3752,2532 3872,2526 3992,2520 4112,2515 4232,2510 4352,2506 4472,2500 4592,2496 4712,2493 4832,2490 4952,2486 5072,2484 5192,2482 5312,2480 5432,2478 5552,2478 5672,2476 5792,2476"
                         HEIGHT="157"
                         WIDTH="2434"
                         VPOS="2401"
                         HPOS="3375">
                  <String ID="string_region_1638966712131_8154l24"
                          HEIGHT="157"
                          WIDTH="2434"
                          VPOS="2401"
                          HPOS="3375"
                          CONTENT="my drawinge, t'was  accompt, &amp; for reason as in my last, which for the "/>
               </TextLine>
               <TextLine ID="region_1638966712131_8154l25"
                         BASELINE="3368,2648 3489,2644 3611,2640 3733,2636 3855,2632 3977,2627 4098,2624 4220,2620 4342,2616 4464,2612 4586,2608 4707,2604 4829,2600 4951,2596 5073,2592 5195,2588 5316,2584 5438,2580 5560,2576 5682,2572 5804,2568"
                         HEIGHT="228"
                         WIDTH="2471"
                         VPOS="2483"
                         HPOS="3350">
                  <String ID="string_region_1638966712131_8154l25"
                          HEIGHT="228"
                          WIDTH="2471"
                          VPOS="2483"
                          HPOS="3350"
                          CONTENT="futture shall not bee don more. I am sorrie, that your last 3 packes lye by"/>
               </TextLine>
               <TextLine ID="region_1638966712131_8154l26"
                         BASELINE="3360,2752 3483,2746 3606,2741 3729,2736 3853,2732 3976,2726 4099,2722 4223,2718 4346,2714 4469,2710 4593,2706 4716,2704 4839,2700 4962,2698 5086,2694 5209,2692 5332,2690 5456,2688 5579,2688 5702,2686 5826,2686"
                         HEIGHT="182"
                         WIDTH="2499"
                         VPOS="2594"
                         HPOS="3342">
                  <String ID="string_region_1638966712131_8154l26"
                          HEIGHT="182"
                          WIDTH="2499"
                          VPOS="2594"
                          HPOS="3342"
                          CONTENT="still, &amp; that to be the reason, that you demand no goods from mee att present"/>
               </TextLine>
               <TextLine ID="region_1638966712131_8154l27"
                         BASELINE="3392,2848 3512,2844 3632,2840 3752,2836 3873,2832 3993,2827 4113,2824 4234,2818 4354,2814 4474,2810 4595,2806 4715,2802 4835,2800 4955,2796 5076,2794 5196,2792 5316,2792 5437,2792 5557,2792 5677,2792 5798,2794"
                         HEIGHT="198"
                         WIDTH="2440"
                         VPOS="2702"
                         HPOS="3374">
                  <String ID="string_region_1638966712131_8154l27"
                          HEIGHT="198"
                          WIDTH="2440"
                          VPOS="2702"
                          HPOS="3374"
                          CONTENT="I know you have a bast demand, &amp; great trade, so that these may easeley"/>
               </TextLine>
               <TextLine ID="region_1638966712131_8154l28"
                         BASELINE="3374,2932 3494,2930 3614,2928 3734,2926 3855,2923 3975,2920 4095,2916 4216,2912 4336,2909 4456,2906 4577,2902 4697,2898 4817,2896 4937,2894 5058,2890 5178,2888 5298,2886 5419,2886 5539,2886 5659,2886 5780,2886"
                         HEIGHT="180"
                         WIDTH="2439"
                         VPOS="2809"
                         HPOS="3358">
                  <String ID="string_region_1638966712131_8154l28"
                          HEIGHT="180"
                          WIDTH="2439"
                          VPOS="2809"
                          HPOS="3358"
                          CONTENT="bee scould before, you can receave anney others packetts from mee, &amp; is"/>
               </TextLine>
               <TextLine ID="region_1638966712131_8154l29"
                         BASELINE="3362,3036 3485,3028 3608,3022 3731,3015 3854,3008 3977,3004 4100,2999 4223,2994 4346,2990 4469,2988 4593,2984 4716,2982 4839,2980 4962,2978 5085,2976 5208,2974 5331,2972 5454,2972 5577,2970 5700,2968 5824,2968"
                         HEIGHT="185"
                         WIDTH="2494"
                         VPOS="2881"
                         HPOS="3345">
                  <String ID="string_region_1638966712131_8154l29"
                          HEIGHT="185"
                          WIDTH="2494"
                          VPOS="2881"
                          HPOS="3345"
                          CONTENT="now plentie, white well to be had, pray lett mee have part of your commissions, you"/>
               </TextLine>
               <TextLine ID="region_1638966712131_8154l30"
                         BASELINE="3374,3116 3495,3108 3617,3101 3739,3095 3860,3089 3982,3083 4104,3078 4225,3074 4347,3071 4469,3068 4591,3065 4712,3062 4834,3060 4956,3060 5077,3058 5199,3058 5321,3058 5442,3058 5564,3058 5686,3058 5808,3058"
                         HEIGHT="168"
                         WIDTH="2467"
                         VPOS="2969"
                         HPOS="3358">
                  <String ID="string_region_1638966712131_8154l30"
                          HEIGHT="168"
                          WIDTH="2467"
                          VPOS="2969"
                          HPOS="3358"
                          CONTENT="will foy de feare dealinge by mee, &amp; sure as well, if not better served as by prr"/>
               </TextLine>
               <TextLine ID="region_1638966712131_8154l31"
                         BASELINE="3384,3184 3504,3177 3624,3169 3744,3164 3864,3158 3984,3153 4104,3150 4224,3146 4344,3144 4464,3142 4585,3140 4705,3140 4825,3138 4945,3138 5065,3138 5185,3138 5305,3140 5425,3140 5545,3140 5665,3142 5786,3142"
                         HEIGHT="152"
                         WIDTH="2435"
                         VPOS="3066"
                         HPOS="3367">
                  <String ID="string_region_1638966712131_8154l31"
                          HEIGHT="152"
                          WIDTH="2435"
                          VPOS="3066"
                          HPOS="3367"
                          CONTENT="furnese, itt beinge not your infrest to my opinion to imploy him, because "/>
               </TextLine>
               <TextLine ID="region_1638966712131_8154l32"
                         BASELINE="5522,3218 5551,3215 5580,3214 5609,3216 5638,3215 5668,3212"
                         HEIGHT="100"
                         WIDTH="180"
                         VPOS="3158"
                         HPOS="5506">
                  <String ID="string_region_1638966712131_8154l32"
                          HEIGHT="100"
                          WIDTH="180"
                          VPOS="3158"
                          HPOS="5506"
                          CONTENT="52d"/>
               </TextLine>
               <TextLine ID="region_1638966712131_8154l33"
                         BASELINE="3198,3266 3253,3259 3309,3251 3365,3246 3420,3241 3476,3236 3532,3234 3587,3232 3643,3230 3699,3228 3755,3228 3810,3228 3866,3228 3922,3226 3977,3226 4033,3226 4089,3226 4144,3226 4200,3224 4256,3222 4312,3220"
                         HEIGHT="179"
                         WIDTH="1150"
                         VPOS="3155"
                         HPOS="3178">
                  <String ID="string_region_1638966712131_8154l33"
                          HEIGHT="179"
                          WIDTH="1150"
                          VPOS="3155"
                          HPOS="3178"
                          CONTENT="Leyden Hendrick Harmant"/>
               </TextLine>
               <TextLine ID="region_1638966712131_8154l34"
                         BASELINE="3338,3354 3463,3343 3588,3334 3713,3326 3838,3319 3963,3313 4088,3307 4213,3302 4338,3300 4463,3296 4588,3294 4713,3292 4838,3292 4963,3290 5088,3290 5213,3290 5338,3290 5463,3290 5588,3290 5713,3290 5838,3290"
                         HEIGHT="174"
                         WIDTH="2532"
                         VPOS="3222"
                         HPOS="3320">
                  <String ID="string_region_1638966712131_8154l34"
                          HEIGHT="174"
                          WIDTH="2532"
                          VPOS="3222"
                          HPOS="3320"
                          CONTENT="Ick hebbe geordonneert aen wonter segers van tilborgh aen ue te seynde"/>
               </TextLine>
               <TextLine ID="region_1638966712131_8154l35"
                         BASELINE="3326,3452 3448,3442 3571,3434 3694,3425 3817,3418 3940,3412 4063,3408 4186,3403 4309,3400 4432,3398 4555,3396 4677,3394 4800,3394 4923,3394 5046,3392 5169,3392 5292,3392 5415,3392 5538,3391 5661,3390 5784,3388"
                         HEIGHT="177"
                         WIDTH="2489"
                         VPOS="3297"
                         HPOS="3311">
                  <String ID="string_region_1638966712131_8154l35"
                          HEIGHT="177"
                          WIDTH="2489"
                          VPOS="3297"
                          HPOS="3311"
                          CONTENT="13 witte lakens, het fyn te voor swert dobbelstael, ende andere 2 tot"/>
               </TextLine>
               <TextLine ID="region_1638966712131_8154l36"
                         BASELINE="3378,3550 3498,3543 3619,3535 3739,3529 3860,3524 3980,3518 4101,3514 4221,3508 4342,3506 4462,3502 4583,3500 4703,3496 4824,3494 4944,3493 5065,3492 5185,3490 5306,3490 5426,3490 5547,3488 5667,3488 5788,3488"
                         HEIGHT="190"
                         WIDTH="2443"
                         VPOS="3393"
                         HPOS="3362">
                  <String ID="string_region_1638966712131_8154l36"
                          HEIGHT="190"
                          WIDTH="2443"
                          VPOS="3393"
                          HPOS="3362"
                          CONTENT="carmosijn vande alderschoonste buyn coleur dat can geverft ue oorden"/>
               </TextLine>
               <TextLine ID="region_1638966712131_8154l37"
                         BASELINE="3352,3652 3474,3642 3597,3633 3720,3626 3843,3620 3966,3616 4088,3611 4211,3608 4334,3606 4457,3604 4580,3602 4702,3600 4825,3598 4948,3598 5071,3596 5194,3594 5316,3592 5439,3588 5562,3586 5685,3581 5808,3576"
                         HEIGHT="171"
                         WIDTH="2489"
                         VPOS="3505"
                         HPOS="3335">
                  <String ID="string_region_1638966712131_8154l37"
                          HEIGHT="171"
                          WIDTH="2489"
                          VPOS="3505"
                          HPOS="3335"
                          CONTENT="soo haest ue die lakens becomt, soo laetse nat meden, ende schrijftmy de"/>
               </TextLine>
               <TextLine ID="region_1638966712131_8154l38"
                         BASELINE="3384,3754 3504,3745 3625,3736 3745,3730 3866,3724 3987,3718 4107,3713 4228,3709 4348,3706 4469,3702 4590,3700 4710,3698 4831,3698 4951,3696 5072,3696 5193,3696 5313,3696 5434,3698 5554,3698 5675,3700 5796,3702"
                         HEIGHT="152"
                         WIDTH="2442"
                         VPOS="3624"
                         HPOS="3369">
                  <String ID="string_region_1638966712131_8154l38"
                          HEIGHT="152"
                          WIDTH="2442"
                          VPOS="3624"
                          HPOS="3369"
                          CONTENT="numbers &amp; lenghde, &amp; verliest geenen tijt, om die claer te hebben ende wel"/>
               </TextLine>
               <TextLine ID="region_1638966712131_8154l39"
                         BASELINE="3368,3850 3480,3844 3593,3838 3705,3834 3818,3830 3931,3826 4043,3822 4156,3818 4268,3815 4381,3812 4494,3810 4606,3808 4719,3806 4831,3804 4944,3802 5057,3802 5169,3800 5282,3800 5394,3798 5507,3798 5620,3798"
                         HEIGHT="170"
                         WIDTH="2284"
                         VPOS="3705"
                         HPOS="3352">
                  <String ID="string_region_1638966712131_8154l39"
                          HEIGHT="170"
                          WIDTH="2284"
                          VPOS="3705"
                          HPOS="3352"
                          CONTENT="te doen, de carmosyne, sult gij laeten verven, by govaert velthuysen"/>
               </TextLine>
               <TextLine ID="region_1638966712131_8154l40"
                         BASELINE="3368,3928 3490,3924 3613,3922 3736,3918 3858,3916 3981,3912 4104,3910 4226,3908 4349,3906 4472,3905 4595,3904 4717,3902 4840,3900 4963,3899 5085,3898 5208,3896 5331,3894 5453,3892 5576,3890 5699,3887 5822,3884"
                         HEIGHT="165"
                         WIDTH="2488"
                         VPOS="3813"
                         HPOS="3350">
                  <String ID="string_region_1638966712131_8154l40"
                          HEIGHT="165"
                          WIDTH="2488"
                          VPOS="3813"
                          HPOS="3350"
                          CONTENT="gedaen synde naer tilborgh aen wonter segers wederseynden, ben waer"/>
               </TextLine>
               <TextLine ID="region_1638966712131_8154l41"
                         BASELINE="3364,4026 3443,4017 3522,4011 3601,4007 3680,4002 3759,4000 3838,3998 3917,3997 3996,3996 4075,3996 4155,3998 4234,3998 4313,3998 4392,3999 4471,4000 4550,4000 4629,4000 4708,3998 4787,3996 4866,3994 4946,3990"
                         HEIGHT="162"
                         WIDTH="1616"
                         VPOS="3914"
                         HPOS="3347">
                  <String ID="string_region_1638966712131_8154l41"
                          HEIGHT="162"
                          WIDTH="1616"
                          VPOS="3914"
                          HPOS="3347"
                          CONTENT="Eekn anders ordonneerde, naer groetenisse blijve."/>
               </TextLine>
               <TextLine ID="region_1638966712131_8154l42"
                         BASELINE="3658,4050 3680,4054"
                         HEIGHT="61"
                         WIDTH="64"
                         VPOS="4006"
                         HPOS="3640">
                  <String ID="string_region_1638966712131_8154l42"
                          HEIGHT="61"
                          WIDTH="64"
                          VPOS="4006"
                          HPOS="3640"
                          CONTENT="dt"/>
               </TextLine>
               <TextLine ID="region_1638966712131_8154l43"
                         BASELINE="3360,4114 3436,4110 3513,4106 3590,4103 3667,4100 3744,4098 3820,4097 3897,4096 3974,4094 4051,4094 4128,4094 4204,4094 4281,4094 4358,4094 4435,4094 4512,4094 4588,4092 4665,4092 4742,4092 4819,4090 4896,4088"
                         HEIGHT="184"
                         WIDTH="1566"
                         VPOS="3998"
                         HPOS="3345">
                  <String ID="string_region_1638966712131_8154l43"
                          HEIGHT="184"
                          WIDTH="1566"
                          VPOS="3998"
                          HPOS="3345"
                          CONTENT="SA hee dolce part of his brothers commissions"/>
               </TextLine>
            </TextBlock>
         </PrintSpace>
      </Page>
   </Layout>
</alto>
