7837 4528
880 184 2167 148 geveeckent, dogh ue en heeft geen reden van claegen

832 233 2221 198 & met goede lieden te doen de 6 weken naer hersmisse

842 317 2314 244 sijn al tweemael gepasseert & ue heeft de helft noch niet

821 426 2326 185 vollevert, ick hebbe mijn contant gelt daer voore betaelt van

829 517 2326 195 in d'eerst gbar laest, soo bidde ick ue en wilt den uytterst

828 600 2264 245 tyt niet gebruycken want soo ue niet promt & gelieft

855 741 2272 141 te volleveren, soo sal ick aen contraet niet geoblegeertsjn

859 796 2268 178 & mons borrekens oft ue sal mij moeten intrest betaelen

2650 910 411 140 26 meirt

676 915 1314 198 Turnhout Peeter Loomans

818 972 2305 250 den tyt verloopt seer & ue cosijn & s willemsen blyv

841 1085 2271 189 in gebreecke vande leveringe van tycken te voldoen daer

840 1202 2223 167 ue borge is voor gebleven, soo bidde ue hun wat aen te

848 1256 2171 254 porren op dat de leveiringe ten eersten voldoen, t'welck

860 1355 1944 243 goet gedacht hebbe as te adverteren blijve

2731 1453 285 196 26d

682 1466 1362 259 Turnhout J Bapt Robert

856 1560 2302 250 Ick hebbe gisteren aengenomen & vande weduwe borrekens afgecost

826 1688 2294 164 de 71 stucken tijcken de welcke ue op 24 deser onder schriftelijcke

889 1803 2251 145 obligatie hebt beloft in 2 maenden te leveren, waer van ick niet

874 1887 2231 171 en twijfele, oft gij hebt copije gehouden, nu is mijn vraege, ofte ge

861 1958 2277 199 de selve 71 stucken niet wat eerder sout connen leveren, ofte ben

866 2058 2234 191 minsten de  daer van ofte alleenelijck de  groot loot gij

868 2166 2259 165 sout mij hier innne connen vrindtschap doen, soo versoecke sonder

859 2254 2295 186 faut mij gelieft te antworden om mij vervolgens de regulere

858 2343 2253 152 bovendien versoecke voor mijne rekien particulier gelieft ue

858 2459 2273 132 seynden gelyck aenden voet deser, ofte in plaets vande 71 geor

876 2533 2177 136 donneerde te seynden 1o0 B. als hier ondertusschen dat

883 2628 662 184 3 weken blijve

1547 2633 545 171 20 ¾ 2 segels

1555 2751 524 170 20 d 2 begels

1566 2865 531 151 10 ½: 2segels

1550 2946 574 174 10 ¾: prooth

1561 3046 644 152 30 d groot loot

1592 3141 598 170 6 ½¾ 5 2 segels

891 3183 2220 245 die ue leveren sal meer als ue alsligatie sal die

895 3356 1274 185 betalen an ƒ 8:10:  ƒ13:-

2716 3390 452 175 27 meirt

712 3490 877 197 Sighe Coots

866 3488 2327 273 deue van 20 22 deser ontf die van vlaender

872 3615 2281 221 syn seer seripeliens dat men op eenen eersten oft

856 3716 2286 226 tweeden palsdaeh, niet een pack of 2p barqu

899 3820 2249 231 sonde mogen voeren de 4 gementioneerde packen

848 3904 2269 239 sijn eerst woenedach voorden noen tot gent

829 3988 2203 275 gecomen & alsoo die inder d'andere gestont

839 4052 2345 251 waeren, soo conden die die woensdagh niet op de

877 4179 2211 215 waegen geraecken &de & gisteren & wilde de

3386 80 2446 196 dd lle l

3372 176 2430 203 te gemoet sien & sijn nu t'scheep herrewaert vertrocken

3361 304 2341 194 met dat hent weder licht voormorgen hier

3379 395 2436 164 niet te vreese noch midts wis aenstaen daende soudag

3371 482 2463 209 maendach & dijnsdagh wederom heylack dagh hebbe

3366 600 2485 156 tot de naeste weeck sal aen coopen soo dat het al tegen

3371 662 2427 209 de wint gaet, seynt toch N 2 citisfime p bargie voorts

3375 733 2413 256 met ordre p waegen aen miy toe te seynden noteerende

3368 892 2295 191 wanneer appasentie is van convoy naer londen

3377 963 2431 199 alsoo noch een pack tycken soude sien voorts te seyn

5320 1111 400 122 28 meirt

3293 1087 1217 249 Mechelen Cornelis van ABen

3366 1194 2437 202 volgens den ue van 26 deser heb ick eene assignatie gesonden van

3395 1293 2430 226 £100:- te betaelen aen mejoff vander plaeten, t'welck gelieft te vercere

3362 1385 2448 194 het convoij van Engelant is gearriveert, ende de goederen sullen hier

3378 1484 2380 196 wesen begens d'eijnde vande naeste weke can ick ue eenigen dinst

3396 1597 1030 191 doen gelieft te comanderen

5332 1691 455 167 29 meirt

3291 1724 743 237 gent herrebout

3373 1763 2357 226 op 26 deser was aen ue mijnen laesten t'sedert den ue vanden

5312 1885 157 84 dat

3367 1891 2446 187 selven dat um ontfangen, die mij soo versooorde, enne dacromme

3378 1988 2321 183 met reden mach seggen, dat die geen orders wilt volgen

3372 2089 2432 182 sach met geene commissien moet bemoijen, volght ordre

3382 2205 2446 208 doet quaelyck, dit is de tweede reyse dat gij mij in soo een geval

3779 2265 1340 124 vande desde behoorde ick mij te behoeden

3405 2349 2406 176 quaelijck hebt gedient, ick verneme tot noch toe van hotde

3394 2432 2436 162 niet maer wel dat hij gisteren morgen noch tot gent was

3387 2488 2476 218 iu hebben wij heden, morgen & overmoogen hey lichdach

3388 2602 2440 214 & ue hebt aen N 9ansacker gisteren 4 packen lakens toege

3372 2721 2468 193 soude die heeft hij meest al a en mijne calanten vercogt

3376 2826 2369 192 als meu syn goet met de wagens doet comen can men

3364 2953 2457 181 staet maecken ten minsten op een dagh naer, wann

3380 3042 2430 143 eermen sijn goet can ontfangen maer te schepe noyt

3367 3137 2405 182 daerom soo van horde noch tot gent is, & dat hij niet

3362 3281 2433 142 wilt aen nemen deynsdagh hier te wesen, soo onblaet

3375 3340 2415 183 mN1&5 & seyntse maendagh met de wagens ben waere

3361 3458 2430 153 die van gent soo servtule sijn dat men op hey lage

3377 3592 2387 119 dagen sulck werck niet mochte doen & soo N2

3391 3693 2359 145 ue ter handt sent het csto voorts te waegen in

3387 3765 2359 155 een soodanigh presserende geval liever op een

3432 3861 2316 196 tuyver 2 a 3 vraght niet sien hadt gij ben

3385 3976 2374 189 mnsten al was het maer een pack te waegen

3373 4062 2436 225 gesonden & nu tegen deerste wercke daegn connen

3402 4180 1940 181 andere oock de henne.hebben & blijve
