7933 4569
898 230 1697 132 bill 24 april op inncolaes tourton £250

2374 325 170 100 120

895 307 957 129 28 d on Joseph hurne

2369 391 180 144 120

918 400 677 156 onthe same

2380 513 176 104 100

932 475 1279 195 5 mej on the Royall african comp

2397 598 156 102 100

922 590 1196 172 22 de on nicolaes tourton

2358 670 208 135 „130

930 678 943 179 27 de En John taeson

2410 767 170 151 90

920 759 1084 211 22 april onnicolaes touston

2130 810 238 169 26 x

905 895 2251 217 this £90  incluse affer haveinge writ my letter procure

909 1034 514 144 the needfull

2708 1027 345 182 Juy

721 1096 830 192 brussel Rousseau

888 1134 2308 229 Je sui honnori pr les cheres vres de 2 & 4 cour la premiere ferm

830 1266 2244 197 ant une remise de £100„ 34 p sur bryan breves de bruges

881 1354 2219 182 escheant 10 cour, pour le quelle ie procurerez le necaissaire

902 1449 2301 193 et vous aurez credit, i'ay paye le £75 pour le sr piequart, com

905 1533 2288 179 ve fairez aussi pourle £52 pour le Sr daniel sire Jacobs, ie suis

890 1635 2262 175 bienaise pour le prompt payement de mes 2 quittances vous

923 1721 2208 165 estant cred debite pour le ƒ94: 3 de change ie ne scay pas

920 1818 2145 167 ce que soit advre que le Sr Jan Jacobs mer renvoyt chez

891 1929 2240 200 sonfils & luy chez son pere, lep qui a achapte la partie

920 2007 2242 184 & na £ et a receu la facture en ses propres mains, iamais parte

892 2122 2205 182 une mot de cela ie souhait que l'un ou l'autre paye cette

897 2201 2218 225 partie aussi bien que le Sr vallyn, en medonnant advis du

917 2291 2215 184 sivde vous m'obligerez que sis puis que ie renvojerez la lette

895 2391 2212 157 de £29 115 pon ostendende pour demanderle paijement

907 2505 1379 165 au fin du court ie tous selue & suis

2760 2527 362 216 5 Juny

712 2609 720 226 brugge R Coots

896 2697 2306 223 gesch henr ge op 3 deser een brief gesonden te hebben van 1 ƒ10

879 2797 2264 197 op david white, hebbe ue voorleden saturdagh toegesonden over

909 2898 2277 221 gens een pack NIBN, inhoudende 142 stucken tijcken coste

927 2994 2270 240 ƒ 1350:- voor mons nicol oussel van londen alhoewel un de

916 3095 2278 171 vollen inhoudt & weirde advisere soo & twijfele niet oft ul can

914 3210 2262 165 dat & ten minsten ¼ minageren ul sal gelieven tselve pack

934 3286 2260 203 p eerste occasie naer londen ofte schepen & d'oncosten van

923 3394 2235 191 tsselve tselln op rekeninge van voors nnoussel van Londen

898 3478 2257 233 ingesloten renvoyere het briefken van £ 29:15 s tot laste

899 3570 2297 213 nicolaes hoys van ostende waer voor betalinge gelieft te doen

909 3678 2276 210 vraegen begen d'uyt gaende van dese maende & in cas van weijgeringe

920 3823 1068 181 geen post, oft protest te doen

2865 3849 337 167 8 Juny

756 3883 1034 274 Gent Franc herrebout

926 3934 2320 266 gisteren p beurtman op gent toegesonden gemerckt

922 4083 2264 222 om tiselve aen coots tot brugge voorts te seynden oft soo soo

906 4185 2315 169 een bij lander daer in laedinge heijt daer in tescheepe &den

927 4310 1423 112 chrips om ae cootst eren voyen

5342 206 466 145 8 Pany

3263 227 871 182 tilborgh Wous segers

3358 287 2442 208 chermantsen den fereijder van leyden schrijft mij 4 deser dat hij een pack met

3354 383 2411 185 & lakens aen ue heeft gesonden, ick hope dat gij die hebt ontfangen & dat

3362 469 2404 211 de naeste donderdagh hier wel sullen arriveren, belast den boerman daer

3363 584 2413 188 goede sorge voor te draegen & 2 stucken onder de ƒ 120 te verclaeren

3351 666 2471 197 & d'anoere & als voor desen, ten waere dat hij veel tilborgh wit goet ophaede

3370 758 2431 190 & met de offreiers wel staet die de lakens segelen, soodanigh dat hij daer geen

3348 852 2451 185 swarigheyt men vindt, laet het hem dan verclaeren gelyck hj gewooniste

3359 931 2420 200 den voor mijn heer de light mesolf vermeulen D & soo gij sels

3363 1042 2376 151 niet overcompt soo schrijft mij een brief hoe het niet s voorschreven

3353 1117 2458 225 pack is & ue rekeninge, & ick sal ue gelt in hollandt seynden waermee

3364 1215 1461 195 is be antwoort den ue van 14 meij blyv

5482 1295 324 174 8 Jun

3277 1342 1012 208 leijden Hendrick hermantse

3362 1400 2415 239 Ick heb ue brief van 4 deser ontfangen verlange de 4 versondene lakens te

3371 1500 2410 226 sien, gy hout het goet wat te lanck onder handen, soo haest gy 2

3370 1594 2463 203 lakens gereet hebt soo seynt die voorts, & maeckt niet meer 4 stucke

3357 1691 2406 188 tsamen maer laet die al met 2 seffens comen, soo omdeexpeditie als om

3376 1819 2419 160 het perijkel van tilborgh herrewaerts, hebbende daeromme liever den

3370 1899 2427 158 cost van t packen uytte staen draeght ooch sorge dat de carmosijnen de

3371 1982 2436 168 schoonste brujnste coleuren hebben die geverft comen worden, want het

3360 2048 2472 196 coleur & wel bereiyden moet het laken doen vercoope schrijft mjwe

3346 2163 2444 216 passear gij moet aen ieder stuck laken een eijndt vande lylte uyde

3375 2253 2386 184 dat laeten uytsteecken om onderwegen een coninckx lost aen te doen

3367 2358 2472 159 maer het leyts loot van lenghde moet van binnen ingesteecken & gebor

3363 2482 347 159 gesyn

5495 2514 303 190 3 Juny

3274 2552 963 195 Brussel peel vallyn senmor

3380 2595 2398 262 of 14 faiario laestleden hebbe ick aen ue vercoght & gelevert volgens

3372 2734 2415 167 ue ordre om ƒ 4362:19: ¼ aen wolle goederen contant te betalen sijnde

3353 2827 2482 174 daer op gevolght tweeduysent serhoudert gulden wisselgelde & naer

3362 2959 2479 161 dat un noch ƒ200 court gelde die partije is soo goeden coop gelevert

3357 3055 871 169 dat het begenreden waere

5462 3100 337 185 & humy

3292 3110 1067 225 Brusel peeter vallijn Senior

3361 3216 2412 176 ue heeft op 19 janu laest mij vercert ue calandisie te geven voor eene

3372 3296 2470 224 partije wolle goederen ue bekent presenterende selfs voor t' gene resteerde

3349 3416 2476 194 schriftelijcke obligatie t'welck ten respecte van ue & credit ick onnoodigh achte

3366 3501 2374 152 om dat de partije vercoght was contant te betalen, dogh omdat sulckx

3365 3595 2334 170 niet is gevolght & nu bijnaer 5 maenden verloopen soo versoecke de

3362 3693 2472 158 voldoeninge, mons ue sone helft op 21 april laestleden hier bij mij geweest

3364 3789 2448 159 & hebbe ick aen hem als dan noch ƒ 518:13½ goederen gelevert op syne

4907 3879 317 107 voor ue

3369 3936 2481 163 gelofte vande reste vane famnary laesbleden te voldoen, synde ontrent

3389 3998 2410 200 £200 wisselglde, heeft dan een wisselbrief geacoppteert op 8 mey

3373 4115 2423 203 laest p cassa te betallen £100, & dander £100 van 21 april in

3386 4254 2364 125 6 weken, & alsoo de voldoeninge niet en volght aend'een, ofte
