7858 4555
936 190 2283 108 stiel marcantiel & cours dechange, et mesme selos que vous avez

944 263 2293 112 necorde arce luy a vre provision pourle pr. Hudson, il ne vieut.

935 342 2295 140 pac icy ie ne suis pas oublie pour le S vallyn cy ioint ma

898 443 2265 94 lettre, il me doibt £179:2 de change en payant cela

912 496 2314 118 ou prie vous pourriez luy rendre tont la merchandise, ou sil

932 603 2330 151 veut payer la moitie comme vous avez propose, non obstante

926 681 2325 183 puis que vous estime les de vos assez responsable vous paurriez

917 781 2318 181 prendre son acceptation a deux usance faitez comme pour

1749 873 50 74 s

927 878 2313 174 vous me me, et ie vous ser eroyant asseure, & ie vous serez oblige

934 979 1167 173 comme ie suis en touts occasion

2790 1034 308 210 5 July

729 1083 974 200 brussel geerevalljn

907 1202 2224 191 Ick hebbe in eenige tijt tsedert dat ick in mey laestaen ue

861 1319 2299 155 hebgeschreven & voorgestelt de conditie waer op ue menige

909 1426 2302 109 walle goederen tot mjne cantie hebt gegeven in handen van dh

909 1498 2268 125 rousseau, van ue niets vernomen, dat dat ue die goederen weder=

920 1602 2305 150 vraeght die ick oock seer geirne ue sal laeten volgen in tgeheel

907 1696 2358 174 of te tendeele, soo als ue medts betaelende £182:13:10 en wisselgele

906 1794 2324 169 gelyck ue p rest mij schuldigh is, oft e ten minsten by provisie

899 1893 2315 173 soo veel als ue goet sal afhalen, ofte de helft contant &

899 1999 2333 131 voor d'ander helft goede cantie, twelck immers meer is, als ue

908 2089 2302 144 met den ue van 24 meij laestt selfs hebt gevraeght, der

900 2203 2293 162 halven bidde daer in te doen tont mogelijck is ten mij te

910 2300 2243 150 voldoen, omdat ick mij met die goederen niet can bedienen

889 2374 2315 154 maer myn gelt noodigh hebbe tgene nu byde 18 mainden

878 2509 2327 136 hadde behooren betaelt geweest te hebben, ick sal ue dar oock

881 2613 2377 131 wederseynden de obligatie van Capis merot van ƒ400:- want

888 2681 2327 180 wat ick schrijve ofte niet & can ge hebbe tot noch toe geene

881 2796 1469 118 antwoort van middelborgh becomen

709 2875 1408 205 gent coeur de moermeester

2915 2850 276 198 9 July

896 2969 2299 162 ick hebbe ue heden toegesonden p waegens een pascke

834 3046 2381 174 JWN1 inhoudende 2 swerte in lantsche lakens in gevolge

853 3152 2330 135 de medegaende eertificatie waermede voor het uetgan

859 3242 2333 196 gelieft te bedienen & de selve op het alde spoedighte naer

911 3352 2327 114 ortryck te seynden trij met den eenen waesen ofte den andere

704 3439 369 137 cost dat 18

871 3437 2202 162 aen Joff de wed Causse want het is voor den rouw over de

856 3556 2380 161 goverveur van contryck soo mach ue dogh geen tijt verliese

869 3648 2368 124 alsoo de voors wed my dat seer hoogh heeft gerecommand

857 3757 2352 112 daer is in sen van die 2lakens gepackt ontrent de a 200

860 3825 2380 143 Cattoene streepken van C½ breet wort in hollant gemaekt

857 3909 2333 164 wij hebben dat hier voor £8 verclaert gelieft voor d'een

857 4036 2331 121 d'ander parficuliere sorge te draegen & boven al geen

833 4128 2317 150 tyt te versaynn om het voortste seynde d'on costen vor

851 4216 2224 161 rck van voors weduwe twelck ue tot ad vis dieme ve

5783 172 119 99 246

5309 192 323 158 94 July

3332 183 1108 186 brugge Raphael Coots

3425 257 2485 183 itsedert dat ick op 2 deser aen ue heb geschreven hebbe

3484 380 2428 176 ick van ue niet vernomen noch oock geene van mijne sake

3460 449 2456 182 waer over niet weynigh my verwonden, & niet can bedenken

3475 558 2381 178 wat sulckx te beduyden heeft dogh patientie, ick verschere

3445 646 2421 176 ue dat het mij niet meer sal gebeuren, die van brugge moge

3474 742 2368 174 doen wat siy willen, ingesloten de noodige certificatie naer

3464 865 674 197 groetenisse blyve

3341 982 691 206 Gent rob matton

3461 976 2445 307 te langentyt van ue niet vernomen, soo dat niet well hoe het

3455 1145 2361 187 met mjne saecke staet met gaulamsert tot alst, ofte hy

3442 1235 2432 208 behoorde nu voldaen te hebben, ofte ue heeft dat niet gepousseert

3433 1356 2324 166 derhalven bidde mij te adviseren wat daer in is voorgevallen & soo

3456 1465 2468 171 wanneer geene betalinge is gevolght, sonder eenige voordere stmulatie

3440 1541 2471 199 cost wat het wil een eynde daer van te maecken als mede met Jaques

3427 1665 2202 217 phulis guus voordie rest, ue antwoort te gemoet siende bly

5563 1746 207 174 1d

3375 1791 1026 214 ortrijck de wed. Lausse

3439 1859 2420 250 In gevolge ick ue gisteren hebbe geschreven hebbe ick hede

3446 1984 2473 213 met de waegens naer gent versonden aen sr de moermeester

3459 2115 2396 205 een pack gemerckt WC N1 inhoudende 2 swerte lakens

3432 2216 2456 210 & 3 stuxkens haerlemse stoffe in gevolge de medegaende facture

3475 2320 2414 219 bedraegende wisselgelde ƒ 395:- £65:16:8 en waer voor

3466 2433 2454 210 my gelieft te crediteren, ick ben seer wel voorsien van hollants

3443 2555 2411 168 sweirt goet carmosijn blouwe & drapdedammes ick wenschte

3438 2698 2427 173 dat ick ue conde dinst doen, soude my niet een cleyn verge

3430 2782 2463 159 noegen want hier valt niet te doen, ick hidde geene laege

3442 2883 2471 180 prijsen swerte, soo dat ick dit hnechts laken by joff vermiul

3435 2987 2413 171 heb gecoght die mij dat voor 21 op dells winst heeft

3450 3088 2411 177 overgelaeten & valt goet voor syn gelt, iets andes tot ue dinst

3448 3170 2446 223 voorvallende gelieft te commanderen die naer groet enisse bliv

3326 3301 1171 195 samen Philippe Lurend

3433 3371 2445 189 J'ay reccu la chere vre de 5 cour, et depuis p Enge best diendme l'ov

3458 3554 2405 136 que vous avez mis en mains estant 23 pistoles 4 demil sou

3424 3607 2476 172 =verain & un du cat ce qui fait £170 ƒ 242: argent de change

3445 3729 2389 162 prais comme iay donne ƒ2 pour port ie croy que p a estez vre

3443 3841 2430 122 intention que ie vous donnerois credit pour ƒ240:- ie ne

3447 3964 2368 136 donbte pas mais que vous avez recu ma demier p le quelle ie

3405 4060 2514 148 vous ay advise que les dirichhuysen n'a pas voulu accepter ny payer

3429 4146 2448 127 ma traitte, du manierz quil vous claisa peudre vos mees a ladvenant

3440 4237 2364 131 cessendant ie suis assez satisfait de vre bonne volod pour nil
