7618 4514
2703 173 426 132 24 gber 1692

585 180 1172 146 leyden Hendrick Aermantten

790 238 2374 178 Ick hebbe ue brief van 14 deser wel ontfangen, ende ick sal ue arboyts loon

732 389 2360 138 soo wel als het verven, in corte dagen aen ue remitteren, maer dat laeste

774 480 2373 124 karmo sijn laken hebbe nogh niet ontfangen, oock was het voorleden donderdat

779 566 2256 123 noch niet te bilborgh, soo dat ick niet hete werrewaerts, ende hoe gij dat

766 624 2373 185 versonden hebt sgy moest de lakens op tilborgh seynden met dn mert scheppde

793 729 2370 146 over heurden, Igelijck gij in toecommende selt doen, en daerentusschen inftrmert

771 805 2386 146 waer het laeste harmosijn gebleven is, wouter legers sal aen ue nogh seynden

774 896 2365 159 2 tilborghse lakens, om die te bereijden, en kannosijn te doen verver  hal

788 1012 2313 142 berrij gelijck dese 2 laeste sijn geweest, de schoonste verve die velthuysen

772 1121 2360 163 ingeelt daer en boven sal bij alnogh seynden een drap de dam te beteiyden

788 1186 2336 154 voor swert, ende dese gedaen sijnde sultse quie oock over hensden naer tilborg

789 1294 1682 159 seticken, ende mij laten poten wat passeert blijve

2846 1331 125 160 d

603 1432 1019 199 Londen Josep Sabberton

774 1475 2377 234 in antwoort aende ue van 28 paso 84 deser ick hebbe ue brief aen Joff francis

788 1607 1469 140 sarck tot brussel doen behandegen, doch sij heeft

775 1644 2308 207 tot noch toe aen mj niet geschreven, wat vanden biesthewel haer heeft

754 1744 2384 200 geseijt, sulckx dat ick van haer moet a fwaghten t selve te versoaen ul voorens

773 1848 2339 164 dat ick in die affairen voor ue iedt doen can, ende syt verschert dat ick al sal

783 1969 2336 125 doen dat mij mogelyck is, ende ue van eenwaere vrint can verwaghten i bij aldien

768 2033 2327 155 dat sulcks doon mij can uyt gewerckt worden. ick hebbe mij geinformeert maer megge

793 2129 2238 173 Jan Rars & comp telladez huinnen naem is hier rekent, dogh sij hebben hier

754 2184 2329 188 geene correspondenten, maer tot amste, wegens mr. vivian cn ue mijne saecke met

733 2269 2352 178 hem niet advisteren, ick can op geen beter bequaemer vindt dencken oock wille

782 2382 2327 138 ick ten ressecte vande canten, die mij ooch niet en raecken niet met allen doen, heeft

762 2457 2311 126 hij geene constientie, en wilt hij een ander het syn niet geven hij mach het laeten

713 2538 2424 167 ick hebbe met die partije niet te doen, & is hij soo opredelijck van geene reken van

737 2631 2415 176 sijne pretensie te willen geven, ick vimde mij niet geobligeert sijne capritien in te volge

701 2708 2383 171 want soodanige maniere van handelen ergens oyt gebeurt is, evenwel om te

774 2794 2283 169 toonen dat ick genegen ben met hem te adrusteren, laet ens eerst eene arbitragie

783 2869 2372 185 maecken op dat pomet, ofte mr. vivian niet geobligeert is syne pretensie in t'schrift

780 2961 2208 164 over te geven, voor & allesmen arbivers soeke, om de differentie te ettonen

788 3101 244 130 blijve

2756 3059 235 176 d

607 3112 933 249 Cortrjck doeduwe Causse

703 3277 2354 191 t sedert dat ick op 18 deser aen ue hebbe ges hebbe ick advies ontfangen van

761 3360 2326 160 mons de morermeester van gent, over de laeste gesondene packen, als synde de

764 3469 2330 110 vraght vande 2 te hooee gestelt, ende dat ick daer over alhier mde de schippers

756 3520 2330 166 soeude accorderen st welck odck soo sal geschieden, dogh hij verimaent niet

780 3611 2346 164 vande brief sn £292.- maeh wel dat mons Beausse se sone asaer

760 3723 2316 133 noch niet twas gepasseert, sylee dat ick niet oete wat dancken, ende

767 3801 2394 149 vreese, ofte hij ergens op den wegh ieckelijek swaere, oft eessigh anders ongevall

771 3862 2394 167 over coonmen, ick hebbe hom op syn vertreck noch medd gevan ven gegleept wese

764 3946 2355 183 van ƒ £ 172:10 tot laste Jan Jordan Jnanse vertallende 3 xber, 8or

773 4057 2279 186 iedts, daer aen men queerde sondermen in tijts daer ordie connen stellen

750 4155 2400 159 oversulcksx bidde ick ue, laet my in antwoort desel van ue vernemen, oft

760 4235 1725 123 alles wel is, waermede mij sult verobligeren die blje

5431 173 389 106 24 gber

3183 182 668 156 Londen Anno Besse

3348 241 2485 192 En responce a la chere vre de 4 cour, i'ay negotie vre remise sur amst sans perte,

3361 370 2490 124 tellement que vous est creditez pour £1781:10 p un grand bonheur que le petit monnoy

3354 405 2399 160 est derminne a hollande, ce qu'il a fait hauser l change, et rendre une 1½ p.

3355 564 2474 104 vre advntage, comme cette lettre auroit perdu, si i'aurois negotie a la reception

3362 604 2464 154 ie m'estonne, qu'on a partage vre pacquitte & deux, sela n'est pas bien faitt si non

3358 683 2437 201 que pour partager le recque comme vous ditte, car c'est be plus petit pacquet, que

3344 762 2443 197 iicy encor achemine cette anne, d'autant plus que vos dentelles sont la plus

3341 859 2413 205 part fines, et une aultre que demand de grosses peulent avoir pour ƒ1000: dans

3354 968 2446 198 chaque pas quet, le bon dieu rend vos dentelles brenchez vous, je ne donbte pas mais

3352 1065 1907 211 que vous trouverez bon satisfaction, ie vous salue & suis

5592 1070 96 223 £

3189 1162 1034 234 Brussel Anthoni Rousseau

3368 1222 2459 266 J'ay l'honneur de la vre de 21 & 22 court il est bien qui le S gaudency a paye a compte

3290 1337 2516 242 de la remise de £100: £69 et promise le surplus imeessament, vous avez bien fait

3364 1418 2478 213 de frire annoter la lettre puisque i'espere qu'il payera la reste selon sa promesse

3345 1513 2485 200 fultrement il vous plaira me renvoyer avec le protest, si non que pour l'omorepe et

3355 1617 2437 174 de mores proly, que vous fairiez devoir encor pour obtenir la reste, comme il ma

3344 1706 2474 229 prie de vous descrire, non obstante la lettre m'est donne en payement de mons.

3325 1773 2480 242 an havre quand ie paila a mons furness pour avoir payement de vre remise de

3335 1860 2500 266 ƒ 34„7, et principalement pour le restant de 9 patar il responde comment encor

3350 1944 2497 231 le 9 patar ie peu sa que mons rousseau m'avoit donné les ƒ 24„7 pour une court sie

3376 2063 1596 242 et qu'il auroit iamais demande, ie vous salue et suis

3187 2161 1772 278 Londen Jan Kent vervolgh van roverbrief

3337 2234 2486 282 Bennisse soo sy mij heeft geseyt versoeckt expeditie van ue voor 2 van heere packen

3356 2360 1644 195 de prompte ongewoonelycke sorge recommandere ue

5589 2397 154 161 d

3215 2507 699 197 Londen Jan Kent

3351 2518 2456 255 naer dat ick op 20 deser aen ue hebbe ges den ue van 4d ontf godt sendt

3369 2683 2418 157 de rotterdamse convoijenwel over soo wel van rott als hull den inhoudt

3375 2771 2408 152 van mij nen voorgaenden is ue seer gerecommandeert ick hebbe heden niet

3374 2843 2398 158 conney voor bj gaen op ue te trecken £20 u15 st te betalen aen geeredich

3369 2937 2424 171 huysen op sight hij is een persoon van dese stadt, ende van goede vrinden, & soo

3369 3045 2470 128 het schijnt nu in sieckeljcken staet, soo is mij bevolen naer hem te doentaelen

3372 3097 2456 175 oversulckx versoecke dat ue de moorte wil doen nemen naer hem te infoomore

3376 3174 2460 180 volgens t' onders chreve addves, ende de voors weirde aen mijn trato betaelen

3369 3261 2376 203 ende mij van syne gesteltenisse kennisse geven, wannede my ut

3360 3354 1329 195 partieu lierlyck sal ver ol die blijve

3231 3485 989 205 Cortrijck weduwe Causse

3296 3525 2554 207 In antwoort aenden ue van 22 deser den wisselbrief voor de neteldoehe

3320 3655 2534 150 van £2927s door mons Jan Bapt cansse ue sone gemaeckt, ende door mons

3374 3741 2428 160 demoer meester geaccepteert, soo ick hebbe hun hooren leggen, is

3320 3820 2510 183 vor die partijen voor ue & hom dogh mons Jan e heeft die voor ue

3336 3922 2443 208 ick alleen gecoght ende beloft de betalinge te procureren op

3356 4029 2449 142 corbrjck p noet te trecken maer wel op ryssel ben mins ten a 6

3375 4109 2459 177 rlies, ick benseer verwondert wat ue seght vande kersyen, ue cone

3382 4204 2469 152 heeftte hier gesien & sejde de selve uytterlyck wel waeren, soo dat ic
