7330 4500
2161 160 818 126 Adij 10 July 1692

416 156 814 150 Cordrijck Nicolges Robette

578 208 2487 167 alhoewel wy van t aniets hebben venomen tsedert dat debeheude renten

587 334 2487 151 sijn getrensporceert geweest soe twijfelen negehier niet  oft R pent dien

588 416 2468 175 intrest waer & seyde cons sier aengenaem wesen, waer her saeken wey estonden dat

579 496 2442 137 Nr eenige betaelinghe conde becomen, soo bidde de goetheyt gelieft te hebben p

597 591 2467 131 occasie eens hemns te geven hoe diefacte gelegen is, & oft ient stervende geen

590 698 2481 148 particuliere prompte betaelinge tot den sterft dagh van liffrente soude lompaobtineren

579 775 2494 176 als mede of niet noodisachelijk is dat de rerken voor langeren tijt als 1692

572 868 2488 180 getranssnt dert worden waer over  gewe ant woorde te genwet sien & ce

407 1005 976 209 Helst francois de bundel

2642 1022 325 185 11 July

578 1125 2452 182 Ick hebbe in iannuario lest eenen brief van ue ontfangen vanden 27 van

549 1293 2471 107 die maende den inhout & wat ul daer by beloft heeft, is ue genoech saem

584 1366 2451 123 bekent, t' sedert hebbe ick van ue niet vernomen, t' is eene schande voor soo

581 1478 2400 131 een breffelycke familie, dat de schulden van mons speeckaert niet voldaen

585 1529 2406 153 en woorden, ick en can niet bedencken met wat gerust gemoet iemanden eoft

588 1621 2397 179 het goet van syne onders oft vrinden, sonder deschulden alvoorens te voldoen

577 1749 2424 123 tis waer ick hebbe onlanckx van wegens mons Cambertij eenige betalinge

579 1869 2416 102 becommen, doch soo lanck ick ten volle niet ben voldaen, hebbe reden mij te

594 1933 2365 163 beclagen, mi is mijn huysvrouw gestorven ende ick moete alle mijn schulden

570 2029 2374 160 sonder tyt verlies in voorderen t'sij metter minne, ofte met den rechte om

570 2143 2423 166 mijn hinders deel goet te maken oversulckx gelieft ue & vrinden oncosten te

573 2267 2500 136 meyden soo sult gelieven te sorgen dat ick voldaen woorde, t'welck verwachten

579 2364 230 132 blijve

384 2428 831 229 Aelst Jan Lamberty

2597 2476 213 164 11d

571 2554 2458 180 falsoo mijn huysvrouwe is comen te sterven soo woorde ick genootsaeckt om

592 2701 2461 149 onaer goet voor ons sunderen terstont aen te leggen, ende dien volgens alle schulde

562 2807 2462 149 op 8 corste in te voorderen, ue weet wat ick prest noch moet hebben & de seoe

588 2923 2471 159 =danigh ieoff ue huysvrouwe mij heeft beloft sulckx te voldoen, niet alleenelijc

547 3046 2506 136 bij haer woorden maer oock bij schriftelijcke obligatie, oversulck recommandere

576 3127 2403 155 in antwoort deser deselve reste te seynden, op de om alle voordere costen te

570 3223 2471 165 ontgaen, want ick genootsaeckt soude syn de obligatie in recht te gebruycke

590 3329 2116 161 ue eenigen dinst connende doen gelieft te commanderen die blijve

2608 3442 234 170 11 d

466 3445 1045 193 elst Jaques Philip Guins

555 3578 2452 130 t sedert dat ick deere hebbe gehadt inden voorleden winter aen ue eenigh goet

559 3700 2387 149 te vercoopen, hebbe ick van ue niet meer vernomen, ue geliefde als dan mj te

555 3731 2432 158 seggen dat soo wanneer ick niet voldaen en wirde wegens het sterthuys van

539 3858 2399 140 us groet moeder saliger, dat ick het ue soude laeten weten, ende dat ue soude

560 3939 2435 168 soogen dat ick voldaen woorde, ue seyde voorder dat d' heer greffier van

546 4053 2513 152 overmerre hier in hadt moeste comen ende mij soude voldoen ick hebbe tot

542 4152 2513 181 noch toe hem niet vernomen, oock geene voldoeninge, oversulckxx bidde ick ue

3253 162 2565 120 daer inne gelieft te voorsien, ende sorget dragen dat ick voldaen woorde waer

3325 246 2474 117 mede ue mij eenen particulieren aengenaemen dinst sal doen, & soo wanneer

3321 339 2480 151 ick ue hier oock ergens in can dienen als in mijne coopmanschap, oft andersints

3298 418 1802 175 sal ue gelegentheyt trachten te recompenseren die blijve.

5339 538 331 176 19 July

3142 527 928 229 brugge Raphael coots

3221 634 2619 197 ick verhope ue behoude thuys compst, de bij lander & engelse schepen wachten tot

3303 777 2536 123 londen alleen naer convoij, met de selve sien tegemoet 10 packen waer van 8 alreede

3314 876 2510 136 sijn gelaeden, inhoudende als aenden voet deser, ick verlange seer naer hunne over=

3325 963 2481 133 comps te, ick hadde gemeynt het convoij al lanck voor ulderwaerts soude syn ver=

3329 1048 2474 161 trocken, bidde mij te adviseren, wat deswegens is gepasseert ofte ke het met het

3318 1151 2442 155 convoij staet, ende bj soo verre ten arrivemente vande schepen de bargie van costij

3317 1268 2523 123 naer gent met pasport vaert, sak sal ue de pack N. 5 a 10. 11812 op gent seynde

3321 1340 2474 149 ende d'andere addroitur laeten comen, ende alder princissael te sorge droaegen voor

3299 1442 2413 149 N.10 & 12 op het spordighste t'expedieren, my adviserende wat passert blyve.

3341 1537 1971 238 p marten Janssen  N.5 met 8 roode & 4 witte cottons

4202 1645 1129 113 „6 met 8 roode & 4 witte cottons

5703 1706 134 76 Cobtern

4047 1692 1796 160 „3 met 5 dobbel roode lakens & 3 coleur lakens t soot

3326 1833 2513 117 met adriaen de Raes D „ 8 met 10 swanskins baeyen 8 stuxkens flancl ½ wit cotton

4201 1913 1436 139 „ a met 18 quaerten roode lakens 1 witten baej

4186 1984 1244 156 „10 met 14 modecoleure lakens 1 baeij

3320 1984 634 201 met thomas askin

4181 2073 1436 153 „e met 5 witter pack lakens eenen witten baej

3313 2141 695 158 met maqnus mason

4204 2193 1355 164 12 met 12 modecoleure lakens 1 witten baeij

3330 2246 536 150 met Jan maes

5435 2342 298 181 12 July

3133 2340 1191 248 Mechelen Cornelis van Aken

3290 2459 2537 220 Ick verhope dat off ue huysvrouwe ingesontheyt is herstelt de mijne gelijck

3287 2570 2472 190 ue bekendt is is gestorven, ende geeft ovessaelke, dat ick haer goet voor onse

3336 2617 2520 210 hinderen moet past aenleggen, ende daer toe heb ick meer gelt noodich als ick presente

3329 2761 2519 171 can by de werck brengen, ende mijne vrinden particculierijck daer toe maet moeylijn

3348 2844 2456 156 vallen, conde ue mij aen ƒ 5000 hebpen gij sout mij eenen grooten denst doen, ter

3332 2956 2461 169 wijlen dat bj provisie de vryicheyt neme aen Joff vander plaeten eene assignatie

3317 3046 2501 161 van ƒ500:- te seynden die versoecke aen haer gelieft te voldoen & soo ue moge

3304 3148 2439 176 lyck is haer meer te geven, al was het tot een duysent guldens toe ue sal mij

3329 3239 2491 149 extraordinair verobligeren, daerentussen verwachten wij alle dagen een niems

3334 3333 2451 170 convoij van engelant waer mede ick seer veel goet tegemoetsien & soo het

3335 3430 2034 168 ue gelieft sal aen alle verse sortementen connen gerieven blijve

5530 3448 147 189 de

5327 3547 177 115 2

3145 3518 781 176 Mons Pierre Meuremd

3329 3564 2507 181 ie receu a son temp de vre de 4. may dernier, la mort de ma femme acause mon

3328 3697 2504 140 delayde reponse: voiant vre oppinatatre & pour touceir ce que  vous mete redouable

3316 3766 2551 196 qu'il me fault consentier, ce que vous voule. Je vous detaij, que ie me contenten

3310 3897 2526 138 & que ie vous envoyeres une quitance absolute, quand vous mores fait remises

3324 3984 2513 160 & recevoir les £35:- du vous fait mention & si que vous n'avez plus d'excuses

3305 4054 2527 164 pour ume efaire remises j'ay present de tres grandes assortements de merchandise

3290 4183 1689 154 d'angleterre je faiire quell'ay commerces  livres
