7954 4534
1014 196 2195 97 que faire is estt com cela p tout il sen vout bien armer

1012 240 2293 166 de patience en esperance que les affaires tront mieuxien

967 329 2242 228 que nous aurons bientost tume bonne paix, comme on le

995 437 2177 212 persuaderey tout a fait, ie me recommend a vre sonne

997 533 2284 219 grace, et sonthont avec toutte vre famille une heureuse noves

895 630 2395 207 Janne rempoie de toutte sorte de benediction, et contentement

2866 755 263 165 31 xb

828 771 1088 186 Londen John Kent & comp

961 855 2255 211 since my cast of af cart non from you have little tosay

985 982 2241 197 onley couvert to the inelosed bill for £61:14:3 en on

969 1098 2306 181 on du maistre for which procure the needfull & advise

985 1238 2188 181 what passes exspecting ha lott & i whis you a mwis

1719 1310 971 174 Laus Deo Anno 1694

984 1341 579 186 yeare & rest

2755 1319 527 192 4 Janu 94

812 1390 1007 269 mechelen van Aken

1007 1496 2192 205 volgens den ue van 2 deser hebbe ick heden met de

1000 1657 2293 188 wagens gevonden de 2 stucken frisetten naer de staele

999 1734 2293 216 de dragende als volght maer om lichte guyse teontliede

1003 1877 2129 190 is voor dat suysoen te laet naer groetenisse blyve

2745 1979 521 203 4 Janu 16914

839 1992 916 224 Rott Abrat de bra

965 2110 2226 154 volgens den ue van p deser sijn wy van sentiment dat die

998 2188 2226 177 andere geintresseerde in de goederen van jaques de wit geen recht

985 2295 2254 222 oft macht hebben onse goederen die bekent sijn & aengewesen

1000 2404 2248 171 connen worden te vercoopen onse vrindt op anelant heeft mijn

1002 2507 2238 181 5 witte grijse lakens gewonden, ende de meeste partye keosen

989 2656 2288 122 van dheer Roosendael deselve heeft hij aenden inaeckelaer

959 2754 2297 142 die d'andere goederen heeft gaen halen gelevert op syne geleote

1009 2851 2165 140 dat hij die aen ons ordre soude laeten volgen, soo dat den

1001 2940 2211 124 selven maeckelaer oock wel weet wellck die goederen syn

1003 3016 2230 173 & hebben wij niet te vergeefs het ons laeten gelt costen

993 3108 2125 168 om die nij tevinden, derhalven ue sal gelieven te doen

985 3203 2210 171 wat mogelijck is om die te become, &de als te meer

1000 3299 2278 157 omdat van myne numbers gevonden de ofte soude die maeckelaer

984 3400 2239 168 die selfs moeten hebben af gedaen, evenwel myne lakens

975 3489 2266 220 syn te kennen bij hun wit colleur & alhoewel van tselve

955 3606 2278 158 coleud noch andere sijn soo syn die te kennen by hunste

991 3691 2271 165 extraor dinaire lenghie ingesloten daer van d'originck

1009 3797 2238 178 facture, ogch eene procuratie, om voor ons daerinne te doen

988 3927 2287 151 als voor eijgen & sal d de myer heden naer costij vertrecken

977 4007 2278 184 aen den welcken ingecloten onme ordre dogh ofte het geseurde, door

988 4115 2293 189 eenigh onbedacht ongeval, oft andersints, by niet tijdelyck voor

984 4215 2211 137 quane, soo sal ue die brieven openen, ende naer ladvenant

3508 208 2395 146 reguleren, het bestaet daer in alleen dat soo wanneer ue niet te

3497 258 2420 241 ilght can comen sonder procedure ofte andere groote moeyeljck heyt

3469 394 2425 201 heat dan in t' vercoopen uyne lakens sult gelieven te corpen, onder de

3480 470 2456 231 ƒ2:- d'elle t'welck moet gaen naer d' boge ofte die goederen bedorven

3475 586 2450 263 sijn, ofte niet, want het can gebnen, dat sij geen half gelt weirt syn

3453 680 2464 243 daerom sal s demyer dat t best connen ordeelen, wegens de baeyen, schijft

3470 812 2446 232 st vermeulen alsoo het pack N 149 hem tte behoort & N150 aen

3451 977 2421 217 Abraham van diest met 30 witte baeyen, dogh alsoo de baeyen niet te

3466 1062 2330 263 vinden sijn soo sullen die vrinden nevens d'andere inden vercoop moeten

3460 1169 436 149 consenteren

3394 1835 668 251 Rtt  de myer

5282 1934 527 176 4 Janu 1694

3459 2033 2402 220 terwijlen ue op versoeck van dh Roosendael de reyse naer Rott hebt

3463 2141 2450 236 angenomen, is ue geaddresseeert aen S Abraham de Bra met den welcke

3440 2236 2436 230 op ontfanck deser de goederen sult gelieven te visiteren, ende soo die

3463 2352 2409 224 ons toebehooren niet connen vercregen worden, maer dat wij moeten consen

3459 2485 2354 224 =teren inden gemeynen vercoop, sal ue myne lakens in coopen, synde witte

3448 2552 2374 258 grijsen volgens de facturt aen mons de bra heden gesonden, 3 geperste

3423 2688 2396 221 & 2 noortse waer van de numbers & grijsen aenden voet deser, ick en

3441 2770 2433 270 can ue daer over niet wel prijs stellen om die te coopen, maer daer

3432 2885 2416 249 moet ue selfs de igie van geven, naer advenant die bedorven syn

3444 3007 2433 225 geloovende die voor ontrent de 30 stuyvers sullen connen becomen

3426 3115 2340 194 worden, doende daer in als voor eygen, & nde laetse aen een ander

3437 3231 2419 218 niet vercoght worden even wel boven de 20 sb niet te besteden

3411 3315 2386 237 wel lettende dat ue niet de dozijntiens van outrent de a 30 van

3426 3445 2473 245 tselve coleur niet voorde myne coop, dan ofte het gebeurde dat eenige

3425 3520 2427 225 dozijntiens van t'selve coleur, ofte andere daer by waeren gedaen

3439 3629 2411 200 & soo eenen coop maechten, soo can ue die daer by nemen, midts

3430 3716 2469 260 de weir qualiteyt van t goet considerende, maer alsoo S de Braouse

3436 3809 2473 299 ordre heeft & procuratie soo heeft hy maght oan toe spreken & qune

3441 3935 2391 195 te geven nevens d'andere geintresseerde, hoe denvereoop te doen

3424 4085 2469 191 & volgens dien can hysense goederen soo veel moghlijck is apaert

3414 4153 862 171 becoop stellen
