7796 4521
2738 182 135 103 18

689 217 1076 190 gent £heprebout

907 254 2095 172 en beurtman op gent sal scher heden bij

821 340 2242 232 ue sijn versuynt geen tjt om & N1 cito p

827 451 2253 211 bargie op brugge te seynden want vreese te laet

821 552 2119 216 sal comen, alsoo heb convoij staet geereetue

2656 641 375 194 18 feb

825 686 588 156 vertrecken

613 780 503 189 bruggh oobs

844 754 2269 305 In antwoort aenden ue van 16 deser het pack tijck

837 874 2110 240 & can maer heden tot gent wesen hebbeaen

835 983 2239 204 cheure bout d'expeditie pr barquee gecommandeert

836 1068 2265 197 vreess eghter te laet sal comen omdat dese coste

834 1146 2180 182 wint het convoij geloove sal verhaest

807 1226 2319 197 de verclaeigh te doen voor ƒ 800 & het cognosse

836 1319 2259 249 aen mijn oodre godt bewaere het convoijt schepe

847 1423 1955 225 t geven behouden retour wachtende advies e

2733 1504 313 183 19 feb

622 1544 941 261 bredael Laureys ka

866 1630 2148 226 In antwoort aenden ue van 17 deser de 2 baelen wollen

767 1746 2372 220 wegen brutto tot amst & ieder & 184 gij sult voor eerst

813 1807 2335 198 daer van maecken een 3600 breede leyst, & dan een 360

837 1915 2211 194 drap de dame & voor het dorde een sluyper het vierde weder

846 2000 2154 209 een dich 3600 breede leyst ende de rest vande wollen

2469 2071 59 59 LE

853 2101 2155 177 sult gij dan tot drapdam op maecken, & alle schoone

853 2169 2271 204 langh harige swerte leysten geven, & gedaen synde naer

849 2260 2254 207 leyden aen hermantse seynden, & daerentusschen op syn

1364 2389 216 67 aen u

824 2391 1130 198 tijt daer van advis geben

2758 2450 329 184 19 feb

635 2524 760 206 Amstm Rover

813 2538 2305 266 In antwoort aende ue van 12 & 13 deser, bij den eerste

819 2658 2297 203 tot mijn leet wesen verstaen het afsterven van myn

827 2770 2307 160 heer valerius ue broeder in den onderdom van ontrent

860 2821 2322 198 de 29 iaeren, die ick oock hebbe bereyckt & inder daet maer

853 2915 2272 214 in de fleur eens menschen levens is dogh aen veele het

852 3002 2296 237 eynde gelijck men iet als t godt belieft ende alsoo

838 3079 2319 215 het sterven een absolute & al gemeyne saecke is, soo moet

834 3185 2282 188 men sich aenden wil des heere geheel onderwoopen, ende

849 3274 2277 175 op de beste maniere men can de droefheyt maetigen voor

858 3356 2214 183 het montant vande 3 baelen wocke hebbe ue in,

841 3444 2312 147 banco gelt gecrediteert wegens coenraert mehue, berwij

818 3552 2368 153 aen inde staet & credit is als vooren, schiche hem te emplayer

831 3612 2321 178 omdat hij de soorten van pyelakens die men hier vraeght

846 3708 2229 164 redeljck kent, hebbe oof de smet daer toe voordesen

830 3789 2336 157 begroeffidogh die preuve eel heelslecht uyt gesulck

833 3884 2336 171 dat ick het voor partije andermael niet wel derve waege

837 3970 2305 233 den ingesloten gelieft, t'expedieren terwijlen naer

846 4093 1199 227 moet aisse blijve

4912 162 142 131 29

5223 172 625 137 28 seb kno

3270 179 950 191 londen Jan Kent

3340 226 2496 263 I sence mij last of 2 cars non from you, I exspect to have

3632 356 2215 154 att least 3 packs beshipped for Rott att hull

4970 438 459 82 causel our

3767 471 185 92 goods

3380 470 2471 162 th ordered you att london for ostend there by are convoij is gon

5338 548 276 74 Eudre

3395 585 2450 125 by this thme interim buy in the nord, when you, y ood att lea

3386 684 2426 141 or without Kersus 30 geird viz 20 a 30 p of themart

3388 742 2449 151 C3 aut the or henrij wood they have brond vooled leste

3379 872 2408 152 & are good the rest of villeyy stanfeed or others that

3357 901 2473 211 are good, & soest penninworth, for Iorder these in hopes

3363 1029 2476 178 to Ihave a good opportunitie to buy because the deast

3382 1104 2433 192 time of the yeare off that com.: I have ordered the

3365 1211 2313 189 12 of lanue a pack of nothrens & sence to double that

3363 1309 2411 191 minhoer, now in hope to have a pack with this first

3376 1397 2418 200 convoij for Rotterdam desie you to prepare such a 3.

3382 1487 2387 232 pack &'insteed of N.5 & 6 in the s clothes to send: 2 to

3370 1583 2429 204 the inclosed patt. of 5 ƒ & one white gray of 518 & one

3361 1670 2393 179 white gray of 4ƒ the rest as best to be had to the

3388 1784 2376 235 patt then sent, which is the needfull att present from

5326 1890 342 179 19 feb

3341 1942 756 170 Brussel de smet

3359 1983 2405 218 naer dat op gister en de 6 geordonneerde kersyen in

3361 2112 2446 172 het pack van frans Jacobs innegepackt hadde & tselve in

3368 2180 2393 200 beurtschip p brussel scheepgedaen, soo become ue brief

3372 2303 2440 168 dogh te laet omme de 2 daer by geordonneerde baeyen by

3378 2393 2457 155 te doen, welcke dan tot een ander occasie sullen connen

3372 2491 2452 151 dienen, seynde wederom met desen ue tholbrief, voor

3379 2579 2473 218 de 6 witte kersyen te betalen in wisselgelde sonder valoe

5497 2705 328 125 ƒ 174:-

3374 2747 535 161 aƒ 29 stuck

3353 2864 264 116 blive

5493 2810 322 217 22 feb

3251 2897 916 207 brugge guille morse

3356 2943 2402 269 MM voor desen d'eeren niet gehadt van ue te schryven faute

3382 3074 2394 198 van occasie dienende desen, als dat mons richard stutheel

3370 3149 2367 197 van londen mij adviseert aen ue ges te hebben mijne ordre

3374 3231 2384 218 te volgen met een pack creppen by N14, soo het selve bij ue noch

3367 3322 2454 193 overcoght is, sulckx sijnde, gelieft, dat p eerste occasie bargie op

3368 3417 2416 212 gent aen fran herrebout t'expedieren, met ordre om pr eerste occasie

3339 3472 2496 227 van daer t schepe mij toe te seynden, mj adviserende wat passeert, om

3373 3552 2336 229 mij volgens te reguleren, sal ue mij verobligeren die blijft

3280 3704 1190 213 Rotterdam Abrah de Bra

3384 3727 2452 236 den ue van 6 deser op syn tyde ontfangen, ick hope dat het

3383 3857 2455 169 convoij van hul met de by hebbende schepen haest behoude

3367 3961 2400 149 sal opschieten daer seer naer verlange, omdat ick differente

3378 4018 2458 214 packen aldaer hebbe doen in laeden, waer van alsoo de volcon

3348 4123 2499 203 perticulieretijt nooch niet en hebbe ue geen sekene noth

3380 4210 2302 157 can geven, eghter versoecke, mij kennisse te geven op
