7817 4521
783 204 2269 97 dat nauwlyckx de moeyte weirt is, daer inde te bemoeyen

855 247 2289 202 godt wil ons vrede verlienen, is ue iedts van protyt oerdeelende

796 335 1625 205 gelieft kennis te geven, terwijlen bljv

2733 439 378 142 16 meirt

643 473 808 215 Amstm Rover

820 500 2307 223 den ue van 12 deser ontf. & geene andere soo dat ick twijfele, oft

853 617 2182 203 ue de versoghte partije sal hebben geassureert becomen

857 713 2249 177 waer over eghter clij hope geen swaricheyt is, alsoo met

2161 803 940 123 heeb schepen het convoij

2002 836 90 71 t

858 828 1802 134 de laeste brieven Pat  hul vertrocken daer wede

859 892 2210 171 van Rotterdam te hul was binnen comen & op 27 paso

855 989 2291 177 weder in see geloopen, & alsoo men geen naerder brieven hebbe

882 1100 2284 150 & cont gedurige contrarie wint is geweest, soo twijfele niet

869 1189 2319 186 ofte sal daer weder sijn opgeloopen, hopende dat het nu niet

822 1275 2322 182 dese weste wint sal opschieven & sulckx morgen te verstaen

835 1346 2285 251 hebbende de bre geordonneert ue daer van kennisse tegeven

844 1464 2276 199 midde lertijt is de partije geassureert t is wel dogh sulckx niet

869 1561 2221 221 sijnde, soo gelieft het advie van mons de bra woensdach

873 1671 2297 164 in te wachten & het voors convoij als dan noch niet gearriveert

865 1735 2225 223 sijnde d'assurantie te laeten voortgaen, al was het oock

877 1825 2252 169 a 3 pe dat men seher wiste, ofte het gelt sal afgeset blyv

881 1915 2209 214 soude partijen op tyt op costij geven, oversulckx soo daer in

881 2007 2151 191 iedt voorvalt gelieft te adviseren terwijlen & gust

1358 2096 1257 120 se op ue getrocken & dagen dat

2783 2119 242 164 16d

713 2131 2054 222 Rott de bra N165 ut aenegode wet te betael

863 2252 2246 123 t sedert mijnen lasten van 5 deser geene van ue daeren

885 2328 2280 178 tusschen soo was het convoij van costij t  20 pas uytgele

880 2457 2297 156 open tot hul wedergekeert & 27 ditto andermael in teegeloop

869 2495 2331 215 godt wilt het behouden seynden, biddende mij morgen te advisere

877 2585 2280 199 wat ue deswegens vernemt, t'sij het selve gearriveert is ofte

894 2692 2251 154 niet & oock daer van kennisse geven aen mess geer & valer

877 2761 2222 193 rover in Amst, alsoo sij ordre hebben eenige assurantie te

905 2873 2227 165 laeten doen, soo het convoij morgen niet binnen is, due bidde

894 2921 2257 191 hier inne geene foute &' sj recommanderende wijders d'expeditie

908 3069 885 148 aende ingeslotene blijve

2799 3084 257 168 16d

727 3165 1130 218 bremen Coeuraerd mehue

876 3211 2321 269 In antwoort anden ue van 4 deser wegens de swaere py laken

858 3308 2350 239 op Rƒ10½ is hooge merts daerentusschen, soo soude geirne

893 3408 2293 218 voor dit iaer 2 of 3 packen hebben & soo ue tot sto can

905 3536 2257 149 aen comen bij provisie een pack in bespreck houden, om het

876 3598 2281 203 met het eersten convoij van bremen naer amst te seynden

892 3704 2286 207 maer het moet swaer breet goet wesen, levendigh van coleur

891 3783 2324 183 ontrent de a 2 breet & a 42 lanck, want hebbe expresselijck

882 3871 2332 196 die negotie daer gelaeten, omdat daer niet bij te winnen was & de

888 3968 2294 174 lakens soo slecht vieles, soo gelieft daer in te voorsien &

883 4078 2332 183 dat geen oudt maer nieuw goet te coopen & alsoo wij ue daer

874 4152 2359 193 toe tijt genoegh hebt, want men dat goet niet noodigh heeft

886 4240 2342 162 voor sber naest comende, soo gelieft voor mij daer in te vigilere

3387 128 2438 170 omtot hi boorn a d lorden aes ue best, el weseande

3399 262 2400 89 om het eerste convoij niet verhaesten, draegende soo eene particu

3404 325 2351 108 liere sorge voor mijn intrest gelieft te adviseren, wat daer in

3386 388 2355 135 passeer vom vervolgens tot ue remboursement te sorgen, t' welck

3374 438 2416 207 ingeval le van incoop bij d'heer rover als vooren sal wesen

3365 567 248 163 bly

5415 627 372 170 16 meirt

3254 591 992 253 Londen ayles & Alsop

3407 703 2414 249 coppie of a letter I writ you & because I have had no answer Io

3262 824 2586 223 doubt itt did not reach yd handes if you please I desire you to providd

3339 910 2462 245 the contents as also a pack of sp clothes to the inclosed patter. &

3356 1024 2427 217 instruction for the next convoij for ostend, butt not to ship these

3361 1117 2467 248 packes before the convoy become, inclosed invoyce of o pack of

3333 1230 2506 198 tykes, which I have forwarded, & is now in handes of S coobes

3376 1330 2474 238 please to advise mee if you accept itt for your actt, because Ica

3350 1444 2483 173 dispose there of to other handes lett amonghst the flannels

3383 1539 2466 186 be 2p gehepert that is woven as the perpetuanos, on ys answer

3363 1629 1677 245 shall bake further measires whilst I rest

5153 1728 190 168 16

3429 1806 512 180 wed. cousse

3422 1854 2424 181 volgens de uen van 15 deser soo sende ingeslon te neggen

3350 2000 2492 155 de17 wisselbien ider Jean £10oftt door willen

3381 2124 2431 151 ue van diest gea, tul raegt aederom de

3404 2196 2441 167 pd uit lange  mero mylle ick heb iu due gesend

3373 2274 2431 234 p 29 jmui test nint lank fachiers gevy en noch

3384 2383 2437 191 den ende re. waer in den lestn mij const s bij

3374 2434 2478 278 delleo opende £128:8:4 hebt gij die niet ontf. soo

3368 2602 2455 206 sal ick ooch een senden amaer soo ul die ont. hebb

3349 2706 2452 188 soo wer niet op wat maner anders te suy

3360 2777 2347 183 geer s antwoor eerwaght blijke

5331 2912 379 141 16 meirt

3276 2937 826 196 Brussel Rousseau

3359 2980 2431 250 depuis ma derniere de 14 court, reccu la vre du meme date, avec vos et

3373 3111 2448 199 remise de  £200 en 2 lettres  £100 sur monr farnese et £100

3354 3197 2419 195 sur Jan du maistre la derniere estant negotie aucourd huy a 33:11 et

3355 3315 2486 146 celle sur le chevalier furnese est encor chez mgy, ie ne doubte pas mais

3359 3431 2466 170 que i'obtiendrez le mesme prix, ayant aussi negotie le £160 sur ostende

3367 3511 2460 158 a  a vxeperte a governo, cy ioint une lettre de £40 sur pr francois de

3361 3607 2473 197 haes vous priant de luy faire accepter le pajement sir quelque terme

3366 3691 2416 188 en cas qu'il ne paye pas en peu deiours pour me quitter de luy peu a

3354 3788 1784 211 peu s'il soit possible, vous saluant re me direz

5505 3850 336 195 16 meert

3270 3888 1000 191 Brussel frans de haes

3359 3958 2453 200 alhoewel ue op mijnen laesten brief niet hebt geantwoort soo

3372 4074 2351 170 laet daerom den tyt niet te verloopen, daerentusschen is

3351 4164 2368 152 ons convoy van engelant tot ostede gearriveert, daer mede

3368 4273 2409 108 verwaghte ick eende schoone partije fijne modecoleure, gelieft
