7919 4548
2759 199 415 145 3 april

805 197 895 211 gent herrebout

939 270 2269 171 t sedert den ue van 4 feb geene occasie gehadt te

974 428 2307 163 antwoorden desen alleen tot couvert van eenen

952 485 2362 219 wisselbrief van 14 £ 100:- ten laste Jan Hijndrickx

958 629 2229 192 versoeckende den selven gelieft te laeten accepteren

934 769 2313 118 & mij cito weder omseynden, midts mij daer seer veel

947 872 2349 168 aengelegen is verwaghte van ue de noodige promptitude

935 970 448 181 & blijve

763 1071 607 229 brugge Coots

2894 1105 222 162 3d

868 1196 2439 168 foute van occasie den ue van 24 pasto niet eerder beantwoort

942 1369 2253 125 alhoewel de convoy schepen syn vertrocken & geloove in

941 1422 2256 183 duyns liggen, soo twijfele, ofte de selve onse schepen

951 1519 2261 186 van londen haest sullen afbrengen maer apparent die door

951 1637 2236 162 een engels convoy staen over te comen, omdat nu kent

936 1727 2341 205 adviseert 30 pasto dat sij in 3 a 4 daegen stonden te vertrecke

951 1848 2206 175 voor my is dan gelaeden in tschip van ornart verschrieck

928 1936 2353 206 N31 met 10 gemengelde noortse lakens 2 kersyen, aen boort

915 2046 2287 226 John hazelwood N 32 met 14 gemengelde modecoleure

948 2169 2315 161 lakens 2 wit cotton fardelure vande minste soorte aen boort

894 2239 2351 205 Laureus danning N33 met 29 witte flannel & 1 cotton

2394 2351 82 84 be

947 2353 2267 166 aen boort Jan win N35 met 12 spaen  gemengelde

934 2473 2373 198 lakens 6 witte flannels & 1 wit cotton geloove noch 2 pack-

963 2591 2228 177 sullen gelaeden worden ondertusschen manqueert niet

960 2696 2260 179 eitisaeme t'arrivement te laeten weten, & N82 & 35 op

940 2841 2328 137 t spoedieghste naer gent te spedieren met ordre te waegens die

923 2880 2107 223 te seynden, dinst addroiture groete ue & blijve.

2875 2979 194 179 5d

797 3007 945 217 Cortryck wed. Causse

939 3108 2341 248 In antwoort aen den ue van 3 deser sal de 2 wisselbrie

897 3249 2343 166 ven in voorderen tot laste gillis faresscau in trussel

918 3354 2344 177 sonder ul schaede soo mogelyck is & ue daer voore creditere

931 3456 2304 231 de 7 stucken keere saeyen hebben wat lanck onder hande

943 3553 2233 230 geweest de 4 swarte syn mij heden thuys gebroght & de

896 3618 2356 284 carmosijne sijn inde perse, hope dat ick die woensdagh te

950 3751 2367 234 samen sal connen verseynden naer gent aen hr de moermusd

919 3903 2316 186 volgens ue ordre, ue gelieft hem het noodigh tijdelijck te

942 3971 2356 214 adviseren, hadde mons J Bapte voor nu alhier verwaght

924 4134 2369 188 soo ben hemnoch te gemoet siende terwijlen naer groet blij

5302 174 639 186 5 april 1

3384 183 614 190 Rott de Bra

3418 261 2515 170 bij den ul van 2 deser geirne gelier het arrivement van

3461 359 2366 206 Cornelis willemsen aen syn boort is myn pack N 34

3473 465 2386 189 volgens mede gaende cognossement, t'welck alsoo uytgeerd

5012 569 491 84 den selven we

3476 622 2468 140 Leunis op syn vertreck is herlaeden & aen hem tot gra eland

3470 673 2455 149 naer gesonden, soo ist niet te twijfelen, ofte light boven op

3490 773 2449 174 allles derhalven heeft ue het selven oock met syne aen compet

3493 899 2415 135 connen verseynden, dogh soo sulckx noch niet waer geschiet

3477 1002 2462 140 bidde cost wat cost het terstont uyt telichten ende my toe te seyn

3475 1105 2408 175 den om dat den paestyt soo naerdert & ick het selve voor dien

3458 1222 2402 164 geirne hier hadde, biddende ue nu & voor altyt de considereren

3649 1325 439 85 de goederen

3457 1330 2412 161 dat die goederen die wy van londen naer costy seynden ons

3454 1438 2440 186 ten uyttersten noodigh syn, anders die swaere costen conde

3424 1544 2421 185 spaeren & daer omme d'expeditie te haester gerecom=

3463 1655 2427 151 mandeert blijft niet het convoy van hul verwaghte

3461 1802 2489 166 p schipper Jan lightleij een pack  N 27 met 12 lakens

3475 1868 2469 222 aen te geven voor 40½ dozijntiens van a 18 & 2½ witte baeyen

3475 2029 2399 184 van a 65 tsamen weirde ƒ 1225:- t' gepasseerde gelieft

3445 2150 2447 159 mij morgen te adviseren, als mede wat ul van het huls

3419 2228 2461 173 convoy compt te vernemen terwylen naer groet blyv

3396 2365 985 181 Londen Kent & conp

3438 2492 2415 181 mee are 3 april above is coppie of my letter of 25

3445 2585 2409 222 past because there is a rapport of 1h thote lettess

3422 2711 2371 163 there brought up to duynkerg with the pacqueet

3449 2824 2406 186 trat so referre you theremito & to my last of p curt

3447 2918 2474 201 haveinge sence yours of 10 & 20 past I approve their

3445 3038 2431 157 contents wisshing ouley one pack more off sp clothes might

3422 3182 2494 170 be send with the coonvoy for ostend according to the directious

3438 3259 2448 223 of my forimar letters & if that convoy be gon so buy who

3430 3390 2428 131 ever what I have ordered & in theord thebrouwne bleur

3426 3505 2446 179 graycs of 5 ƒ clothes with the bstone grayes to be a pak

3439 3580 2367 224 of 5 p inclosed £300:- on the Earte of Ranelack

3439 3689 2495 232 procure the needfull. the newest from spaine of the sleeld

3417 3803 2233 265 to the straighs is veere butt godt preserve them
