7947 4521
920 177 2335 133 der halve tet betnaesten die moet blijve leggten onderrissen van

918 278 2257 94 niete veremse voor het sen gelaeste tijken vervng

933 334 2082 128 el bend, & mits ick ude heb comen de lage

916 398 2193 187 hebbe hty ip ugetral het in sort vant pact

905 479 2310 208 sijnde ƒ1016:14½ £169:9:1 nst gelt a 32:11 £ 102:19:2

923 579 2042 178 le 2 suse in faveur van mr. Jankeut & comp. due ilk

1090 690 1942 166 elooe ke seboeff laeeeee jwaer in ue can dit

906 749 2141 226 mij libveelijk telo... ande, die naer gro blijv

2837 877 349 139 13 octob

733 906 979 213 Brussel govaert ververs

948 929 2253 239 volgens ue ordre van 7 deser hebbe ick heden het restant op ue getrocke

2784 1073 395 153 ƒ 2205:2

936 1099 920 167 de seheelt facture bedraeght

940 1099 1684 274 gaet af den brief op egedius geerboons N. ƒ 1200: -

2302 1257 178 127 600

922 1268 1167 157 dat ue aen mijn ordre van 21 pas betaelt

943 1343 1646 180 dat heden trecke aen mons rousseau te betaelen „ 405.2

2195 1425 385 167 ƒ 2205:2

937 1482 1026 137 is in voldoeninge van alles als boven:

945 1559 2179 191 bedanckende ue ten uyttersten voor ue prompte betalinge middelertijt

934 1651 2147 184 wenste ick wel dat ick ue conde dinst doen van andere goederen, hebbe

933 1734 2215 226 differente packen met baeyen gesorteert oock met kersijen, eenige packe

926 1819 2221 179 roode & witte frisaerden heeft miedt van doen. ick sal ue voor een cleyn

929 1969 2236 201 provischen dienen, verwaghte eenige hollantse swerte blouw & kermosyn

914 2059 2283 201 lakens biddende my te vereeren met ue commande die naer groeteniss

2826 2156 236 181 13d

968 2207 213 138 eyen

719 2205 821 290 Brussel Peeter Jacobs

938 2258 2129 267 seynde heeden bij ue mons anthony rousseau met een bewijsken van ƒ 94:

945 2439 2242 177 wisselgelde, voorden deventer baey & wit flanck aen ue op 22 augusti laest

938 2504 2251 197 verccoght, t'welck ick hope ue niet sal in comoderen te betalen em dat het

918 2600 2225 227 eene cleyne partije is, & als ue gelieft iedts anderste commanderen sal mjs

943 2751 975 175 aengennaem wesen die blijve

2817 2819 246 142 13d

754 2836 1066 201 brussel Seger vander Borght

947 2874 2295 232 ben ick dan soo uyt ue goede gratie geraeckt dat gij alleen niet eens naercomt

940 3014 2253 210 als ue hier is, ofte hebbe ick de commedie soo verbrast, sueckelijck, hoehet

930 3133 2228 200 is, ofte niet, ick hebbe groot gevoelen, dat myn beste vrinden my soo

940 3249 2241 192 iverlaeten, ick ben nu verhuyst 8 a 10 huysen hooger inde selve straet

909 3342 2256 187 & daer hebbe ick un soo schoen & groot packhuys als in antwerpen

920 3449 2329 181 eene is & dobbel over wel voorsten, oversulck x hope ick in toeconmmende

921 3548 2240 177 ue heter te comen dienen, dalrentusschen, wete ick niet, ofte ick an

906 3649 2271 179 Ielt derve seynden, ofte niet, ende terwijlen dat evenwelde vryichest

865 3761 2264 166 gebruyck, soo bidde neemthet niet quelijck endeue niet gelegen

883 3853 2362 214 comende, ontseght het soolieflyck, als ick het vraege, heeft ue niet van

936 4017 2232 140 doen een pack kersyen, ofte een pack: baeyen, ick sal de selve

923 4064 2292 190 seer civrlijck overlaeten, want hebbe te veel goet biy mij bidde my te

926 4184 738 187 commanderen die blijve

3359 184 860 162 Brussel Chrisbiaen Segers

5457 207 404 168 13 october

3463 268 2365 142 midts het mijne regef is soo neme ick de vrijecheyt mons rousseau by ue te

3437 380 2419 142 seynde met een bewijsken van ƒ300:- courant gelt soo het ue gelegen comt

3440 414 2422 210 het te voldoen hij sal vrindtschap geschieden, ick ben nu verhuyst intrent 10

3454 518 2417 219 hujsen voorder inde selve straet, hebbe een seer schoon packhuys van alles wel voorsien

3447 671 2339 185 bidde mij eens te willen commen besoecken, voor winter provisie te coopen

3463 733 1155 176 sal al doen wat mogelyck is blyvende

3314 813 844 211 Brussel hendrick de Amet

3443 897 2376 268 alsoo myn reyse wederverschenen is soo hebbe ick heden een bewijs op ue

3444 1099 2431 157 gesonden aen mons anthony rousseau van ƒ 300:- wisselgelde, twelck

3416 1133 2454 167 versoecke gelieft te vercoren, ende alhoewel het ue heden oft morgen niet gelegen

3433 1248 2421 174 en quaeme, omdat ick wete dat den cosyn van d heer roosendael mu te brussel

3440 1340 2405 173 i, soo nochtans versoecke betalinge niet gelieft te refuieren al soude het oock

3874 1446 146 60 meer

3424 1434 2442 225 noch 8 acot dagen maten aen loopen, nwant my hier op verloetende blyv

3333 1543 611 234 Brussel JanJonaert

5609 1638 142 169 3 d

3432 1665 2364 233 ashowel het maer 6 weecken geleden is, dat ick geluck gehadt hebbe eenigh

3434 1804 2402 185 goet aen off ue huysvrouw te vercoopen om dat het dese weecke myne reyse is

3415 1891 2444 237 neme ick de vrijscheyt mons anthony rousseau by ue te seynden om ƒ 200: wisselg

3431 1989 2393 212 op rekeninge twelck hope met betalinge sult gelieven tevereeren, binnen

3407 2137 2402 148 maenden als het noch eens mijne reyle is sal ick van de reste disponneren

3406 2257 2445 143 ick ben nu verhuyst inde selve straete weynige huysen voorder, hebbe het

3388 2305 2394 219 aeenschoon groot packhuys van alles seer wel voorsien comt my nu

3385 2420 2106 207 eens hantgeften sal doen wat mogelyck is terwijlen blijve

3325 2525 755 221 Brussel henrij Rijssel

5551 2551 216 172 13d

3401 2641 2458 172 alsoo het  nu myne reyse is, soo derveick ue niet wel vergeten, hebben

3389 2782 2438 173 de Mons rousseau een briefken gesonden van ƒ 180: wisselgelde, ick hope

3397 2858 2366 173 gij sult het voldoen & niet qualyck nemen want ick betrouw mij seer op

3376 2946 2495 205 mijn oude vrinden, ick ben verhuyt inde selve straete eenige huysen opwaerts

3379 3084 2428 183 hebbe een seer schoon groot packhuys, comt nu eens uyt & handt geft my

3394 3132 2445 262 eens voor ue winter provisie, ben seer wel voorsien sal doen al wat ick can

3393 3243 728 158 tot ue dinst  blijve

3331 3293 1064 226 brussel Peeter vallyn Janior

5504 3378 261 150 23d

3405 3499 2366 138 volgens ue laecte schrjven, heb ick ue gewaght tot voldoeninge van de rest

3417 3593 2335 152 vande partije 19 janmario laest vercoght, ende met eenen om ue te fournieren

3403 3674 2434 205 aen versche goederen voor winter, dogh tot dato ue niet vernomen, eghter dencke het

3392 3755 2401 179 soo lanck belofde in t cort sijn effeet sal hebben, terwijlen bj provisie heden op

3387 3875 2462 164 ue assignere ƒ 300:- wisselgelde te betalen aen mores anthony Rousseau, dat ick versoecke

3408 3977 2434 151 gelieft prompt te verceten, alsoo ick nu om gelt verlegen ben biddende voorders niet

3393 4050 2472 244 langer gelieft uyt te stellen tot voldoeninge van die reste, nu 10 maenden gepasseert

3405 4137 1057 188 a contant vercoght blijve d
