7837 4548
2557 189 542 129 28 augusti

697 199 915 158 Brussel Peere Lion

872 217 2388 235 het is ue bekent opoe dat op 15 meij laestleden aen ue heb gesonden

890 373 2366 158 eene procuratie om in recht te betrecken peeter vallijn denoude

850 473 2439 145 & sijnen sone tot voldoeninge van ƒ 1096:3 ofte £182:13:10 wissel

851 621 2343 144 gelt & hoe dat op 28 derselve maent den voors vallyn tot myne

880 631 2402 222 securiteyt heeft overgelevert in handen van d heer Rousseau eenige wolle goeden

865 788 2387 136 midts conditie my te betaelen in 2 uytterlyck 3 maenden daer naer het is nu

849 897 2393 117 soo dat den voors vallyn uyt syn winckel is gescheyden, ende syne winckel

866 958 2413 169 goederen door eenen roeper devos publieck heeft vercoght & niettegenstaende

861 1084 2436 114 voldoet mij niet derhalven sal ue gelieven volgens myne voors procuratie

867 1134 2431 180 den voors vaeder & soon voorde voors somme te betrecken vermaene

886 1256 2358 142 eerst vrindelyck ten minsten dat sij consenteren inden vercoop devoors

1032 1331 2245 97 publiek door eenen og e mogen doen gelijck hij met syne andere winckel goedere

668 1373 2565 120 ee heeft goederen ^ t' welck hun wettelyck niet af gevraeght worden, want

865 1446 2312 166 wy soo daer courtresse is dat sullen moeten opleggen ofte door

869 1533 2368 137 schriftelijck consent op dat ick daer van een eynde mach hebben

882 1628 2342 147 offe dat hy vallyn my betaele & de goederen naer hem neme

873 1701 2345 153 t gene myns oordeel hy nu wel doen can, alsoo hy van syne

855 1799 2412 155 resterende winckel goederen gelt heeft gemaeckt & van syne mirale

874 1895 2319 169 voor desen aen syne vrouwe gegeven, daerom bidde ick ue op

885 1994 2325 192 ontfanck deser te willen gebruycken den besten middel mogelyck

864 2090 2335 189 om myne voldoeninge te obtineren, t welck ue seer hertelijck

878 2216 1239 173 te commander, terwijlen. blyve

2881 2265 255 202 28d

663 2320 1017 234 brussel guill walravens

882 2390 2373 255 In antwoort aenden ue van gisteren ick soude gennereus genoegh

873 2519 2403 218 syn datter wat te winnen waer, maer men moet mi syn goet voor

878 2611 2429 192 3 a 4 een hondert overlaeden ofte men can niet vercoopen, & dan

874 2713 2357 182 veele refactie & contant gelt te corten can niet blijven staen, ue

875 2836 2416 196 bewys op Joff vermeulen is geweest ƒ 414: maer ue heeft mij wel

878 2949 2379 168 positivelijck geordineert dat ick soude tevreden syn al waert dat sy

861 3034 2438 144 iedt wilde minder geven, & alsoo ick maer ƒ911: 16½ heb ont=

864 3142 2376 203 =fangen, soo moet ue de ƒ 2: & 3 ½ by haer vinden, ick hebbe

876 3235 2407 216 oock niet meer quitt gegeven als van ƒ 411:16 ½ ick hebbe van

868 3347 2395 173 haer geen gelt ontfangen daer verlies aen u oock is sy de vrouwe

864 3475 2395 145 niet die dat soude begeiren, oversulckx moet ick die ƒ2:3 ½ niet

871 3600 2392 132 missen & sal ue deselve by haer altyt in rekeninge goetvinde

864 3659 2417 170 soo daer om ue gelt meer te hebben hebbe ick myne quitt gesond

834 3793 2411 172 aen Mons rousseau voor ƒ 272: twelck verschen alleen geschiet

851 3855 2432 225 op hope van ue meerder dinst te doen waer toe ick ue verschen al doen

848 3973 2414 184 sal dat in myn macht is, want ue prompte betalinge sal my

868 4054 2353 211 animeren ue beteren coop te geven als aen een ander waer

854 4179 2341 188 van als ue belieft nempt depreuve midts ick nu seer wel ben

3409 176 2505 123 voorsien, dogh van coleuren volgens ue stael niet dan id

3431 277 2430 130 verwaghte soo eenige met t' naeste convoij hebbende de staelen

3416 345 2466 166 daer van alreede ontfange & soo die arriveren sal ue laet

3401 452 564 135 weten blyve

5229 552 616 183 28 august

3301 541 795 216 brussel Rousseau

3405 619 2443 297 Jay reccu a son temp le cheres vres de 11 & 19 cour casuitte

3408 759 2492 245 cromptement payé les £50 a ordre de franc voits & £220:-

3419 858 2399 239 a Jan fred dunwalt, comme on fait icy a 32 p pour londres

3406 953 2485 194 simsloye mon argent acecote la ours que ie vous envoye cy comt

3420 1061 2438 238 £271: argt cont sur guill walravens vous priant d'en faire

4823 1156 142 67 me

4632 1150 176 83 10rdo

3404 1154 2491 188 recevoir b occasion, auiour dhuy a mons lion de suivre le pr vallu

3396 1298 2451 197 p' iustiel ou quill permet de faire la vente des merchandises en

3411 1367 2433 206 vos mains p un crieur piblicq comme il a fait de ces autres

3430 1447 1810 211 ou quil me donne de largent, ie vous salue le suis

5357 1491 333 191 30d

3297 1609 1071 235 Londen r Wall & Will Kent

3432 1640 2442 245 sence my last of 26 cur recd yours of 10, & 14 ditto, our ostend convoy will

3420 1818 2411 169 nott tarrij long, as I have writt you, so make all haste you can to gett my

3416 1931 2419 175 goods readdy, the dyed kersies, & flannels may be shipped, & redclothes as soo nas

3425 2016 2390 137 readdy, & the spanish clothes when the convoy is come, which pray order so

3441 2080 2430 194 that they be of the uppermost of the ship under dech, togett themont att

3438 2156 2448 200 arrivall & what can not be readdy for this convoj must be lest behinde, for

3416 2257 2473 232 Iintend to desist there with, the more I see that my orders in sp clothes from

3425 2382 2426 173 time to time have not been much observed, for, what I must want you

3437 2460 2474 184 leave out, & you send what I contramand, as Isee by the patt. of N45

3431 2603 2516 143 att first, on the 22 of July sent you patt, & there by 13 yeallow cullon

3425 2694 2443 165 is with these expressions, these go of, so desire non such, & yett N

3429 2777 2394 185 N. 295  299, & N302 are such as I will not have, thereby I finde

3432 2884 2432 179 that I have not ordered N298 meither N300: you say that the

3442 2990 2454 136 coffrl smis are extreme scareie the latter in low prises, butt the for=

3417 3086 2450 152 mar not to be found in fine, n'or course, I say opce again, that

3452 3191 2465 161 what you can not finde to my orders, you muxt not send, pachless

3443 3265 2426 175 t, in this pack N 45 is butt 7 clothes to my order of 22 july

3435 3386 2483 144 yett the darck grayes not like the patt, neither not yett one p to N28 3

3445 3462 2438 184 though I expressed you these words the 22 july, of these & the

3440 3565 2461 194 like you have severall orders for 5 a 6 p of 7.8 a 9 ƒ  & yott

3430 3674 2448 127 not one p come, so what signisies my sending of patt, when

3429 3809 2473 127 you doe not minde my orders, if you will examen all my orders thes

3446 3892 2473 144 whole sy care, you will finde that I have ordered such cullours from

3442 3999 2431 143 time to time wel 20 p, & that as yett you have sent butt en

3429 4079 2486 158 & beaause I have so manney clothes not vendable, so send you capress

3429 4189 2382 168 ley, an instruction of 22 july to fon what I would have, & what
