7399 4500
635 167 2467 132 8 to 10 as1  I do not understand houw I mustrun the risico or goods

615 266 2467 157 that you br yours men neglected to ship for amsterdam as Iordered the

642 343 2390 189 convoy for  Rotterdam att hull is butt one ship & those of Amsterdam

626 454 1702 216 have alwayes 2 ships, which is far better I rest

2657 482 383 183 27 augus

470 605 723 198 Brussel de hulder

626 635 2375 255 Ick hebbede ue van 9 & 24 deser ontfangen sij den eersten gesien, dat

588 718 2403 249 het versoght vonnis ver griffie niet is gevonden, dat wonder is, echter

642 822 2383 212 hope het niet sal op aen coommen, ende daer over geen voordere moeyte te

650 954 2362 164 doen doen, bij den laesten hebbe ick het request ewil & nieuw feyt door

661 990 2405 277 partije ingegeven, daersij seer weynich mede sullen uytrechten, door het sieck

626 1075 2475 286 syn van & heer lambertij moet onse antwoort ofte redene van im pertnentie

597 1171 2468 249 noch eenige dagen uytgestelt woorden, waerinne, soo veel tjt als doeulijck

649 1288 2442 192 is moet gewonnen woorden, nochtans hope dat ick dese weke ofte n heet

649 1369 2393 229 eerste van d'andere ue het selve sal overseynden, beneffens het genewij

662 1454 2340 229 niet reqiest civil daer sullen byvoegen ue biddende te vigileren dat wy

661 1578 2354 211 nergens in versoeken woorden, maer mij tijdelijck advertentie te doen

2795 1675 213 156 2d

657 1728 1589 196 waer inne ue mij sal in verobligeren die blijv

2750 1795 243 149 27d

446 1843 1774 257 Brussel Gisb & roelof vanden brestheuvel

677 1884 2370 278 Op 8 deser hebbe aen ue geschreven & gesonde ingesloten eene van

660 2014 2422 202 mons sabberton van londen, waer op giene antwoort hadde gesien om dien

678 2091 2392 243 volgens aenden selven het noodich te schrijven, ende alsoo sulckx tot noch toe

666 2213 2373 184 niet en is geschiet, soo versoecke vrindelyck t'selve op ontfanck deser te

671 2322 2367 191 laeten toecommen, om my volgens te reguleren t'welck afwachtenden

2756 2397 233 186 28 d

671 2427 974 184 ende naer groetenisse blijve

492 2517 1088 276 Ast Pierre Brenchepain

670 2557 2380 278 depuis que i'ay receu la chere vre de 5 may dernier, i'ay fait plusieurs

663 2720 2355 235 devoirs pour m'en defaire de vre balle de mousselines, m'est ie n'aij pas

689 2764 2357 274 trouve l'occasion favorable pour vre avantage, que le 25 cour, quand

699 2911 2261 232 i'ay vendu le restant le 73 p. a na vesve causse de courtray &

697 2995 2384 258 cocuraerd de moermeester de gand payable a ƒ24: argent de change a 3

687 3092 2424 234 mois, selon le compte de vente cij ioint p la quelle vre grace est credite

684 3209 2351 265 pour £317:7:7 en argent de change sans ma preiudice de £292 „-

692 3303 2396 253 qui sont pay able a 3 mois non obstante la reste estant receu vre grace

702 3388 2406 224 en peut disponer, et si vous souhait la partie entrere en me donnant pour

688 3509 2332 198 assurance de debbe & l'inbrest du temp ensemble 3 pe. ie vous faires

695 3556 2390 253 remise de la partie entiere, a la reception de vre ordre, et s'il soffir

703 3683 2417 227 quelque aultre chose a vre service commandé librement qui suis de m

2707 3816 265 181 28 d.

704 3881 403 161 mott acur

514 3959 986 159 mtterdam Dandela matte

694 3968 2429 230 en responce a la chere vru de 26 p, ie ne si pas d'intention de m'obliger, aquelq

686 4088 2408 198 condition que ce soit pour mad A ma besse a pour vre rembautsement pour les

634 4218 2363 163 dentelles que ie vous envoyeray si vre grace ne ve pie p angelge

5764 149 73 112 23

3335 180 2503 124 as solutemant pour la valeur de dentelles en ec noim pasciculien je ne les envoyerez

3322 250 2506 178 pas & une traitte de 3 mois est fort lange sel fere a 2 ssance, sur quoy je suis

3884 305 198 85 esronce

3314 319 1100 183 attendent &ce of portiue

5166 374 315 92 la motte

3144 445 2673 202 bergenop zoon mons de Bremit maior de lregiment de 29 aug

3353 501 2430 193 Ick hebbe een brief ontfangen de dato 11 deser uit namen van mons

3301 553 2549 246 philippe luroud met een ingesloten aen ue die ick als dan voortganck heb

3325 691 2480 156 begegeven, ick verhope den selven ue is gewoorden, daer bj adviseerde my

3321 822 2239 169 den voors surond dat ue aen my soude seynden cerst ƒ 107:4

4812 881 674 122 noch ƒ„51:9

4825 936 691 136 noch „ 34:18

4887 1002 657 193 tsamen ƒ93:13

3343 1087 2443 229 t' sedert becomen andermael een brief van 25 deser met den ingesloten om

3338 1231 2450 162 van ue bovende voors 3 partijen noch ƒ 106:6 te ontfangen ende

3322 1342 2439 115 alsoo ick d'een & d'andere formme voor mons lurond moette emgloyere

3338 1451 2493 125 so bidde ue my de selve te besorgen, ende de goetheyt te hebben, in antwoort

3307 1515 2469 115 deser te adviseren, waer naer ick mij hebbe te reguleren, om vervolgens

3352 1628 2431 160 aen mons lurond te schryven, iedts tot ue dinst hier voorvallende gelieft

3345 1716 613 141 te commanderen

5463 1772 102 77 20

5345 1732 390 208 6 Sber

3157 1771 1209 206 Amst geert & valer Rover

3334 1911 2476 162 In antwoort aen ue aengenaeme van 28 & 29 pas, dat heb convoy van hul

3297 2040 2544 117 tot rotterdam binnen is verhope waer sal verhope dat de schepen daer ick intrest

3333 2113 2512 153 in hebben van hul tot rotterdam sullen sijn binnen gecommen, albode mons

3340 2215 2466 119 de bra ue hadde geseyt, dat het convoij voor eens gedeelte al binnen waer &

3338 2277 2500 160 t' pesterende aen t binnen comen, daer af addesitura noch geene tijdinge hebbe

3338 2392 2479 149 sal mij aengenaem sijn dat dep remie van assurantie verdient is, want noch

3348 2461 2409 169 al merkljcke daer boven hebbe loopen. t'gene ue seght wegens het stellen

3335 2572 2394 171 inde polide met convoij, & dobbelespremit sonder convoij is seerwel, & sal

3339 2652 2482 172 in toecommende versoecken sulckx geobserveert woorde, voorder is mij leet dat

3323 2795 2502 116 mijne voorige brieven aen ue een soo groot antwoort & veel schrijvens veroor

3323 2886 2440 134 saeckt hebben, echter versehere ue dat het verre buyten myne gedachten is

3337 2927 2467 156 on t' aldermins te eenige suspiero op tenemen, maer wet ewellen kenne denaert

3346 3055 2460 134 van de schippers die al aennemen voorvraght gelyck sij t'best connen becomen

3323 3172 2469 98 het is ommers voor desen noch eens geschijet, ende alsoo ue rekeninge van oncoste

3333 3213 2430 141 soo wel als den brief van van buren van ter gouda spreken van het pack

3353 3319 2453 141 N.55 t gene van hul op rotterdam is afgeloeden, maer met van 53 met

3341 3379 2433 187 40 kerseyen, t'gene ue mij heeft toegsonden, soo vonde reden daer over te

3332 3457 2493 180 repbieeren, oock om dat ick ondervinde dat die van rotterdam in t' betalen

3336 3567 2469 166 vande vraghte noyt m in als 3 kerseyen voor een laken betalen, bove neien

3321 3647 2479 164 de fardesuren niet, ick hebbe menigh s000 stuck van hul becomen t'sedert

3348 3753 2486 176 ick aen die negotie hebbe geweest, ende is de gewoonte 3 kerseyen voor een laken

3321 3830 1350 216 vraght te betalen, ofgene in toecomend

3634 3909 2190 152 al waer haest verhope convoj van cortij sal wesen t'gene p rece

3331 4009 2396 161 sie van ue geirne verneme, ende iedts voor ue dinst vooreallende

3324 4131 1023 179 tot ne commandoblijve
