<?xml version="1.0" encoding="UTF-8"?>
<alto xmlns:xsi="http://www.w3.org/2001/XMLSchema-instance"
      xmlns="http://www.loc.gov/standards/alto/ns-v4#"
      xmlns:page="http://schema.primaresearch.org/PAGE/gts/pagecontent/2013-07-15"
      xsi:schemaLocation="http://www.loc.gov/standards/alto/ns-v4# https://www.loc.gov/standards/alto/v4/alto.xsd">
   <Description>
      <MeasurementUnit>pixel</MeasurementUnit>
      <OCRProcessing ID="IdOcr">
         <ocrProcessingStep>
            <processingDateTime>2022-02-04T12:20:50.684+01:00</processingDateTime>
            <processingSoftware>
               <softwareCreator>READ COOP</softwareCreator>
               <softwareName>Transkribus</softwareName>
            </processingSoftware>
         </ocrProcessingStep>
      </OCRProcessing>
   </Description>
   <Layout>
      <Page ID="Page1" PHYSICAL_IMG_NR="1" HEIGHT="4528" WIDTH="7906">
         <TopMargin HEIGHT="0" WIDTH="7906" VPOS="0" HPOS="0"/>
         <LeftMargin HEIGHT="4528" WIDTH="0" VPOS="0" HPOS="0"/>
         <RightMargin HEIGHT="4528" WIDTH="0" VPOS="0" HPOS="7906"/>
         <BottomMargin HEIGHT="0" WIDTH="7906" VPOS="4528" HPOS="0"/>
         <PrintSpace HEIGHT="4528" WIDTH="7906" VPOS="0" HPOS="0">
            <TextBlock ID="region_1638969120690_9555"
                       HEIGHT="4229"
                       WIDTH="2574"
                       VPOS="153"
                       HPOS="614">
               <Shape>
                  <Polygon POINTS="614,153 3188,153 3188,4382 614,4382"/>
               </Shape>
               <TextLine ID="region_1638969120690_9555l1"
                         BASELINE="2686,268 2712,266 2738,266 2764,266 2790,264 2816,264 2842,265 2869,266 2895,266 2921,266 2947,266 2973,268 2999,268 3025,268 3052,270"
                         HEIGHT="116"
                         WIDTH="396"
                         VPOS="197"
                         HPOS="2671">
                  <String ID="string_region_1638969120690_9555l1"
                          HEIGHT="116"
                          WIDTH="396"
                          VPOS="197"
                          HPOS="2671"
                          CONTENT="20 april"/>
               </TextLine>
               <TextLine ID="region_1638969120690_9555l2"
                         BASELINE="688,310 734,303 781,300 828,294 875,291 922,287 969,284 1016,281 1063,279 1110,276 1157,275 1203,272 1250,271 1297,270 1344,268 1391,266 1438,264 1485,262 1532,260 1579,258 1626,254"
                         HEIGHT="144"
                         WIDTH="971"
                         VPOS="196"
                         HPOS="671">
                  <String ID="string_region_1638969120690_9555l2"
                          HEIGHT="144"
                          WIDTH="971"
                          VPOS="196"
                          HPOS="671"
                          CONTENT="londen gyles &amp; alsop"/>
               </TextLine>
               <TextLine ID="region_1638969120690_9555l3"
                         BASELINE="882,402 994,391 1107,384 1219,374 1332,369 1444,362 1557,357 1669,352 1782,350 1894,346 2007,345 2119,344 2232,344 2344,346 2457,347 2569,350 2682,352 2794,356 2907,362 3019,368 3132,374"
                         HEIGHT="194"
                         WIDTH="2281"
                         VPOS="250"
                         HPOS="866">
                  <String ID="string_region_1638969120690_9555l3"
                          HEIGHT="194"
                          WIDTH="2281"
                          VPOS="250"
                          HPOS="866"
                          CONTENT="f my last to you on the 9 cur carried a remise for At £125:10:"/>
               </TextLine>
               <TextLine ID="region_1638969120690_9555l4"
                         BASELINE="866,486 975,477 1085,468 1195,461 1305,455 1415,449 1525,444 1635,440 1745,436 1855,434 1965,432 2074,432 2184,432 2294,432 2404,434 2514,436 2624,439 2734,442 2844,448 2954,452 3064,458"
                         HEIGHT="156"
                         WIDTH="2232"
                         VPOS="346"
                         HPOS="849">
                  <String ID="string_region_1638969120690_9555l4"
                          HEIGHT="156"
                          WIDTH="2232"
                          VPOS="346"
                          HPOS="849"
                          CONTENT="on m. John du maistre, which I hope is accepted, sence yee yours"/>
               </TextLine>
               <TextLine ID="region_1638969120690_9555l5"
                         BASELINE="872,578 982,569 1093,560 1204,554 1315,546 1426,542 1536,536 1647,532 1758,529 1869,526 1980,524 2090,524 2201,522 2312,523 2423,524 2534,526 2644,528 2755,530 2866,534 2977,538 3088,542"
                         HEIGHT="200"
                         WIDTH="2251"
                         VPOS="429"
                         HPOS="855">
                  <String ID="string_region_1638969120690_9555l5"
                          HEIGHT="200"
                          WIDTH="2251"
                          VPOS="429"
                          HPOS="855"
                          CONTENT="of 20 past, accordingley to which have made you debbor for"/>
               </TextLine>
               <TextLine ID="region_1638969120690_9555l6"
                         BASELINE="860,672 970,664 1080,658 1190,653 1300,647 1410,642 1520,638 1630,634 1740,632 1850,630 1960,628 2070,626 2180,626 2290,626 2400,626 2510,628 2620,630 2730,632 2840,634 2950,637 3060,642"
                         HEIGHT="166"
                         WIDTH="2232"
                         VPOS="538"
                         HPOS="843">
                  <String ID="string_region_1638969120690_9555l6"
                          HEIGHT="166"
                          WIDTH="2232"
                          VPOS="538"
                          HPOS="843"
                          CONTENT="the pack of tykes &amp; N1 now in handes of sir Raphael coots"/>
               </TextLine>
               <TextLine ID="region_1638969120690_9555l7"
                         BASELINE="874,770 986,761 1098,754 1210,747 1323,741 1435,736 1547,732 1660,728 1772,726 1884,724 1997,722 2109,722 2221,720 2333,720 2446,720 2558,720 2670,720 2783,720 2895,720 3007,720 3120,720"
                         HEIGHT="174"
                         WIDTH="2276"
                         VPOS="627"
                         HPOS="857">
                  <String ID="string_region_1638969120690_9555l7"
                          HEIGHT="174"
                          WIDTH="2276"
                          VPOS="627"
                          HPOS="857"
                          CONTENT="exspecteinge the bill of loadinge there of p first, beenge reddy for"/>
               </TextLine>
               <TextLine ID="region_1638969120690_9555l8"
                         BASELINE="874,862 979,856 1084,849 1189,844 1294,838 1400,834 1505,830 1610,826 1715,824 1820,822 1926,820 2031,818 2136,818 2241,816 2346,816 2452,816 2557,816 2662,816 2767,814 2872,814 2978,814"
                         HEIGHT="149"
                         WIDTH="2137"
                         VPOS="730"
                         HPOS="857">
                  <String ID="string_region_1638969120690_9555l8"
                          HEIGHT="149"
                          WIDTH="2137"
                          VPOS="730"
                          HPOS="857"
                          CONTENT="the first convoij for London, I have about ioo p reddy, of the"/>
               </TextLine>
               <TextLine ID="region_1638969120690_9555l9"
                         BASELINE="882,954 986,948 1091,942 1196,936 1300,930 1405,926 1510,920 1614,916 1719,912 1824,908 1929,906 2033,904 2138,902 2243,900 2347,900 2452,900 2557,900 2661,902 2766,904 2871,907 2976,910"
                         HEIGHT="146"
                         WIDTH="2128"
                         VPOS="850"
                         HPOS="864">
                  <String ID="string_region_1638969120690_9555l9"
                          HEIGHT="146"
                          WIDTH="2128"
                          VPOS="850"
                          HPOS="864"
                          CONTENT="formarley engaged, whilt the rest must be delivxed, within"/>
               </TextLine>
               <TextLine ID="region_1638969120690_9555l10"
                         BASELINE="878,1054 987,1047 1096,1039 1205,1033 1314,1025 1423,1018 1532,1014 1641,1009 1750,1004 1859,1000 1969,996 2078,993 2187,990 2296,989 2405,988 2514,986 2623,986 2732,988 2841,988 2950,990 3060,992"
                         HEIGHT="158"
                         WIDTH="2214"
                         VPOS="922"
                         HPOS="861">
                  <String ID="string_region_1638969120690_9555l10"
                          HEIGHT="158"
                          WIDTH="2214"
                          VPOS="922"
                          HPOS="861"
                          CONTENT="a month a  so if you please to have them, or part there"/>
               </TextLine>
               <TextLine ID="region_1638969120690_9555l11"
                         BASELINE="878,1158 988,1149 1098,1141 1209,1133 1319,1126 1430,1119 1540,1112 1650,1106 1761,1100 1871,1096 1982,1092 2092,1088 2202,1084 2313,1082 2423,1080 2534,1080 2644,1080 2754,1082 2865,1082 2975,1086 3086,1090"
                         HEIGHT="192"
                         WIDTH="2241"
                         VPOS="989"
                         HPOS="860">
                  <String ID="string_region_1638969120690_9555l11"
                          HEIGHT="192"
                          WIDTH="2241"
                          VPOS="989"
                          HPOS="860"
                          CONTENT="of for your owne accompt: shall sond them you butt to bee"/>
               </TextLine>
               <TextLine ID="region_1638969120690_9555l12"
                         BASELINE="864,1256 975,1245 1087,1236 1199,1227 1311,1218 1423,1210 1535,1204 1647,1197 1759,1192 1871,1188 1983,1184 2094,1182 2206,1178 2318,1176 2430,1176 2542,1174 2654,1174 2766,1174 2878,1176 2990,1176 3102,1178"
                         HEIGHT="212"
                         WIDTH="2269"
                         VPOS="1080"
                         HPOS="847">
                  <String ID="string_region_1638969120690_9555l12"
                          HEIGHT="212"
                          WIDTH="2269"
                          VPOS="1080"
                          HPOS="847"
                          CONTENT="concerned in equall halfves desire to be excused, because I have"/>
               </TextLine>
               <TextLine ID="region_1638969120690_9555l13"
                         BASELINE="868,1352 978,1341 1089,1332 1200,1323 1311,1314 1422,1307 1532,1300 1643,1294 1754,1288 1865,1283 1976,1279 2086,1276 2197,1272 2308,1270 2419,1268 2530,1267 2640,1266 2751,1266 2862,1266 2973,1268 3084,1270"
                         HEIGHT="218"
                         WIDTH="2248"
                         VPOS="1166"
                         HPOS="852">
                  <String ID="string_region_1638969120690_9555l13"
                          HEIGHT="218"
                          WIDTH="2248"
                          VPOS="1166"
                          HPOS="852"
                          CONTENT="commissions from severall handes for greats quantities as "/>
               </TextLine>
               <TextLine ID="region_1638969120690_9555l14"
                         BASELINE="876,1454 990,1440 1105,1427 1219,1417 1334,1407 1449,1399 1563,1392 1678,1386 1792,1380 1907,1376 2022,1372 2136,1368 2251,1366 2365,1364 2480,1362 2595,1362 2709,1360 2824,1360 2938,1358 3053,1358 3168,1358"
                         HEIGHT="223"
                         WIDTH="2322"
                         VPOS="1268"
                         HPOS="859">
                  <String ID="string_region_1638969120690_9555l14"
                          HEIGHT="223"
                          WIDTH="2322"
                          VPOS="1268"
                          HPOS="859"
                          CONTENT="I have writt you before, you sayd that the spea coothes &amp; othur"/>
               </TextLine>
               <TextLine ID="region_1638969120690_9555l15"
                         BASELINE="866,1542 980,1533 1094,1522 1208,1514 1323,1506 1437,1498 1551,1491 1666,1484 1780,1479 1894,1474 2009,1470 2123,1465 2237,1462 2351,1460 2466,1458 2580,1456 2694,1456 2809,1456 2923,1458 3037,1460 3152,1462"
                         HEIGHT="230"
                         WIDTH="2313"
                         VPOS="1367"
                         HPOS="849">
                  <String ID="string_region_1638969120690_9555l15"
                          HEIGHT="230"
                          WIDTH="2313"
                          VPOS="1367"
                          HPOS="849"
                          CONTENT="goods for mee shall bee reddy next thursday &amp; befo be shippe "/>
               </TextLine>
               <TextLine ID="region_1638969120690_9555l16"
                         BASELINE="876,1624 988,1617 1100,1611 1212,1604 1325,1596 1437,1590 1549,1586 1662,1580 1774,1576 1886,1570 1999,1566 2111,1562 2223,1560 2335,1558 2448,1556 2560,1554 2672,1554 2785,1555 2897,1556 3009,1558 3122,1562"
                         HEIGHT="206"
                         WIDTH="2276"
                         VPOS="1463"
                         HPOS="859">
                  <String ID="string_region_1638969120690_9555l16"
                          HEIGHT="206"
                          WIDTH="2276"
                          VPOS="1463"
                          HPOS="859"
                          CONTENT="for ostend, because there was a convoy of 2 a 3 man ofwart "/>
               </TextLine>
               <TextLine ID="region_1638969120690_9555l17"
                         BASELINE="2528,1598 2553,1598 2578,1600 2603,1600 2629,1600 2654,1600 2679,1600 2704,1602 2730,1602 2755,1602 2780,1602 2805,1602 2831,1603 2856,1604 2881,1604 2906,1605 2932,1607 2957,1608 2982,1609 3008,1610"
                         HEIGHT="93"
                         WIDTH="511"
                         VPOS="1544"
                         HPOS="2512">
                  <String ID="string_region_1638969120690_9555l17"
                          HEIGHT="93"
                          WIDTH="511"
                          VPOS="1544"
                          HPOS="2512"
                          CONTENT="xought To be arrived"/>
               </TextLine>
               <TextLine ID="region_1638969120690_9555l18"
                         BASELINE="860,1730 973,1721 1086,1710 1199,1702 1312,1693 1425,1685 1538,1677 1651,1671 1764,1666 1877,1660 1990,1655 2103,1652 2216,1648 2329,1646 2442,1646 2555,1646 2668,1648 2781,1650 2894,1654 3007,1660 3120,1666"
                         HEIGHT="152"
                         WIDTH="2293"
                         VPOS="1568"
                         HPOS="842">
                  <String ID="string_region_1638969120690_9555l18"
                          HEIGHT="152"
                          WIDTH="2293"
                          VPOS="1568"
                          HPOS="842"
                          CONTENT="theither, with which I exspect accordingley &amp; wonder I have"/>
               </TextLine>
               <TextLine ID="region_1638969120690_9555l19"
                         BASELINE="2436,1708 2462,1705 2488,1704 2514,1702 2540,1702 2567,1704 2593,1704 2619,1703 2645,1702 2672,1700"
                         HEIGHT="81"
                         WIDTH="265"
                         VPOS="1641"
                         HPOS="2421">
                  <String ID="string_region_1638969120690_9555l19"
                          HEIGHT="81"
                          WIDTH="265"
                          VPOS="1641"
                          HPOS="2421"
                          CONTENT="non from"/>
               </TextLine>
               <TextLine ID="region_1638969120690_9555l20"
                         BASELINE="868,1828 979,1817 1090,1808 1201,1799 1312,1790 1424,1784 1535,1777 1646,1770 1757,1765 1868,1760 1980,1756 2091,1752 2202,1750 2313,1748 2424,1746 2536,1746 2647,1746 2758,1748 2869,1748 2980,1752 3092,1754"
                         HEIGHT="185"
                         WIDTH="2256"
                         VPOS="1654"
                         HPOS="850">
                  <String ID="string_region_1638969120690_9555l20"
                          HEIGHT="185"
                          WIDTH="2256"
                          VPOS="1654"
                          HPOS="850"
                          CONTENT="no advise from you sence, because 2 posts com, so that I do"/>
               </TextLine>
               <TextLine ID="region_1638969120690_9555l21"
                         BASELINE="862,1930 977,1919 1093,1908 1208,1898 1324,1888 1440,1879 1555,1872 1671,1866 1786,1860 1902,1856 2018,1852 2133,1848 2249,1846 2364,1845 2480,1844 2596,1844 2711,1846 2827,1848 2942,1850 3058,1854 3174,1858"
                         HEIGHT="195"
                         WIDTH="2348"
                         VPOS="1744"
                         HPOS="843">
                  <String ID="string_region_1638969120690_9555l21"
                          HEIGHT="195"
                          WIDTH="2348"
                          VPOS="1744"
                          HPOS="843"
                          CONTENT="no know what past therein desireinge alwayes your punctuane "/>
               </TextLine>
               <TextLine ID="region_1638969120690_9555l22"
                         BASELINE="866,2018 977,2009 1088,1999 1199,1991 1310,1984 1422,1978 1533,1973 1644,1968 1755,1964 1866,1960 1978,1958 2089,1956 2200,1954 2311,1954 2422,1954 2534,1954 2645,1954 2756,1956 2867,1958 2978,1960 3090,1962"
                         HEIGHT="184"
                         WIDTH="2257"
                         VPOS="1862"
                         HPOS="850">
                  <String ID="string_region_1638969120690_9555l22"
                          HEIGHT="184"
                          WIDTH="2257"
                          VPOS="1862"
                          HPOS="850"
                          CONTENT="advises for in the times of warr I love not to run much risice"/>
               </TextLine>
               <TextLine ID="region_1638969120690_9555l23"
                         BASELINE="858,2112 971,2103 1084,2096 1197,2088 1310,2080 1423,2074 1536,2068 1649,2063 1762,2060 1875,2056 1988,2054 2101,2051 2214,2050 2327,2048 2440,2048 2553,2048 2666,2048 2779,2050 2892,2052 3005,2054 3118,2056"
                         HEIGHT="175"
                         WIDTH="2295"
                         VPOS="1957"
                         HPOS="840">
                  <String ID="string_region_1638969120690_9555l23"
                          HEIGHT="175"
                          WIDTH="2295"
                          VPOS="1957"
                          HPOS="840"
                          CONTENT="butt gett ensured in times, which is the needfull att present from"/>
               </TextLine>
               <TextLine ID="region_1638969120690_9555l24"
                         BASELINE="2736,2170 2762,2172 2788,2173 2814,2174 2840,2174 2866,2174 2893,2173 2919,2172 2945,2172 2971,2172 2997,2173 3024,2174"
                         HEIGHT="159"
                         WIDTH="320"
                         VPOS="2069"
                         HPOS="2719">
                  <String ID="string_region_1638969120690_9555l24"
                          HEIGHT="159"
                          WIDTH="320"
                          VPOS="2069"
                          HPOS="2719"
                          CONTENT="20 april"/>
               </TextLine>
               <TextLine ID="region_1638969120690_9555l25"
                         BASELINE="654,2260 709,2253 765,2247 820,2241 876,2235 932,2230 987,2226 1043,2221 1098,2217 1154,2214 1210,2211 1265,2207 1321,2204 1376,2201 1432,2198 1488,2196 1543,2193 1599,2190 1654,2187 1710,2185 1766,2182"
                         HEIGHT="208"
                         WIDTH="1151"
                         VPOS="2081"
                         HPOS="633">
                  <String ID="string_region_1638969120690_9555l25"
                          HEIGHT="208"
                          WIDTH="1151"
                          VPOS="2081"
                          HPOS="633"
                          CONTENT="Turnhout Frans  Wllemsen"/>
               </TextLine>
               <TextLine ID="region_1638969120690_9555l26"
                         BASELINE="876,2326 982,2317 1089,2307 1195,2299 1302,2292 1409,2285 1515,2279 1622,2274 1728,2269 1835,2264 1942,2262 2048,2260 2155,2258 2261,2256 2368,2256 2475,2256 2581,2256 2688,2258 2794,2260 2901,2264 3008,2268"
                         HEIGHT="211"
                         WIDTH="2162"
                         VPOS="2144"
                         HPOS="860">
                  <String ID="string_region_1638969120690_9555l26"
                          HEIGHT="211"
                          WIDTH="2162"
                          VPOS="2144"
                          HPOS="860"
                          CONTENT="Ick hebbe ue brief van 17 deser onty met de tycken daer by"/>
               </TextLine>
               <TextLine ID="region_1638969120690_9555l27"
                         BASELINE="888,2410 996,2402 1104,2393 1212,2387 1320,2380 1428,2373 1536,2366 1644,2361 1752,2355 1860,2350 1968,2346 2076,2344 2184,2340 2292,2339 2400,2338 2508,2338 2616,2338 2724,2340 2832,2342 2940,2344 3048,2348"
                         HEIGHT="188"
                         WIDTH="2192"
                         VPOS="2260"
                         HPOS="870">
                  <String ID="string_region_1638969120690_9555l27"
                          HEIGHT="188"
                          WIDTH="2192"
                          VPOS="2260"
                          HPOS="870"
                          CONTENT="vermelt, beneffens eene lange historie die niet veel endient tot"/>
               </TextLine>
               <TextLine ID="region_1638969120690_9555l28"
                         BASELINE="878,2504 989,2499 1100,2494 1211,2487 1322,2480 1434,2474 1545,2467 1656,2461 1767,2455 1878,2450 1990,2444 2101,2440 2212,2437 2323,2435 2434,2434 2546,2434 2657,2436 2768,2438 2879,2443 2990,2450 3102,2458"
                         HEIGHT="157"
                         WIDTH="2253"
                         VPOS="2360"
                         HPOS="863">
                  <String ID="string_region_1638969120690_9555l28"
                          HEIGHT="157"
                          WIDTH="2253"
                          VPOS="2360"
                          HPOS="863"
                          CONTENT="insen proposte oock can ue mons bourckens nergens in accasire"/>
               </TextLine>
               <TextLine ID="region_1638969120690_9555l29"
                         BASELINE="870,2596 982,2589 1095,2583 1207,2576 1320,2569 1433,2563 1545,2558 1658,2553 1770,2548 1883,2543 1996,2538 2108,2535 2221,2532 2333,2530 2446,2528 2559,2526 2671,2526 2784,2526 2896,2528 3009,2530 3122,2534"
                         HEIGHT="170"
                         WIDTH="2285"
                         VPOS="2438"
                         HPOS="854">
                  <String ID="string_region_1638969120690_9555l29"
                          HEIGHT="170"
                          WIDTH="2285"
                          VPOS="2438"
                          HPOS="854"
                          CONTENT="want dat hy heeft gedaen is om mijnent wille geschiet heeft hy"/>
               </TextLine>
               <TextLine ID="region_1638969120690_9555l30"
                         BASELINE="864,2686 972,2679 1081,2672 1190,2665 1299,2660 1408,2654 1517,2650 1626,2644 1735,2640 1844,2636 1953,2632 2061,2630 2170,2626 2279,2622 2388,2620 2497,2618 2606,2616 2715,2614 2824,2612 2933,2610 3042,2610"
                         HEIGHT="191"
                         WIDTH="2214"
                         VPOS="2528"
                         HPOS="845">
                  <String ID="string_region_1638969120690_9555l30"
                          HEIGHT="191"
                          WIDTH="2214"
                          VPOS="2528"
                          HPOS="845"
                          CONTENT="ue het gae hij heeft ue het gaeven gelevert ende hij heeft ue"/>
               </TextLine>
               <TextLine ID="region_1638969120690_9555l31"
                         BASELINE="874,2786 986,2773 1098,2763 1210,2754 1322,2747 1434,2740 1546,2734 1658,2728 1770,2725 1882,2722 1995,2718 2107,2716 2219,2714 2331,2712 2443,2712 2555,2710 2667,2708 2779,2708 2891,2706 3003,2704 3116,2702"
                         HEIGHT="198"
                         WIDTH="2275"
                         VPOS="2627"
                         HPOS="856">
                  <String ID="string_region_1638969120690_9555l31"
                          HEIGHT="198"
                          WIDTH="2275"
                          VPOS="2627"
                          HPOS="856"
                          CONTENT="geen borge gevraeght ofte niet gemevieert, ue S. Loomans"/>
               </TextLine>
               <TextLine ID="region_1638969120690_9555l32"
                         BASELINE="880,2876 989,2865 1098,2855 1207,2846 1316,2837 1426,2830 1535,2822 1644,2816 1753,2811 1862,2806 1972,2802 2081,2800 2190,2798 2299,2796 2408,2794 2518,2794 2627,2796 2736,2796 2845,2798 2954,2800 3064,2804"
                         HEIGHT="171"
                         WIDTH="2216"
                         VPOS="2709"
                         HPOS="863">
                  <String ID="string_region_1638969120690_9555l32"
                          HEIGHT="171"
                          WIDTH="2216"
                          VPOS="2709"
                          HPOS="863"
                          CONTENT="hebben eene obligatie getreckent vande helft voor hersmisse"/>
               </TextLine>
               <TextLine ID="region_1638969120690_9555l33"
                         BASELINE="1566,2870 1592,2868 1618,2865 1644,2864 1670,2863 1696,2860 1722,2859 1748,2857 1774,2854 1800,2854 1826,2852 1852,2852 1878,2851 1904,2850 1930,2850"
                         HEIGHT="81"
                         WIDTH="395"
                         VPOS="2808"
                         HPOS="1550">
                  <String ID="string_region_1638969120690_9555l33"
                          HEIGHT="81"
                          WIDTH="395"
                          VPOS="2808"
                          HPOS="1550"
                          CONTENT="eer mamt"/>
               </TextLine>
               <TextLine ID="region_1638969120690_9555l34"
                         BASELINE="888,2962 998,2952 1108,2942 1219,2933 1329,2926 1440,2918 1550,2914 1660,2908 1771,2903 1881,2899 1992,2896 2102,2892 2212,2890 2323,2888 2433,2888 2544,2886 2654,2886 2764,2886 2875,2886 2985,2888 3096,2888"
                         HEIGHT="163"
                         WIDTH="2241"
                         VPOS="2791"
                         HPOS="871">
                  <String ID="string_region_1638969120690_9555l34"
                          HEIGHT="163"
                          WIDTH="2241"
                          VPOS="2791"
                          HPOS="871"
                          CONTENT="ofte ten lanchten tweken daer naer d'ander helft te haet"/>
               </TextLine>
               <TextLine ID="region_1638969120690_9555l35"
                         BASELINE="874,3050 985,3042 1097,3033 1209,3025 1321,3018 1433,3012 1544,3006 1656,3001 1768,2996 1880,2992 1992,2988 2103,2984 2215,2982 2327,2978 2439,2976 2551,2974 2662,2972 2774,2971 2886,2970 2998,2968 3110,2966"
                         HEIGHT="182"
                         WIDTH="2275"
                         VPOS="2901"
                         HPOS="853">
                  <String ID="string_region_1638969120690_9555l35"
                          HEIGHT="182"
                          WIDTH="2275"
                          VPOS="2901"
                          HPOS="853"
                          CONTENT="meirt ten lanckes ben een maent daer naer te leveren, ende het "/>
               </TextLine>
               <TextLine ID="region_1638969120690_9555l36"
                         BASELINE="876,3138 987,3129 1098,3122 1209,3116 1320,3108 1432,3102 1543,3095 1654,3089 1765,3083 1876,3078 1988,3074 2099,3070 2210,3066 2321,3063 2432,3060 2544,3058 2655,3058 2766,3056 2877,3056 2988,3056 3100,3058"
                         HEIGHT="158"
                         WIDTH="2257"
                         VPOS="2991"
                         HPOS="858">
                  <String ID="string_region_1638969120690_9555l36"
                          HEIGHT="158"
                          WIDTH="2257"
                          VPOS="2991"
                          HPOS="858"
                          CONTENT="is nu bayde verschenen, ende de helft is nauwelyckx voldaen"/>
               </TextLine>
               <TextLine ID="region_1638969120690_9555l37"
                         BASELINE="872,3224 982,3220 1093,3216 1203,3211 1314,3204 1425,3198 1535,3191 1646,3185 1756,3178 1867,3170 1978,3164 2088,3159 2199,3154 2309,3149 2420,3146 2531,3144 2641,3142 2752,3142 2862,3144 2973,3148 3084,3154"
                         HEIGHT="163"
                         WIDTH="2243"
                         VPOS="3091"
                         HPOS="854">
                  <String ID="string_region_1638969120690_9555l37"
                          HEIGHT="163"
                          WIDTH="2243"
                          VPOS="3091"
                          HPOS="854"
                          CONTENT="daeren boven gij seynt dat gij begeirt dat wille ick niet aen"/>
               </TextLine>
               <TextLine ID="region_1638969120690_9555l38"
                         BASELINE="894,3320 1001,3316 1108,3311 1215,3306 1322,3302 1430,3296 1537,3289 1644,3284 1751,3278 1858,3272 1966,3266 2073,3262 2180,3256 2287,3252 2394,3248 2502,3244 2609,3242 2716,3242 2823,3240 2930,3242 3038,3244"
                         HEIGHT="187"
                         WIDTH="2179"
                         VPOS="3146"
                         HPOS="875">
                  <String ID="string_region_1638969120690_9555l38"
                          HEIGHT="187"
                          WIDTH="2179"
                          VPOS="3146"
                          HPOS="875"
                          CONTENT="nemen maer siet wat gij aengenomen hebt te leveren"/>
               </TextLine>
               <TextLine ID="region_1638969120690_9555l39"
                         BASELINE="870,3414 982,3410 1095,3406 1207,3400 1320,3396 1432,3391 1545,3384 1657,3380 1770,3374 1882,3369 1995,3364 2107,3359 2220,3354 2332,3351 2445,3348 2557,3346 2670,3344 2782,3342 2895,3342 3007,3344 3120,3346"
                         HEIGHT="184"
                         WIDTH="2284"
                         VPOS="3243"
                         HPOS="852">
                  <String ID="string_region_1638969120690_9555l39"
                          HEIGHT="184"
                          WIDTH="2284"
                          VPOS="3243"
                          HPOS="852"
                          CONTENT="de rest blijft hier liggen voor ue rekeninge, want ick geene  ofte"/>
               </TextLine>
               <TextLine ID="region_1638969120690_9555l40"
                         BASELINE="878,3500 988,3496 1099,3492 1210,3486 1321,3482 1432,3476 1543,3470 1654,3465 1765,3460 1876,3455 1987,3450 2097,3446 2208,3441 2319,3438 2430,3434 2541,3432 2652,3430 2763,3430 2874,3430 2985,3432 3096,3434"
                         HEIGHT="209"
                         WIDTH="2249"
                         VPOS="3338"
                         HPOS="861">
                  <String ID="string_region_1638969120690_9555l40"
                          HEIGHT="209"
                          WIDTH="2249"
                          VPOS="3338"
                          HPOS="861"
                          CONTENT="tollen begeire, maer levert t'gene ue schuldigh is &amp; niet"/>
               </TextLine>
               <TextLine ID="region_1638969120690_9555l41"
                         BASELINE="862,3602 967,3592 1073,3583 1179,3575 1285,3569 1391,3562 1496,3556 1602,3553 1708,3550 1814,3547 1920,3544 2025,3543 2131,3542 2237,3540 2343,3540 2449,3540 2554,3538 2660,3538 2766,3536 2872,3534 2978,3532"
                         HEIGHT="188"
                         WIDTH="2147"
                         VPOS="3439"
                         HPOS="845">
                  <String ID="string_region_1638969120690_9555l41"
                          HEIGHT="188"
                          WIDTH="2147"
                          VPOS="3439"
                          HPOS="845"
                          CONTENT="anders, want die soorten hebbe ick van p boorekens"/>
               </TextLine>
               <TextLine ID="region_1638969120690_9555l42"
                         BASELINE="882,3680 990,3674 1098,3666 1206,3661 1314,3656 1422,3650 1530,3646 1638,3642 1746,3640 1854,3637 1962,3634 2070,3633 2178,3632 2286,3630 2394,3630 2502,3628 2610,3628 2718,3628 2826,3628 2934,3628 3042,3628"
                         HEIGHT="220"
                         WIDTH="2192"
                         VPOS="3496"
                         HPOS="866">
                  <String ID="string_region_1638969120690_9555l42"
                          HEIGHT="220"
                          WIDTH="2192"
                          VPOS="3496"
                          HPOS="866"
                          CONTENT="ge coght &amp; geene andere, daer om abuseert ue niet, want ick"/>
               </TextLine>
               <TextLine ID="region_1638969120690_9555l43"
                         BASELINE="864,3776 972,3766 1080,3758 1188,3749 1296,3743 1404,3738 1512,3734 1620,3729 1728,3726 1836,3722 1944,3720 2052,3718 2160,3716 2268,3716 2376,3714 2484,3714 2592,3712 2700,3712 2808,3710 2916,3710 3024,3708"
                         HEIGHT="209"
                         WIDTH="2189"
                         VPOS="3627"
                         HPOS="849">
                  <String ID="string_region_1638969120690_9555l43"
                          HEIGHT="209"
                          WIDTH="2189"
                          VPOS="3627"
                          HPOS="849"
                          CONTENT="geene andere sort en begeie al die ue mij moet leveren"/>
               </TextLine>
               <TextLine ID="region_1638969120690_9555l44"
                         BASELINE="836,3870 949,3859 1062,3850 1175,3841 1288,3836 1401,3829 1514,3824 1627,3819 1740,3816 1853,3812 1966,3810 2079,3809 2192,3808 2305,3808 2418,3808 2531,3808 2644,3808 2757,3809 2870,3810 2983,3812 3096,3812"
                         HEIGHT="170"
                         WIDTH="2294"
                         VPOS="3701"
                         HPOS="819">
                  <String ID="string_region_1638969120690_9555l44"
                          HEIGHT="170"
                          WIDTH="2294"
                          VPOS="3701"
                          HPOS="819"
                          CONTENT="blijft de rest dienvolgens hier liggen, mij dunckt dat het"/>
               </TextLine>
               <TextLine ID="region_1638969120690_9555l45"
                         BASELINE="884,3958 996,3949 1109,3938 1221,3931 1334,3924 1447,3918 1559,3913 1672,3908 1784,3906 1897,3902 2010,3900 2122,3898 2235,3898 2347,3896 2460,3898 2573,3898 2685,3898 2798,3900 2910,3902 3023,3904 3136,3906"
                         HEIGHT="144"
                         WIDTH="2283"
                         VPOS="3825"
                         HPOS="868">
                  <String ID="string_region_1638969120690_9555l45"
                          HEIGHT="144"
                          WIDTH="2283"
                          VPOS="3825"
                          HPOS="868"
                          CONTENT="u wel eene favorabele conditie is ue betalinge met tycke"/>
               </TextLine>
               <TextLine ID="region_1638969120690_9555l46"
                         BASELINE="876,4044 986,4034 1097,4024 1208,4016 1319,4008 1430,4004 1541,3998 1652,3995 1763,3992 1874,3989 1985,3986 2095,3986 2206,3984 2317,3982 2428,3982 2539,3980 2650,3978 2761,3978 2872,3976 2983,3972 3094,3968"
                         HEIGHT="174"
                         WIDTH="2248"
                         VPOS="3895"
                         HPOS="860">
                  <String ID="string_region_1638969120690_9555l46"
                          HEIGHT="174"
                          WIDTH="2248"
                          VPOS="3895"
                          HPOS="860"
                          CONTENT="in splaet van gelt te mogen doen, &amp; daer in moest ue te"/>
               </TextLine>
               <TextLine ID="region_1638969120690_9555l47"
                         BASELINE="872,4140 985,4131 1099,4122 1212,4113 1326,4108 1439,4101 1553,4096 1666,4092 1780,4088 1893,4085 2007,4082 2120,4079 2234,4076 2347,4074 2461,4072 2574,4070 2688,4066 2801,4064 2915,4061 3028,4057 3142,4052"
                         HEIGHT="199"
                         WIDTH="2305"
                         VPOS="3967"
                         HPOS="854">
                  <String ID="string_region_1638969120690_9555l47"
                          HEIGHT="199"
                          WIDTH="2305"
                          VPOS="3967"
                          HPOS="854"
                          CONTENT="gereevder voldoen, &amp; nn ons convoij naer Engelant staet "/>
               </TextLine>
               <TextLine ID="region_1638969120690_9555l48"
                         BASELINE="868,4230 980,4222 1092,4214 1204,4206 1316,4200 1429,4194 1541,4188 1653,4182 1765,4178 1877,4174 1990,4170 2102,4166 2214,4164 2326,4162 2438,4160 2551,4158 2663,4156 2775,4156 2887,4154 2999,4154 3112,4154"
                         HEIGHT="167"
                         WIDTH="2278"
                         VPOS="4073"
                         HPOS="850">
                  <String ID="string_region_1638969120690_9555l48"
                          HEIGHT="167"
                          WIDTH="2278"
                          VPOS="4073"
                          HPOS="850"
                          CONTENT="tevertrecken soo moet ick het goet hebben, ofte can mij"/>
               </TextLine>
               <TextLine ID="region_1638969120690_9555l49"
                         BASELINE="870,4304 985,4297 1101,4290 1216,4284 1332,4279 1447,4274 1563,4269 1678,4264 1794,4261 1909,4258 2025,4254 2140,4252 2256,4250 2371,4248 2487,4248 2602,4246 2718,4246 2833,4246 2949,4246 3064,4246 3180,4248"
                         HEIGHT="166"
                         WIDTH="2342"
                         VPOS="4160"
                         HPOS="854">
                  <String ID="string_region_1638969120690_9555l49"
                          HEIGHT="166"
                          WIDTH="2342"
                          VPOS="4160"
                          HPOS="854"
                          CONTENT="daer naer weder niet dienen en van 20 oft 30 stucken can"/>
               </TextLine>
               <TextLine ID="region_1638969120690_9555l50"
                         BASELINE="862,4370 977,4364 1093,4358 1209,4354 1325,4351 1441,4348 1557,4344 1673,4342 1789,4342 1905,4340 2021,4338 2136,4338 2252,4338 2368,4338 2484,4336 2600,4336 2716,4336 2832,4334 2948,4334 3064,4332 3180,4330"
                         HEIGHT="123"
                         WIDTH="2351"
                         VPOS="4236"
                         HPOS="846">
                  <String ID="string_region_1638969120690_9555l50"
                          HEIGHT="123"
                          WIDTH="2351"
                          VPOS="4236"
                          HPOS="846"
                          CONTENT="ick geen pack maeche  daer om seynt neste donder daen"/>
               </TextLine>
            </TextBlock>
            <TextBlock ID="region_1638969124842_9558"
                       HEIGHT="4304"
                       WIDTH="2581"
                       VPOS="119"
                       HPOS="3257">
               <Shape>
                  <Polygon POINTS="3257,119 5838,119 5838,4423 3257,4423"/>
               </Shape>
               <TextLine ID="region_1638969124842_9558l1"
                         BASELINE="3370,258 3488,248 3606,242 3724,235 3842,230 3960,227 4078,224 4196,224 4314,222 4432,222 4551,224 4669,224 4787,226 4905,228 5023,230 5141,232 5259,234 5377,234 5495,236 5613,236 5732,234"
                         HEIGHT="229"
                         WIDTH="2393"
                         VPOS="77"
                         HPOS="3355">
                  <String ID="string_region_1638969124842_9558l1"
                          HEIGHT="229"
                          WIDTH="2393"
                          VPOS="77"
                          HPOS="3355"
                          CONTENT="oendenyt e te daeghe ap de maend simen ij de"/>
               </TextLine>
               <TextLine ID="region_1638969124842_9558l2"
                         BASELINE="5708,274 5734,275 5761,275 5788,278"
                         HEIGHT="129"
                         WIDTH="115"
                         VPOS="212"
                         HPOS="5690">
                  <String ID="string_region_1638969124842_9558l2"
                          HEIGHT="129"
                          WIDTH="115"
                          VPOS="212"
                          HPOS="5690"
                          CONTENT="A06"/>
               </TextLine>
               <TextLine ID="region_1638969124842_9558l3"
                         BASELINE="3358,366 3430,355 3503,348 3575,339 3648,332 3721,326 3793,322 3866,318 3938,315 4011,312 4084,310 4156,308 4229,306 4301,306 4374,304 4447,302 4519,301 4592,300 4664,298 4737,296 4810,292"
                         HEIGHT="233"
                         WIDTH="1488"
                         VPOS="179"
                         HPOS="3338">
                  <String ID="string_region_1638969124842_9558l3"
                          HEIGHT="233"
                          WIDTH="1488"
                          VPOS="179"
                          HPOS="3338"
                          CONTENT="dndagh te sullen seynden blyv"/>
               </TextLine>
               <TextLine ID="region_1638969124842_9558l4"
                         BASELINE="3348,494 3427,487 3506,480 3585,475 3665,469 3744,464 3823,458 3903,453 3982,450 4061,446 4141,442 4220,440 4299,436 4378,432 4458,430 4537,428 4616,424 4696,422 4775,419 4854,416 4934,414"
                         HEIGHT="228"
                         WIDTH="1617"
                         VPOS="294"
                         HPOS="3327">
                  <String ID="string_region_1638969124842_9558l4"
                          HEIGHT="228"
                          WIDTH="1617"
                          VPOS="294"
                          HPOS="3327"
                          CONTENT="vervolgh van Rover brief so"/>
               </TextLine>
               <TextLine ID="region_1638969124842_9558l5"
                         BASELINE="4224,544 4250,540 4276,536"
                         HEIGHT="104"
                         WIDTH="94"
                         VPOS="453"
                         HPOS="4199">
                  <String ID="string_region_1638969124842_9558l5"
                          HEIGHT="104"
                          WIDTH="94"
                          VPOS="453"
                          HPOS="4199"
                          CONTENT=""/>
               </TextLine>
               <TextLine ID="region_1638969124842_9558l6"
                         BASELINE="3380,632 3494,626 3609,621 3723,614 3838,608 3953,602 4067,596 4182,590 4296,584 4411,579 4526,574 4640,570 4755,567 4869,564 4984,562 5099,562 5213,562 5328,562 5442,564 5557,568 5672,572"
                         HEIGHT="236"
                         WIDTH="2325"
                         VPOS="449"
                         HPOS="3363">
                  <String ID="string_region_1638969124842_9558l6"
                          HEIGHT="236"
                          WIDTH="2325"
                          VPOS="449"
                          HPOS="3363"
                          CONTENT="sondemen over Rott niet expedienter connen wesen"/>
               </TextLine>
               <TextLine ID="region_1638969124842_9558l7"
                         BASELINE="3384,744 3449,741 3514,734 3580,731 3645,726 3711,722 3776,718 3841,714 3907,711 3972,706 4038,703 4103,700 4168,697 4234,693 4299,690 4365,687 4430,684 4495,682 4561,679 4626,676 4692,674"
                         HEIGHT="173"
                         WIDTH="1340"
                         VPOS="611"
                         HPOS="3365">
                  <String ID="string_region_1638969124842_9558l7"
                          HEIGHT="173"
                          WIDTH="1340"
                          VPOS="611"
                          HPOS="3365"
                          CONTENT="meerder als over gouda costen"/>
               </TextLine>
               <TextLine ID="region_1638969124842_9558l8"
                         BASELINE="4856,792 4904,787 4952,784 5001,782 5049,781 5098,780 5146,780 5194,780 5243,780 5291,780 5340,782 5388,783 5436,784 5485,784 5533,785 5582,786 5630,786 5678,785 5727,784 5775,782 5824,780"
                         HEIGHT="202"
                         WIDTH="997"
                         VPOS="654"
                         HPOS="4842">
                  <String ID="string_region_1638969124842_9558l8"
                          HEIGHT="202"
                          WIDTH="997"
                          VPOS="654"
                          HPOS="4842"
                          CONTENT="en gelieft het noodigh"/>
               </TextLine>
               <TextLine ID="region_1638969124842_9558l9"
                         BASELINE="3380,878 3429,875 3479,870 3528,864 3578,859 3627,853 3677,849 3726,844 3776,839 3825,835 3875,830 3924,824 3974,820 4023,817 4073,812 4122,810 4172,806 4221,804 4271,802 4320,800 4370,798"
                         HEIGHT="228"
                         WIDTH="1029"
                         VPOS="702"
                         HPOS="3359">
                  <String ID="string_region_1638969124842_9558l9"
                          HEIGHT="228"
                          WIDTH="1029"
                          VPOS="702"
                          HPOS="3359"
                          CONTENT="PS in gesloten noch £"/>
               </TextLine>
               <TextLine ID="region_1638969124842_9558l10"
                         BASELINE="3342,1002 3464,988 3586,974 3708,961 3830,950 3952,942 4074,932 4196,926 4318,918 4440,914 4562,909 4684,906 4806,902 4928,900 5050,898 5172,896 5294,894 5416,894 5538,892 5660,892 5782,890"
                         HEIGHT="219"
                         WIDTH="2474"
                         VPOS="796"
                         HPOS="3325">
                  <String ID="string_region_1638969124842_9558l10"
                          HEIGHT="219"
                          WIDTH="2474"
                          VPOS="796"
                          HPOS="3325"
                          CONTENT="te besorgen &amp; adviseren ue opinie vanden acceptant sal"/>
               </TextLine>
               <TextLine ID="region_1638969124842_9558l11"
                         BASELINE="3344,1106 3463,1094 3582,1083 3702,1071 3821,1061 3941,1052 4060,1042 4179,1035 4299,1028 4418,1021 4538,1016 4657,1012 4776,1008 4896,1006 5015,1004 5135,1004 5254,1004 5373,1006 5493,1008 5612,1013 5732,1018"
                         HEIGHT="233"
                         WIDTH="2420"
                         VPOS="894"
                         HPOS="3327">
                  <String ID="string_region_1638969124842_9558l11"
                          HEIGHT="233"
                          WIDTH="2420"
                          VPOS="894"
                          HPOS="3327"
                          CONTENT="weyenghover wesen soude noch wel £800: op londen"/>
               </TextLine>
               <TextLine ID="region_1638969124842_9558l12"
                         BASELINE="3392,1224 3511,1210 3631,1197 3751,1185 3871,1173 3991,1162 4110,1153 4230,1143 4350,1137 4470,1130 4590,1124 4709,1120 4829,1117 4949,1114 5069,1114 5189,1114 5308,1116 5428,1118 5548,1124 5668,1128 5788,1136"
                         HEIGHT="251"
                         WIDTH="2425"
                         VPOS="1016"
                         HPOS="3373">
                  <String ID="string_region_1638969124842_9558l12"
                          HEIGHT="251"
                          WIDTH="2425"
                          VPOS="1016"
                          HPOS="3373"
                          CONTENT="begeiren dogh daer is geen haeste voor naer de beste"/>
               </TextLine>
               <TextLine ID="region_1638969124842_9558l13"
                         BASELINE="3364,1338 3409,1333 3455,1327 3501,1322 3547,1315 3593,1311 3639,1305 3685,1301 3731,1297 3777,1292 3823,1288 3868,1284 3914,1282 3960,1278 4006,1275 4052,1272 4098,1271 4144,1269 4190,1268 4236,1266 4282,1266"
                         HEIGHT="236"
                         WIDTH="960"
                         VPOS="1171"
                         HPOS="3343">
                  <String ID="string_region_1638969124842_9558l13"
                          HEIGHT="236"
                          WIDTH="960"
                          VPOS="1171"
                          HPOS="3343"
                          CONTENT="gelegentheyt &amp; conri"/>
               </TextLine>
               <TextLine ID="region_1638969124842_9558l14"
                         BASELINE="3282,1520 3390,1502 3498,1484 3606,1470 3714,1458 3822,1447 3930,1438 4038,1430 4146,1424 4254,1418 4362,1414 4470,1410 4578,1407 4686,1404 4794,1402 4902,1399 5010,1396 5118,1392 5226,1388 5334,1384 5442,1378"
                         HEIGHT="338"
                         WIDTH="2195"
                         VPOS="1241"
                         HPOS="3262">
                  <String ID="string_region_1638969124842_9558l14"
                          HEIGHT="338"
                          WIDTH="2195"
                          VPOS="1241"
                          HPOS="3262"
                          CONTENT="pervolgh vanden brief aen m Kent "/>
               </TextLine>
               <TextLine ID="region_1638969124842_9558l15"
                         BASELINE="3402,1622 3522,1604 3642,1591 3763,1577 3883,1567 4004,1558 4124,1549 4244,1542 4365,1537 4485,1532 4606,1528 4726,1525 4846,1522 4967,1520 5087,1518 5208,1516 5328,1514 5448,1512 5569,1510 5689,1508 5810,1504"
                         HEIGHT="292"
                         WIDTH="2445"
                         VPOS="1387"
                         HPOS="3382">
                  <String ID="string_region_1638969124842_9558l15"
                          HEIGHT="292"
                          WIDTH="2445"
                          VPOS="1387"
                          HPOS="3382"
                          CONTENT="god rend twyman well to ostend he is notyett arrived"/>
               </TextLine>
               <TextLine ID="region_1638969124842_9558l16"
                         BASELINE="3390,1734 3511,1716 3633,1699 3755,1685 3876,1672 3998,1662 4120,1653 4241,1645 4363,1639 4485,1634 4607,1630 4728,1626 4850,1623 4972,1620 5093,1618 5215,1616 5337,1614 5458,1611 5580,1608 5702,1604 5824,1600"
                         HEIGHT="282"
                         WIDTH="2467"
                         VPOS="1483"
                         HPOS="3373">
                  <String ID="string_region_1638969124842_9558l16"
                          HEIGHT="282"
                          WIDTH="2467"
                          VPOS="1483"
                          HPOS="3373"
                          CONTENT="thrugh the wind be good sexspect to know what passes"/>
               </TextLine>
               <TextLine ID="region_1638969124842_9558l17"
                         BASELINE="3394,1832 3515,1818 3637,1805 3759,1793 3881,1783 4003,1774 4125,1766 4247,1760 4369,1754 4491,1750 4613,1745 4734,1741 4856,1738 4978,1734 5100,1732 5222,1730 5344,1728 5466,1725 5588,1722 5710,1720 5832,1716"
                         HEIGHT="305"
                         WIDTH="2472"
                         VPOS="1594"
                         HPOS="3375">
                  <String ID="string_region_1638969124842_9558l17"
                          HEIGHT="305"
                          WIDTH="2472"
                          VPOS="1594"
                          HPOS="3375"
                          CONTENT=" oI finde itt convenient itt could be I should dispose of some"/>
               </TextLine>
               <TextLine ID="region_1638969124842_9558l18"
                         BASELINE="3378,1936 3500,1920 3623,1906 3746,1892 3868,1882 3991,1872 4114,1864 4236,1858 4359,1852 4482,1848 4605,1844 4727,1842 4850,1839 4973,1838 5095,1836 5218,1836 5341,1834 5463,1834 5586,1832 5709,1832 5832,1830"
                         HEIGHT="235"
                         WIDTH="2489"
                         VPOS="1722"
                         HPOS="3360">
                  <String ID="string_region_1638969124842_9558l18"
                          HEIGHT="235"
                          WIDTH="2489"
                          VPOS="1722"
                          HPOS="3360"
                          CONTENT="of these bills by the seconds, the please to deliver b first"/>
               </TextLine>
               <TextLine ID="region_1638969124842_9558l19"
                         BASELINE="3376,2054 3452,2043 3529,2034 3605,2026 3682,2016 3758,2008 3835,2001 3911,1992 3988,1985 4064,1979 4141,1973 4217,1967 4294,1961 4370,1955 4447,1950 4523,1946 4600,1941 4676,1938 4753,1935 4829,1932 4906,1930"
                         HEIGHT="207"
                         WIDTH="1573"
                         VPOS="1860"
                         HPOS="3352">
                  <String ID="string_region_1638969124842_9558l19"
                          HEIGHT="207"
                          WIDTH="1573"
                          VPOS="1860"
                          HPOS="3352"
                          CONTENT="butt this I doubt shall not do &amp; rest"/>
               </TextLine>
               <TextLine ID="region_1638969124842_9558l20"
                         BASELINE="3400,2146 3472,2143 3544,2138 3616,2133 3688,2128 3760,2123 3832,2116 3904,2110 3976,2105 4048,2098 4121,2091 4193,2085 4265,2079 4337,2073 4409,2068 4481,2063 4553,2059 4625,2056 4697,2052 4769,2051 4842,2050"
                         HEIGHT="248"
                         WIDTH="1476"
                         VPOS="1950"
                         HPOS="3382">
                  <String ID="string_region_1638969124842_9558l20"
                          HEIGHT="248"
                          WIDTH="1476"
                          VPOS="1950"
                          HPOS="3382"
                          CONTENT="£300 in 2 bills on ambros upton"/>
               </TextLine>
               <TextLine ID="region_1638969124842_9558l21"
                         BASELINE="3404,2280 3466,2272 3528,2263 3590,2255 3653,2247 3715,2241 3777,2235 3840,2229 3902,2224 3964,2218 4027,2213 4089,2207 4151,2204 4213,2198 4276,2194 4338,2190 4400,2186 4463,2182 4525,2177 4587,2174 4650,2170"
                         HEIGHT="258"
                         WIDTH="1289"
                         VPOS="2052"
                         HPOS="3381">
                  <String ID="string_region_1638969124842_9558l21"
                          HEIGHT="258"
                          WIDTH="1289"
                          VPOS="2052"
                          HPOS="3381"
                          CONTENT="„100 on thomas Milley"/>
               </TextLine>
               <TextLine ID="region_1638969124842_9558l22"
                         BASELINE="3416,2378 3473,2374 3531,2370 3589,2364 3647,2359 3705,2353 3762,2347 3820,2341 3878,2335 3936,2329 3994,2323 4051,2317 4109,2311 4167,2307 4225,2302 4283,2299 4340,2296 4398,2292 4456,2292 4514,2290 4572,2292"
                         HEIGHT="252"
                         WIDTH="1196"
                         VPOS="2180"
                         HPOS="3394">
                  <String ID="string_region_1638969124842_9558l22"
                          HEIGHT="252"
                          WIDTH="1196"
                          VPOS="2180"
                          HPOS="3394"
                          CONTENT="„ 75 on John preist ley"/>
               </TextLine>
               <TextLine ID="region_1638969124842_9558l23"
                         BASELINE="3396,2510 3514,2501 3632,2491 3750,2482 3868,2473 3987,2464 4105,2455 4223,2448 4341,2439 4459,2432 4578,2425 4696,2419 4814,2414 4932,2408 5050,2405 5169,2402 5287,2398 5405,2398 5523,2396 5641,2396 5760,2398"
                         HEIGHT="269"
                         WIDTH="2396"
                         VPOS="2267"
                         HPOS="3377">
                  <String ID="string_region_1638969124842_9558l23"
                          HEIGHT="269"
                          WIDTH="2396"
                          VPOS="2267"
                          HPOS="3377"
                          CONTENT="£475 our ostendis hconvoy is ordered towards "/>
               </TextLine>
               <TextLine ID="region_1638969124842_9558l24"
                         BASELINE="3350,2618 3431,2612 3512,2604 3593,2598 3674,2590 3756,2584 3837,2578 3918,2573 3999,2568 4080,2564 4162,2558 4243,2554 4324,2548 4405,2545 4486,2540 4568,2536 4649,2531 4730,2527 4811,2523 4892,2518 4974,2514"
                         HEIGHT="210"
                         WIDTH="1662"
                         VPOS="2429"
                         HPOS="3329">
                  <String ID="string_region_1638969124842_9558l24"
                          HEIGHT="210"
                          WIDTH="1662"
                          VPOS="2429"
                          HPOS="3329"
                          CONTENT="Maij for London as cootr writes "/>
               </TextLine>
               <TextLine ID="region_1638969124842_9558l25"
                         BASELINE="5088,2676 5114,2678 5141,2678 5168,2678 5194,2678 5221,2678 5248,2678 5275,2678 5301,2676 5328,2676 5355,2675 5381,2674 5408,2674 5435,2674 5462,2674"
                         HEIGHT="202"
                         WIDTH="407"
                         VPOS="2537"
                         HPOS="5071">
                  <String ID="string_region_1638969124842_9558l25"
                          HEIGHT="202"
                          WIDTH="407"
                          VPOS="2537"
                          HPOS="5071"
                          CONTENT="20 ad"/>
               </TextLine>
               <TextLine ID="region_1638969124842_9558l26"
                         BASELINE="3316,2788 3351,2781 3387,2775 3422,2770 3458,2766 3493,2763 3529,2759 3564,2756 3600,2752 3635,2750 3671,2750 3706,2748 3742,2746 3777,2745 3813,2744 3848,2744 3884,2744 3919,2744 3955,2744 3990,2744 4026,2746"
                         HEIGHT="220"
                         WIDTH="752"
                         VPOS="2612"
                         HPOS="3292">
                  <String ID="string_region_1638969124842_9558l26"
                          HEIGHT="220"
                          WIDTH="752"
                          VPOS="2612"
                          HPOS="3292"
                          CONTENT="Nicob oursel"/>
               </TextLine>
               <TextLine ID="region_1638969124842_9558l27"
                         BASELINE="3374,2924 3494,2918 3614,2910 3734,2906 3854,2900 3974,2896 4094,2891 4214,2888 4334,2885 4454,2882 4574,2880 4694,2878 4814,2876 4934,2874 5054,2872 5174,2871 5294,2870 5414,2868 5534,2866 5654,2864 5774,2860"
                         HEIGHT="251"
                         WIDTH="2434"
                         VPOS="2710"
                         HPOS="3356">
                  <String ID="string_region_1638969124842_9558l27"
                          HEIGHT="251"
                          WIDTH="2434"
                          VPOS="2710"
                          HPOS="3356"
                          CONTENT="Inantwe ayue van 215 p: de vorsoght 140 stn"/>
               </TextLine>
               <TextLine ID="region_1638969124842_9558l28"
                         BASELINE="3396,3040 3517,3032 3638,3024 3759,3018 3880,3012 4001,3004 4122,2998 4243,2992 4364,2987 4485,2982 4606,2978 4727,2974 4848,2971 4969,2970 5090,2968 5211,2966 5332,2966 5453,2968 5574,2970 5695,2972 5816,2976"
                         HEIGHT="259"
                         WIDTH="2452"
                         VPOS="2855"
                         HPOS="3379">
                  <String ID="string_region_1638969124842_9558l28"
                          HEIGHT="259"
                          WIDTH="2452"
                          VPOS="2855"
                          HPOS="3379"
                          CONTENT="bijhj tal volgens ue ordre ay cao ende naer bugg"/>
               </TextLine>
               <TextLine ID="region_1638969124842_9558l29"
                         BASELINE="3348,3160 3464,3148 3580,3138 3696,3129 3812,3119 3928,3111 4044,3105 4160,3099 4276,3093 4392,3088 4509,3084 4625,3082 4741,3078 4857,3076 4973,3076 5089,3076 5205,3076 5321,3076 5437,3078 5553,3080 5670,3082"
                         HEIGHT="223"
                         WIDTH="2351"
                         VPOS="2973"
                         HPOS="3330">
                  <String ID="string_region_1638969124842_9558l29"
                          HEIGHT="223"
                          WIDTH="2351"
                          VPOS="2973"
                          HPOS="3330"
                          CONTENT="gaek de chev oet senden, waer toe wel weeken"/>
               </TextLine>
               <TextLine ID="region_1638969124842_9558l30"
                         BASELINE="3398,3258 3517,3245 3636,3235 3755,3225 3874,3218 3994,3211 4113,3205 4232,3199 4351,3195 4470,3192 4590,3189 4709,3187 4828,3184 4947,3182 5066,3182 5186,3179 5305,3178 5424,3175 5543,3172 5662,3168 5782,3164"
                         HEIGHT="193"
                         WIDTH="2417"
                         VPOS="3078"
                         HPOS="3380">
                  <String ID="string_region_1638969124842_9558l30"
                          HEIGHT="193"
                          WIDTH="2417"
                          VPOS="3078"
                          HPOS="3380"
                          CONTENT="noadick hebbe  agher hope voor het eerste"/>
               </TextLine>
               <TextLine ID="region_1638969124842_9558l31"
                         BASELINE="3394,3348 3508,3341 3622,3335 3736,3330 3850,3324 3964,3318 4078,3312 4192,3307 4306,3302 4420,3298 4535,3293 4649,3289 4763,3286 4877,3283 4991,3280 5105,3278 5219,3276 5333,3276 5447,3276 5561,3276 5676,3276"
                         HEIGHT="210"
                         WIDTH="2313"
                         VPOS="3180"
                         HPOS="3375">
                  <String ID="string_region_1638969124842_9558l31"
                          HEIGHT="210"
                          WIDTH="2313"
                          VPOS="3180"
                          HPOS="3375"
                          CONTENT="convoy naer costy die tet buyge te besorgen"/>
               </TextLine>
               <TextLine ID="region_1638969124842_9558l32"
                         BASELINE="3412,3456 3532,3451 3652,3446 3773,3440 3893,3433 4014,3426 4134,3420 4254,3414 4375,3407 4495,3402 4616,3396 4736,3392 4856,3388 4977,3384 5097,3382 5218,3382 5338,3382 5458,3386 5579,3389 5699,3395 5820,3404"
                         HEIGHT="242"
                         WIDTH="2440"
                         VPOS="3277"
                         HPOS="3395">
                  <String ID="string_region_1638969124842_9558l32"
                          HEIGHT="242"
                          WIDTH="2440"
                          VPOS="3277"
                          HPOS="3395"
                          CONTENT="dan n mijn nembouent biet gaeen"/>
               </TextLine>
               <TextLine ID="region_1638969124842_9558l33"
                         BASELINE="3418,3558 3537,3555 3656,3552 3775,3547 3895,3542 4014,3535 4133,3530 4253,3524 4372,3518 4491,3512 4611,3506 4730,3501 4849,3498 4968,3494 5088,3492 5207,3490 5326,3490 5446,3492 5565,3494 5684,3499 5804,3506"
                         HEIGHT="246"
                         WIDTH="2421"
                         VPOS="3377"
                         HPOS="3401">
                  <String ID="string_region_1638969124842_9558l33"
                          HEIGHT="246"
                          WIDTH="2421"
                          VPOS="3377"
                          HPOS="3401"
                          CONTENT="e treckx oock is dat ende u voordeel, want"/>
               </TextLine>
               <TextLine ID="region_1638969124842_9558l34"
                         BASELINE="3372,3662 3491,3656 3611,3648 3731,3642 3851,3637 3971,3632 4090,3627 4210,3622 4330,3618 4450,3614 4570,3612 4689,3609 4809,3606 4929,3604 5049,3603 5169,3602 5288,3600 5408,3600 5528,3600 5648,3600 5768,3600"
                         HEIGHT="180"
                         WIDTH="2430"
                         VPOS="3489"
                         HPOS="3354">
                  <String ID="string_region_1638969124842_9558l34"
                          HEIGHT="180"
                          WIDTH="2430"
                          VPOS="3489"
                          HPOS="3354"
                          CONTENT="dacass is11„ 33:4 a 52 u &amp; e can a"/>
               </TextLine>
               <TextLine ID="region_1638969124842_9558l35"
                         BASELINE="3416,3796 3536,3779 3656,3765 3776,3753 3896,3742 4016,3734 4136,3727 4256,3721 4376,3718 4496,3714 4616,3712 4736,3710 4856,3710 4976,3710 5096,3710 5216,3710 5336,3712 5456,3712 5576,3712 5696,3712 5816,3712"
                         HEIGHT="220"
                         WIDTH="2433"
                         VPOS="3594"
                         HPOS="3399">
                  <String ID="string_region_1638969124842_9558l35"
                          HEIGHT="220"
                          WIDTH="2433"
                          VPOS="3594"
                          HPOS="3399"
                          CONTENT="73:1a 34 s remitter hebbende liever die tyt"/>
               </TextLine>
               <TextLine ID="region_1638969124842_9558l36"
                         BASELINE="3424,3864 3541,3856 3658,3850 3775,3843 3892,3838 4009,3832 4126,3827 4243,3821 4360,3816 4477,3812 4594,3808 4711,3806 4828,3803 4945,3802 5062,3800 5179,3800 5296,3802 5413,3802 5530,3806 5647,3810 5764,3814"
                         HEIGHT="194"
                         WIDTH="2374"
                         VPOS="3712"
                         HPOS="3406">
                  <String ID="string_region_1638969124842_9558l36"
                          HEIGHT="194"
                          WIDTH="2374"
                          VPOS="3712"
                          HPOS="3406"
                          CONTENT="uy veegh &amp; ha mijne vanden vande"/>
               </TextLine>
               <TextLine ID="region_1638969124842_9558l37"
                         BASELINE="3434,3954 3547,3948 3661,3942 3774,3937 3888,3932 4002,3927 4115,3923 4229,3920 4342,3917 4456,3914 4570,3912 4683,3912 4797,3910 4910,3910 5024,3910 5138,3910 5251,3912 5365,3914 5478,3916 5592,3918 5706,3920"
                         HEIGHT="207"
                         WIDTH="2304"
                         VPOS="3803"
                         HPOS="3418">
                  <String ID="string_region_1638969124842_9558l37"
                          HEIGHT="207"
                          WIDTH="2304"
                          VPOS="3803"
                          HPOS="3418"
                          CONTENT="eessel t fferen, gelijk als andere het"/>
               </TextLine>
               <TextLine ID="region_1638969124842_9558l38"
                         BASELINE="3424,4064 3536,4051 3648,4041 3760,4032 3873,4025 3985,4020 4097,4016 4210,4014 4322,4012 4434,4012 4547,4012 4659,4012 4771,4012 4883,4012 4996,4012 5108,4012 5220,4010 5333,4008 5445,4006 5557,4001 5670,3994"
                         HEIGHT="148"
                         WIDTH="2276"
                         VPOS="3935"
                         HPOS="3408">
                  <String ID="string_region_1638969124842_9558l38"
                          HEIGHT="148"
                          WIDTH="2276"
                          VPOS="3935"
                          HPOS="3408"
                          CONTENT="chn d  begenen, als sijnde"/>
               </TextLine>
               <TextLine ID="region_1638969124842_9558l39"
                         BASELINE="3428,4144 3545,4132 3662,4123 3779,4114 3896,4108 4013,4104 4130,4100 4247,4098 4364,4098 4481,4098 4599,4098 4716,4098 4833,4100 4950,4100 5067,4102 5184,4102 5301,4102 5418,4102 5535,4100 5652,4098 5770,4094"
                         HEIGHT="146"
                         WIDTH="2375"
                         VPOS="4012"
                         HPOS="3411">
                  <String ID="string_region_1638969124842_9558l39"
                          HEIGHT="146"
                          WIDTH="2375"
                          VPOS="4012"
                          HPOS="3411"
                          CONTENT="ven maindeent de oe conditae daerom sal"/>
               </TextLine>
               <TextLine ID="region_1638969124842_9558l40"
                         BASELINE="3438,4230 3539,4223 3641,4216 3743,4212 3845,4207 3947,4202 4048,4198 4150,4194 4252,4192 4354,4189 4456,4186 4557,4185 4659,4184 4761,4184 4863,4184 4965,4184 5066,4184 5168,4185 5270,4186 5372,4188 5474,4190"
                         HEIGHT="144"
                         WIDTH="2068"
                         VPOS="4102"
                         HPOS="3420">
                  <String ID="string_region_1638969124842_9558l40"
                          HEIGHT="144"
                          WIDTH="2068"
                          VPOS="4102"
                          HPOS="3420"
                          CONTENT="ick u remis in antwooort deser te genmoe "/>
               </TextLine>
               <TextLine ID="region_1638969124842_9558l41"
                         BASELINE="3626,4276 3732,4278 3839,4278 3946,4276 4052,4276 4159,4274 4266,4272 4372,4268 4479,4266 4586,4264 4693,4261 4799,4259 4906,4258 5013,4256 5119,4256 5226,4258 5333,4260 5439,4262 5546,4268 5653,4274 5760,4282"
                         HEIGHT="126"
                         WIDTH="2167"
                         VPOS="4190"
                         HPOS="3610">
                  <String ID="string_region_1638969124842_9558l41"
                          HEIGHT="126"
                          WIDTH="2167"
                          VPOS="4190"
                          HPOS="3610"
                          CONTENT="de vertijt niet veruj e in depeditte vanm "/>
               </TextLine>
               <TextLine ID="region_1638969124842_9558l42"
                         BASELINE="3502,4358 3590,4354 3678,4349 3766,4346 3854,4343 3942,4342 4030,4340 4118,4340 4206,4338 4294,4338 4382,4338 4470,4338 4558,4340 4646,4340 4734,4340 4822,4338 4910,4338 4998,4336 5086,4334 5174,4332 5262,4328"
                         HEIGHT="80"
                         WIDTH="1792"
                         VPOS="4287"
                         HPOS="3486">
                  <String ID="string_region_1638969124842_9558l42"
                          HEIGHT="80"
                          WIDTH="1792"
                          VPOS="4287"
                          HPOS="3486"
                          CONTENT="a die die orent £43 f a m"/>
               </TextLine>
            </TextBlock>
         </PrintSpace>
      </Page>
   </Layout>
</alto>
