7940 4541
2726 167 333 123 8 Jan

805 158 996 168 telst Jan Lamberty

916 243 2268 185 In antwoort aenden ue van 4 deser, hetis mij leet

862 355 2345 167 genoegh dat ick iemant nece mijne vrinden met

854 468 2405 173 recht heb moeten praemen de doot van mijn e huys vrouw

921 613 2323 134 saliger is de oorsaecl omdat ick het sonder goetmoet ven

909 685 2332 158 lekeren, nu tgene ue resteert is soo incopetderabel weynigh, dat

937 791 2303 173 het demoeyte niet weirt is daer drij briefkens van te maecke

935 933 2284 174 & verwondere mj ue soodanige prepositie doet, wattt het

941 1021 2302 234 comt ue daer niet op aen, om die schult contant te betalen

943 1161 2192 205 evenwel om van mijnen t'wegen te doen als wat ick de

956 1275 2308 230 civiliteyt can commanderen, soo sal de saecke in schorsantis

943 1364 2232 253 doen houden, midts conditie mij de naeste weecke on

941 1505 2276 217 minsten de helft gelieft te seynden & sal met de resteop

947 1686 2301 160 ue woort alleen op 3 a 4 maenden verwaghte wanschend

921 1796 2333 161 ue reedproquelijck & beminde met ue jamille een geluck

950 1879 845 203 salighnieve bij

2688 1921 411 220 9 fanu

768 1994 1132 319 Gent Pourt matton

942 2112 2263 239 t sedr mijnen van 18 paso hebbe ick den ingesloten van

938 2244 2159 237 Jan Lamberty van aelst ontfangen byden welcken ue

906 2342 2204 205 sal sien dat hj pretendeert costij niet te recht te staen,

926 2516 2324 148 eghter mj geen quaede coste wilt brouwen, soo bidde mij

939 2597 2174 197 te informeren ofte hij sulckx wel soude doen om mj te

2100 2715 140 76 niet

946 2721 2243 167 in timideren & oft hij sich van exepte niet can bedienn

936 2838 2187 182 want niet geirne onnoodige costen soude doen hebbe by

944 2907 2281 244 provisie hem geantwoort & gegreponeert, soo bij de helft

932 3045 2292 217 vande schult contant wilt betalen, dat ick naer dander

940 3191 2243 205 helft 3 a 4 maende u sal waghten & de saeck soo

936 3320 2222 158 langh in schoosantie laeten, daerentusschen van

934 3417 2277 210 dhh Jan Elbo noch niet vernomen die oock sustineert vorrt

923 3544 2247 216 syn contingent maer alleen aensprekelyck is, & niet voor

946 3647 2253 211 het geheel derhalve versoecke ue positive opinie com

924 3816 2262 113 ni t' vervolgh miyj daer naer te reguleren, als sonde

948 3901 2292 201 daer over oock niet een rechte geleende moeten consi

939 4029 2286 212 teren wenschende ue een geluck seligh pi naer blijv

3353 183 644 144 russel Valravens

5389 160 493 172 1 lamen

3476 316 2406 143 In antwoort aenden ue van 7 deser seynde ue te rugge de 2 wissel

3470 354 2424 196 briefkens van ƒ702:10 ƒ192:13½ conr gelt door ue geaccepteer

3421 467 2425 214 met mjne quittantie dienende dese voorder tot quittantie van de 4

3420 591 2359 156 stucken flannel ue laest gesonden, soo dat ick ue bedancke &

3453 687 2436 201 my houde voor voldaen tot den dagh van heden met ue remist

3430 798 2452 216 op Joff de weduwe vermeulen van ƒ686:- cour gelt daer

3450 909 2349 200 is ƒ4:7½ te cort dogh is alles op den bosch afgeschreven & als ue

3428 1009 2443 229 overcomt sullen dat daer ue wel maecken hebbe noch gosen

3426 1134 2446 233 =syen sal die a ƒ29:10 court gelt geven syn vande beste lange

3436 1258 2427 228 breede a 40 iedts tot ue dinst gelieft te commanderen, ick hebb

3425 1378 2185 242 schoone hollantse carmosyne lakens & swerte blijve

3362 1474 1144 213 Amst geerd Rover

5463 1518 226 186 11 d

3400 1598 2387 291 In antwoort aenden ue van 8 deser, tis slecht beleyt

3397 1732 2437 264 dat ick die 2 baelen wolle over bergonda niet voor mij

3405 1892 2387 209 hier hebbe patientie, met mons debre corresponderen

3414 1998 2360 201 wy over het goet van anmclant dogh wj syn nu: in

3437 2077 2418 260 handen van capers geraeckt dieons niet veel trecken te

3435 2221 2341 214 geven, de brieven van costj syn gister laet aencomen

3419 2318 2430 241 soo dat ick myne reken niet als ie trouw heb connen

3431 2460 2432 186 examineren, bevindende daer uyt gelaeten de  444

3451 2556 2266 225 10: 9 en £99½ en £ 184:5:1 in banco ue op

3427 2661 2408 181 31 pasto geremitteert & voor nu ontfangen & alsoo

3426 2821 2467 236 de selve partije noch moet comen in doude reken, soo geleef

3419 2895 2412 268 m dan voore niet den ager van 5 ½ pc te crediteren

3414 3037 2451 226 ende het slot soo veel minder maecken waer van p naest

3406 3137 2321 277 het bevinden sal noteren, die schaede op ƒ 601:13

3414 3314 2263 167 a 8¼ a ƒ 8:9 hadde ue my wel connen vergoeden

3417 3385 2380 258 op d'oncosten, & preco van assurentie midts deel

3403 3523 2427 242 daer van voor tredueeren van t gelt is gesae

3390 3635 2363 200 ingesloten £200 tot laste george Clifford op 6 daegen

5728 3701 140 120 dato

3397 3749 2436 203 & £220:16:8 en ten laste Jan daenen in Rott die addres

3385 3869 2444 195 =seert bij pals het noodigh gelieft te besorgen & st £100

3392 3932 2460 237 op londen 2 uso my remitteren, hupponneaende a 32:6 sult

3402 4099 2441 175 sijn te recht geracht ingesloten weders  300 ten laste

3406 4207 2324 171 adriaen du quelnoy & sone die gelieft met acceptate oft
