7823 4521
2622 190 487 125 13 pest

673 218 811 162 ugge Coot

845 264 2220 199 In antwoort ainden ue van 13 deser godt lof dat

837 335 2298 192 het connoij van londen behouden is gearriveert ick

863 450 2206 161 hope alle de schepen daer bij sijn prneipalijck

855 548 2219 146 adriaen de raes aen boort den welcken bevinde noh

838 621 2338 215 gelaeden een pach &N5 met n gemengelde obleur

822 715 2319 172 lakens & mit cotton soo den selven eerst conde geloft

864 813 2245 188 worden soude mij seer aengenaem want de meeste

848 899 2286 200 haeste die ick hebbe is voor N1 & 2 evenwel gelyck

865 985 2203 213 versoght hebbe laet de spaense lakens d'uyterste

885 1088 2273 150 expeditie hebben met ordre aen herrebout p wagn

847 1158 2213 177 voorts te seynde ue segge deirea de wande vande p

881 1288 2274 141 lakens soude advseren, isser dan eenige verandering

873 1357 2271 174 inde verclaringe te doen, dat diende ick wel te weten

882 1470 2224 161 & koemen de goederen verclaeren moet evenwel om

888 1543 2244 206 geen tyt te verldesen soo staet aendevoet deser he

863 1645 2181 180 veel geirden ieder pack inhoeudt & aen mij cost

865 1762 861 145 a governo blijv 1216

893 1806 2015 211 & N1 is het fijnste 275 geirden costen   £142:

1403 1910 1777 186 10p. 263 gi. coste „ 108„-

1032 1973 167 133 „2

2564 2012 634 153 „150„-gemeydng

2094 2040 250 145 eAben

1408 2045 569 200 ƒ48: 402

1024 2071 205 175 13

2119 2152 1040 190 Eosteu „ ƒ25„ ½ ditto

1029 2218 226 114 at

1053 2212 842 186 a5  12p 316

2780 2273 325 181 15 meur

685 2348 735 203 Gent Herrebout

881 2402 2297 225 den ue van 3 deser ontfangen oock de casse creppen den ingeslote

882 2503 2231 218 sent cito cito voorts op dat hij morgen te brugge is het convoij

867 2592 2284 183 is van londen gearriveert soo sullen onse packen haes bj ue

874 2713 2233 200 syn waer van  N1„ 2 & 3 & 5 op spoedighste te wagen

849 2789 2279 200 mij moet seynden hopende voor paesschen eenige te hebben

882 2901 2271 171 soo bidde daer op te letten bedancke ue voor tadvier vande

868 3005 995 151 behenden vrnedt blijve

2657 3098 385 132 16 meirt

698 3077 1374 228 Londen Ar John Kent & comp

877 3140 2265 257 mij last to you was 5 curs, sencerec yours of 17 & 21 past, the ostendish

880 3265 2279 217 convoij is arrived, butt not that from hull, which I pray gods send well

879 3375 2271 216 yd opinion is that the best times comes on to buy goods, so lett mys

851 3460 2317 172 order from the north be compleated, which is for 150 not s0 as you

885 3561 2266 175 write white kersies 30 gend one pack of heavie gayes, & 2 of cloth

889 3637 2264 183 which clothes to be assorted to my order of 2 curt, & now desire you

895 3733 2302 180 to buy 3 such packes, that is one pack more then ordered, assorted, as to

869 3821 2347 190 the direction given 2 cart. from london buy the rest of spanish clothe

878 3917 2311 203 yett non to exceed iop neither anney of the newest cullours, butt to

852 3970 2366 185 N1„ 2„ 3, 4 a 5, 6, of the patt sent 1o Jannnary, for you have not sent

890 4101 2320 149 all the white or silver grayes & as yett not one gray that hath the

879 4174 2261 183 liveley hood of N2, att which I wonder, there fore endeavour to

3375 180 2464 90 gett that cullour, I say such liveley gray of anney price from 6 to dp

3338 256 2489 126 & 2a 3 p to N4 & 6 of 7 ƒ 8, a9 ƒ with a botwne mode or 2 of 7 ƒ

3382 338 2454 154 a yd which sp to be send by anney convoy that shall depart firt, as also

3391 398 2408 188 the pennestons, devonshire bayes, adding to that pack 8 a 10 p of white

3367 498 2454 193 franels from 13 „ 14 to 26 a 22 pence a yd, which white goood may come by

3376 614 2463 149 way of holland & the sp clothes for next convoij for ostend prepare 2 a 3

3382 692 2414 190 packes each pack to cont: 8 demie reds 2 red pennestons, of the broadest

3347 776 2461 163 4 best & 3 a 4 white cottons the cottons to be from 20 to 24 pence a

3368 909 2421 123 goad the best forred, butt if you iudge the cottons will come cheaper then

3331 980 2503 162 buy butt one pack now: you send in  N5 acloth N 45, which cullour will

3357 1053 2495 160 never do & bj no meane to anney of my patt. ordered further I know not

3376 1131 2465 192 what to do with the 2 scarlett of last yeare non will have them because of

3370 1280 2464 146 their spoiled cullour, so that I must returne them, pray minde my bussynes

3407 1340 1934 171 & negleet not mij orders adviseinge what passes remaine

3417 1424 2263 126 lett amonght the flanels 2 a 4 p gehepert, that is 16 fin

3261 1492 1491 187 brngge cworen like the perpet manker

3393 1590 2405 186 gist. heb over gent aenigesj e de deleigde en eweirde

3394 1703 2424 166 vande 4 laken lacken geadviseet. sijnde volgens de voet

3365 1840 2436 136 deser ick 3 wissele ne oft de schopen daer inthest in

3376 1912 2452 148 hebbe sijn der onder, en dat adiseraer wel de verste mach

3389 2014 2282 157 wesen dnt lossen also oick mecbelijs intiest hebbe

3418 2129 2424 146 en rN.1 kande perlij me panse lakens. ue uyterlijk

3387 2234 2433 161 beco ondereede de selve oft tes mit N1: oft

3386 2309 2433 142 2 desel veke hier mach becom. in gesloten de coodige

3391 2446 2430 168 certficate waervan gelioft te bedien, en te

3357 2525 2117 198 advise laet casset divilk doeu

5255 2619 413 138 binden

3255 2657 908 172 uge le morse

3366 2772 2431 199 nno volgens den ue van 27 p. alb heb packin &N14

3386 2883 2400 167 peigen. naer het, te vendu kewelgecondition

3359 3020 2267 126 doch faute van occasie ooch niet geogen

3324 3096 2311 174 derijne van n Ruck Sushel van Lond

3380 3190 2346 161 eort gevolght en iets tot u dienst hier

3402 3304 1938 161 vireallere commaind

3298 3402 1040 147 Londen tierens & Crnger

5442 3398 365 139 16 meirt

3363 3459 2458 173 de ue aengenaeme van 27 Jan &, 14 & 17 feb laest op hunen tyde

3371 3605 2477 158 ontfangen, antwoorde gedilayeert om dat ick tot noch toe te gemoet

3377 3673 2492 178 sien mijn remise van 1 £100 op willem purnell, de welcke in gevalle

3363 3751 2393 148 o ontfanck deser herrewaert niet is versonden, by ue geliest te

3358 3858 2449 166 houden, de weirde in voorderen, & op mijne rekeninge stellen op de

3354 3997 2458 122 welke ue is gecrediteert voor de £105:15 p soo mijn pack N8

3371 4073 2499 156 imposteert & gedebibeert voor £100 die voor ue trato aen d'ordre

3375 4132 2415 171 van Richard mant ford hebbe voldaen convoij is tot ostende

3355 4255 2393 119 godt tot wel gearriveert in negotie is hier soo weynich te doen
