<?xml version="1.0" encoding="UTF-8"?>
<alto xmlns:xsi="http://www.w3.org/2001/XMLSchema-instance"
      xmlns="http://www.loc.gov/standards/alto/ns-v4#"
      xmlns:page="http://schema.primaresearch.org/PAGE/gts/pagecontent/2013-07-15"
      xsi:schemaLocation="http://www.loc.gov/standards/alto/ns-v4# https://www.loc.gov/standards/alto/v4/alto.xsd">
   <Description>
      <MeasurementUnit>pixel</MeasurementUnit>
      <OCRProcessing ID="IdOcr">
         <ocrProcessingStep>
            <processingDateTime>2022-02-04T12:20:44.791+01:00</processingDateTime>
            <processingSoftware>
               <softwareCreator>READ COOP</softwareCreator>
               <softwareName>Transkribus</softwareName>
            </processingSoftware>
         </ocrProcessingStep>
      </OCRProcessing>
   </Description>
   <Layout>
      <Page ID="Page1" PHYSICAL_IMG_NR="1" HEIGHT="4507" WIDTH="7378">
         <TopMargin HEIGHT="0" WIDTH="7378" VPOS="0" HPOS="0"/>
         <LeftMargin HEIGHT="4507" WIDTH="0" VPOS="0" HPOS="0"/>
         <RightMargin HEIGHT="4507" WIDTH="0" VPOS="0" HPOS="7378"/>
         <BottomMargin HEIGHT="0" WIDTH="7378" VPOS="4507" HPOS="0"/>
         <PrintSpace HEIGHT="4507" WIDTH="7378" VPOS="0" HPOS="0">
            <TextBlock ID="region_1638966478531_7985"
                       HEIGHT="4184"
                       WIDTH="2667"
                       VPOS="148"
                       HPOS="468">
               <Shape>
                  <Polygon POINTS="468,148 3135,148 3135,4332 468,4332"/>
               </Shape>
               <TextLine ID="region_1638966478531_7985l1"
                         BASELINE="2804,280 2829,278 2855,277 2880,276 2906,274 2932,272 2957,272 2983,270 3008,268 3034,266 3060,266"
                         HEIGHT="112"
                         WIDTH="293"
                         VPOS="187"
                         HPOS="2785">
                  <String ID="string_region_1638966478531_7985l1"
                          HEIGHT="112"
                          WIDTH="293"
                          VPOS="187"
                          HPOS="2785"
                          CONTENT="Sang"/>
               </TextLine>
               <TextLine ID="region_1638966478531_7985l2"
                         BASELINE="500,336 554,336 608,334 663,332 717,330 772,328 826,325 880,323 935,321 989,318 1044,316 1098,314 1152,312 1207,308 1261,307 1316,305 1370,304 1424,302 1479,302 1533,300 1588,300"
                         HEIGHT="214"
                         WIDTH="1125"
                         VPOS="183"
                         HPOS="480">
                  <String ID="string_region_1638966478531_7985l2"
                          HEIGHT="214"
                          WIDTH="1125"
                          VPOS="183"
                          HPOS="480"
                          CONTENT="russel francois de haes"/>
               </TextLine>
               <TextLine ID="region_1638966478531_7985l3"
                         BASELINE="654,446 772,440 891,433 1010,427 1129,420 1248,413 1367,408 1486,402 1605,396 1724,390 1843,386 1961,382 2080,377 2199,372 2318,368 2437,366 2556,362 2675,360 2794,358 2913,356 3032,356"
                         HEIGHT="239"
                         WIDTH="2413"
                         VPOS="251"
                         HPOS="635">
                  <String ID="string_region_1638966478531_7985l3"
                          HEIGHT="239"
                          WIDTH="2413"
                          VPOS="251"
                          HPOS="635"
                          CONTENT="volgens ue ordre van 6 deser hebbe ick p beurtschip op brussel"/>
               </TextLine>
               <TextLine ID="region_1638966478531_7985l4"
                         BASELINE="690,534 811,532 933,528 1055,524 1177,520 1299,516 1421,510 1543,506 1665,501 1787,496 1909,492 2030,487 2152,484 2274,480 2396,476 2518,473 2640,470 2762,470 2884,468 3006,468 3128,468"
                         HEIGHT="213"
                         WIDTH="2470"
                         VPOS="381"
                         HPOS="674">
                  <String ID="string_region_1638966478531_7985l4"
                          HEIGHT="213"
                          WIDTH="2470"
                          VPOS="381"
                          HPOS="674"
                          CONTENT="ue toegesonden, het super fijn geperst laken N. 228.44 ¾ a 59 a 52 ƒ 154:14"/>
               </TextLine>
               <TextLine ID="region_1638966478531_7985l5"
                         BASELINE="682,644 804,643 926,642 1048,638 1170,634 1292,630 1414,626 1536,620 1658,614 1780,608 1902,602 2024,596 2146,590 2268,584 2390,580 2512,576 2634,572 2756,568 2878,566 3000,566 3122,566"
                         HEIGHT="180"
                         WIDTH="2470"
                         VPOS="500"
                         HPOS="664">
                  <String ID="string_region_1638966478531_7985l5"
                          HEIGHT="180"
                          WIDTH="2470"
                          VPOS="500"
                          HPOS="664"
                          CONTENT="te betaelen in 3 a 4 maenden in wisselgelde sonder rabat hebbe eenige modecoleur"/>
               </TextLine>
               <TextLine ID="region_1638966478531_7985l6"
                         BASELINE="694,738 815,736 937,734 1059,732 1180,730 1302,726 1424,722 1545,718 1667,714 1789,708 1911,704 2032,698 2154,694 2276,689 2397,684 2519,680 2641,676 2762,672 2884,668 3006,666 3128,664"
                         HEIGHT="187"
                         WIDTH="2465"
                         VPOS="608"
                         HPOS="676">
                  <String ID="string_region_1638966478531_7985l6"
                          HEIGHT="187"
                          WIDTH="2465"
                          VPOS="608"
                          HPOS="676"
                          CONTENT="ontfangen doch die sijn meest aenstonts vercoght, iets ander tot ue dinstgelief"/>
               </TextLine>
               <TextLine ID="region_1638966478531_7985l7"
                         BASELINE="688,844 722,842 757,842 791,841 826,840 860,840 895,839 929,838 964,838 998,836 1033,836 1067,834 1102,833 1136,832 1171,830 1205,828 1240,828 1274,825 1309,822 1343,819 1378,816"
                         HEIGHT="152"
                         WIDTH="723"
                         VPOS="731"
                         HPOS="671">
                  <String ID="string_region_1638966478531_7985l7"
                          HEIGHT="152"
                          WIDTH="723"
                          VPOS="731"
                          HPOS="671"
                          CONTENT="te commanderen blijve"/>
               </TextLine>
               <TextLine ID="region_1638966478531_7985l8"
                         BASELINE="2794,886 2822,888 2850,888 2879,885 2907,882 2936,884"
                         HEIGHT="177"
                         WIDTH="181"
                         VPOS="765"
                         HPOS="2773">
                  <String ID="string_region_1638966478531_7985l8"
                          HEIGHT="177"
                          WIDTH="181"
                          VPOS="765"
                          HPOS="2773"
                          CONTENT="8d"/>
               </TextLine>
               <TextLine ID="region_1638966478531_7985l9"
                         BASELINE="516,988 611,981 706,974 801,969 896,963 992,958 1087,953 1182,948 1277,943 1372,939 1468,934 1563,930 1658,926 1753,922 1848,919 1944,914 2039,911 2134,906 2229,903 2324,898 2420,894"
                         HEIGHT="254"
                         WIDTH="1938"
                         VPOS="757"
                         HPOS="496">
                  <String ID="string_region_1638966478531_7985l9"
                          HEIGHT="254"
                          WIDTH="1938"
                          VPOS="757"
                          HPOS="496"
                          CONTENT="brussel mess gisberto &amp; roelof vanden bestheuve"/>
               </TextLine>
               <TextLine ID="region_1638966478531_7985l10"
                         BASELINE="718,1056 838,1054 958,1050 1079,1046 1199,1041 1320,1036 1440,1030 1560,1023 1681,1018 1801,1012 1922,1006 2042,1000 2162,995 2283,990 2403,986 2524,982 2644,978 2764,976 2885,974 3005,972 3126,972"
                         HEIGHT="250"
                         WIDTH="2441"
                         VPOS="849"
                         HPOS="700">
                  <String ID="string_region_1638966478531_7985l10"
                          HEIGHT="250"
                          WIDTH="2441"
                          VPOS="849"
                          HPOS="700"
                          CONTENT="Ick hebbe den ingesloten van mons sabberton van londen ontfangen, den selven"/>
               </TextLine>
               <TextLine ID="region_1638966478531_7985l11"
                         BASELINE="664,1164 784,1159 905,1153 1026,1148 1147,1142 1268,1136 1388,1129 1509,1124 1630,1117 1751,1110 1872,1104 1992,1097 2113,1092 2234,1085 2355,1080 2476,1074 2596,1068 2717,1064 2838,1060 2959,1056 3080,1052"
                         HEIGHT="208"
                         WIDTH="2451"
                         VPOS="967"
                         HPOS="646">
                  <String ID="string_region_1638966478531_7985l11"
                          HEIGHT="208"
                          WIDTH="2451"
                          VPOS="967"
                          HPOS="646"
                          CONTENT="ordonneert my van ue te aenveirden, t'gene hij mentroneert by dit newengaende"/>
               </TextLine>
               <TextLine ID="region_1638966478531_7985l12"
                         BASELINE="680,1262 800,1258 920,1252 1040,1248 1161,1243 1281,1237 1401,1231 1522,1226 1642,1220 1762,1212 1883,1206 2003,1200 2123,1194 2243,1187 2364,1181 2484,1174 2604,1169 2725,1163 2845,1158 2965,1152 3086,1148"
                         HEIGHT="264"
                         WIDTH="2442"
                         VPOS="1065"
                         HPOS="661">
                  <String ID="string_region_1638966478531_7985l12"
                          HEIGHT="264"
                          WIDTH="2442"
                          VPOS="1065"
                          HPOS="661"
                          CONTENT="papier, synde de copije van d'origincle ordre noch hier in myne handen, doch"/>
               </TextLine>
               <TextLine ID="region_1638966478531_7985l13"
                         BASELINE="674,1374 789,1366 904,1358 1019,1351 1134,1345 1250,1337 1365,1332 1480,1324 1595,1320 1710,1314 1826,1308 1941,1304 2056,1298 2171,1292 2286,1288 2402,1282 2517,1278 2632,1272 2747,1266 2862,1260 2978,1254"
                         HEIGHT="237"
                         WIDTH="2338"
                         VPOS="1174"
                         HPOS="657">
                  <String ID="string_region_1638966478531_7985l13"
                          HEIGHT="237"
                          WIDTH="2338"
                          VPOS="1174"
                          HPOS="657"
                          CONTENT="Ick hebbe geene occasie om sells tot brussel te commen, ot waert saecken"/>
               </TextLine>
               <TextLine ID="region_1638966478531_7985l14"
                         BASELINE="708,1456 828,1452 948,1448 1068,1443 1188,1438 1308,1434 1428,1428 1548,1424 1668,1418 1788,1414 1909,1408 2029,1403 2149,1398 2269,1392 2389,1387 2509,1382 2629,1377 2749,1372 2869,1367 2989,1362 3110,1356"
                         HEIGHT="190"
                         WIDTH="2432"
                         VPOS="1296"
                         HPOS="690">
                  <String ID="string_region_1638966478531_7985l14"
                          HEIGHT="190"
                          WIDTH="2432"
                          VPOS="1296"
                          HPOS="690"
                          CONTENT="imandt van tuwen twegen herrewaerts quaeme, ue soude dat gevoegeljck conne"/>
               </TextLine>
               <TextLine ID="region_1638966478531_7985l15"
                         BASELINE="716,1544 832,1542 949,1538 1066,1535 1183,1532 1300,1528 1417,1524 1534,1521 1651,1518 1768,1514 1885,1510 2001,1505 2118,1501 2235,1496 2352,1492 2469,1488 2586,1483 2703,1478 2820,1474 2937,1468 3054,1464"
                         HEIGHT="210"
                         WIDTH="2373"
                         VPOS="1374"
                         HPOS="698">
                  <String ID="string_region_1638966478531_7985l15"
                          HEIGHT="210"
                          WIDTH="2373"
                          VPOS="1374"
                          HPOS="698"
                          CONTENT="medeseynden, waer over p occasie ue advis geirne te gemoet sien, als mede ofte"/>
               </TextLine>
               <TextLine ID="region_1638966478531_7985l16"
                         BASELINE="718,1638 834,1636 951,1632 1068,1630 1184,1626 1301,1624 1418,1620 1534,1617 1651,1614 1768,1610 1885,1606 2001,1603 2118,1600 2235,1597 2351,1594 2468,1592 2585,1588 2701,1586 2818,1584 2935,1582 3052,1580"
                         HEIGHT="160"
                         WIDTH="2367"
                         VPOS="1492"
                         HPOS="701">
                  <String ID="string_region_1638966478531_7985l16"
                          HEIGHT="160"
                          WIDTH="2367"
                          VPOS="1492"
                          HPOS="701"
                          CONTENT="ue het paxken st ƒ 8 aen mons bandder hebt evergelevert, alsoo van tselve"/>
               </TextLine>
               <TextLine ID="region_1638966478531_7985l17"
                         BASELINE="472,1618 490,1610"
                         HEIGHT="189"
                         WIDTH="116"
                         VPOS="1497"
                         HPOS="415">
                  <String ID="string_region_1638966478531_7985l17"
                          HEIGHT="189"
                          WIDTH="116"
                          VPOS="1497"
                          HPOS="415"
                          CONTENT="d"/>
               </TextLine>
               <TextLine ID="region_1638966478531_7985l18"
                         BASELINE="706,1738 785,1734 865,1732 944,1728 1024,1726 1104,1722 1183,1719 1263,1716 1342,1714 1422,1710 1502,1708 1581,1705 1661,1701 1740,1699 1820,1696 1900,1693 1979,1690 2059,1686 2138,1682 2218,1678 2298,1676"
                         HEIGHT="166"
                         WIDTH="1627"
                         VPOS="1604"
                         HPOS="689">
                  <String ID="string_region_1638966478531_7985l18"
                          HEIGHT="166"
                          WIDTH="1627"
                          VPOS="1604"
                          HPOS="689"
                          CONTENT="niet woort vernomen, waer mede naer groetenisse bllijve"/>
               </TextLine>
               <TextLine ID="region_1638966478531_7985l19"
                         BASELINE="2830,1794 2862,1782 2894,1778"
                         HEIGHT="194"
                         WIDTH="125"
                         VPOS="1635"
                         HPOS="2789">
                  <String ID="string_region_1638966478531_7985l19"
                          HEIGHT="194"
                          WIDTH="125"
                          VPOS="1635"
                          HPOS="2789"
                          CONTENT="9"/>
               </TextLine>
               <TextLine ID="region_1638966478531_7985l20"
                         BASELINE="472,1856 509,1862 547,1869 584,1871 622,1872 660,1874 697,1872 735,1872 772,1869 810,1867 848,1864 885,1860 923,1857 960,1854 998,1851 1036,1847 1073,1846 1111,1844 1148,1844 1186,1844 1224,1846"
                         HEIGHT="215"
                         WIDTH="786"
                         VPOS="1731"
                         HPOS="454">
                  <String ID="string_region_1638966478531_7985l20"
                          HEIGHT="215"
                          WIDTH="786"
                          VPOS="1731"
                          HPOS="454"
                          CONTENT="Bruge R Coots"/>
               </TextLine>
               <TextLine ID="region_1638966478531_7985l21"
                         BASELINE="686,1962 805,1954 925,1947 1045,1939 1164,1934 1284,1928 1404,1924 1523,1920 1643,1916 1763,1912 1883,1910 2002,1906 2122,1904 2242,1900 2361,1898 2481,1894 2601,1889 2720,1885 2840,1880 2960,1874 3080,1868"
                         HEIGHT="217"
                         WIDTH="2426"
                         VPOS="1803"
                         HPOS="668">
                  <String ID="string_region_1638966478531_7985l21"
                          HEIGHT="217"
                          WIDTH="2426"
                          VPOS="1803"
                          HPOS="668"
                          CONTENT="sedert mynen laesten van 6 deser geene van ue ick sien wel dat myt"/>
               </TextLine>
               <TextLine ID="region_1638966478531_7985l22"
                         BASELINE="716,2048 830,2043 945,2039 1060,2034 1174,2029 1289,2025 1404,2021 1518,2016 1633,2012 1748,2008 1863,2004 1977,2000 2092,1998 2207,1994 2321,1990 2436,1986 2551,1984 2665,1980 2780,1977 2895,1974 3010,1970"
                         HEIGHT="214"
                         WIDTH="2330"
                         VPOS="1900"
                         HPOS="697">
                  <String ID="string_region_1638966478531_7985l22"
                          HEIGHT="214"
                          WIDTH="2330"
                          VPOS="1900"
                          HPOS="697"
                          CONTENT="schrijven het werck niet can doen voort gaen, ick hebbe mjn leven soo"/>
               </TextLine>
               <TextLine ID="region_1638966478531_7985l23"
                         BASELINE="708,2148 828,2142 948,2138 1068,2132 1188,2127 1309,2122 1429,2118 1549,2112 1669,2108 1789,2102 1910,2098 2030,2094 2150,2088 2270,2084 2390,2080 2511,2076 2631,2073 2751,2070 2871,2066 2991,2063 3112,2060"
                         HEIGHT="187"
                         WIDTH="2440"
                         VPOS="1977"
                         HPOS="689">
                  <String ID="string_region_1638966478531_7985l23"
                          HEIGHT="187"
                          WIDTH="2440"
                          VPOS="1977"
                          HPOS="689"
                          CONTENT="impatientich in eenigh voor val van negotie geweest, oock sijn wij onsleven"/>
               </TextLine>
               <TextLine ID="region_1638966478531_7985l24"
                         BASELINE="704,2242 824,2238 944,2233 1065,2229 1185,2224 1306,2219 1426,2214 1546,2210 1667,2206 1787,2201 1908,2196 2028,2192 2148,2188 2269,2183 2389,2179 2510,2174 2630,2170 2750,2166 2871,2163 2991,2160 3112,2156"
                         HEIGHT="220"
                         WIDTH="2442"
                         VPOS="2069"
                         HPOS="685">
                  <String ID="string_region_1638966478531_7985l24"
                          HEIGHT="220"
                          WIDTH="2442"
                          VPOS="2069"
                          HPOS="685"
                          CONTENT="van geene conincks offieveren in materie van negotie soo iurienselijck getraet"/>
               </TextLine>
               <TextLine ID="region_1638966478531_7985l25"
                         BASELINE="724,2336 842,2332 961,2328 1079,2324 1198,2319 1317,2314 1435,2310 1554,2304 1672,2298 1791,2294 1910,2288 2028,2283 2147,2278 2265,2273 2384,2268 2503,2264 2621,2259 2740,2254 2858,2252 2977,2248 3096,2246"
                         HEIGHT="183"
                         WIDTH="2405"
                         VPOS="2192"
                         HPOS="705">
                  <String ID="string_region_1638966478531_7985l25"
                          HEIGHT="183"
                          WIDTH="2405"
                          VPOS="2192"
                          HPOS="705"
                          CONTENT="eert gewoorden soo myn pack No. 12 heden hier niet is sal ick het selve seher"/>
               </TextLine>
               <TextLine ID="region_1638966478531_7985l26"
                         BASELINE="720,2424 839,2420 959,2416 1078,2412 1198,2409 1318,2406 1437,2401 1557,2398 1676,2394 1796,2390 1916,2386 2035,2382 2155,2378 2274,2374 2394,2371 2514,2367 2633,2364 2753,2360 2872,2356 2992,2354 3112,2350"
                         HEIGHT="144"
                         WIDTH="2427"
                         VPOS="2304"
                         HPOS="701">
                  <String ID="string_region_1638966478531_7985l26"
                          HEIGHT="144"
                          WIDTH="2427"
                          VPOS="2304"
                          HPOS="701"
                          CONTENT="=lijck aende handt moetten houden, want het syn coleuren de alderdange"/>
               </TextLine>
               <TextLine ID="region_1638966478531_7985l27"
                         BASELINE="708,2528 829,2520 950,2514 1072,2508 1193,2503 1315,2496 1436,2492 1557,2488 1679,2483 1800,2479 1922,2475 2043,2472 2164,2468 2286,2466 2407,2462 2529,2460 2650,2456 2771,2454 2893,2450 3014,2448 3136,2444"
                         HEIGHT="211"
                         WIDTH="2463"
                         VPOS="2359"
                         HPOS="689">
                  <String ID="string_region_1638966478531_7985l27"
                          HEIGHT="211"
                          WIDTH="2463"
                          VPOS="2359"
                          HPOS="689"
                          CONTENT="reus te die ick oyt heb doen comen, ende den vrint voor wien de selve syn niet"/>
               </TextLine>
               <TextLine ID="region_1638966478531_7985l28"
                         BASELINE="728,2620 846,2613 964,2606 1083,2601 1201,2595 1320,2590 1438,2585 1556,2580 1675,2576 1793,2572 1912,2568 2030,2564 2148,2560 2267,2556 2385,2552 2504,2550 2622,2544 2740,2542 2859,2536 2977,2532 3096,2528"
                         HEIGHT="174"
                         WIDTH="2404"
                         VPOS="2461"
                         HPOS="709">
                  <String ID="string_region_1638966478531_7985l28"
                          HEIGHT="174"
                          WIDTH="2404"
                          VPOS="2461"
                          HPOS="709"
                          CONTENT="langer daer meer welt mede te doen hebben, verneme oock noch niet dat"/>
               </TextLine>
               <TextLine ID="region_1638966478531_7985l29"
                         BASELINE="736,2718 855,2712 974,2706 1093,2700 1212,2694 1331,2688 1450,2682 1569,2678 1688,2672 1807,2666 1926,2662 2045,2658 2164,2654 2283,2650 2402,2646 2521,2642 2640,2640 2759,2638 2878,2636 2997,2634 3116,2632"
                         HEIGHT="195"
                         WIDTH="2411"
                         VPOS="2539"
                         HPOS="716">
                  <String ID="string_region_1638966478531_7985l29"
                          HEIGHT="195"
                          WIDTH="2411"
                          VPOS="2539"
                          HPOS="716"
                          CONTENT="eenige packen tot gent sijn aengecomen, daeren tussen men kan syn get niet"/>
               </TextLine>
               <TextLine ID="region_1638966478531_7985l30"
                         BASELINE="734,2818 850,2814 967,2810 1083,2804 1200,2798 1316,2793 1433,2786 1549,2780 1666,2773 1782,2768 1899,2762 2015,2756 2132,2750 2248,2745 2365,2741 2481,2736 2598,2732 2714,2730 2831,2728 2947,2728 3064,2726"
                         HEIGHT="199"
                         WIDTH="2367"
                         VPOS="2644"
                         HPOS="714">
                  <String ID="string_region_1638966478531_7985l30"
                          HEIGHT="199"
                          WIDTH="2367"
                          VPOS="2644"
                          HPOS="714"
                          CONTENT="vercoopen voor dat men heeft, daer om maeckt alle spoet die mogelijck is"/>
               </TextLine>
               <TextLine ID="region_1638966478531_7985l31"
                         BASELINE="730,2898 847,2896 964,2892 1081,2888 1198,2884 1316,2881 1433,2876 1550,2872 1667,2866 1784,2862 1902,2858 2019,2852 2136,2849 2253,2845 2370,2842 2488,2838 2605,2836 2722,2834 2839,2832 2956,2832 3074,2834"
                         HEIGHT="145"
                         WIDTH="2376"
                         VPOS="2793"
                         HPOS="712">
                  <String ID="string_region_1638966478531_7985l31"
                          HEIGHT="145"
                          WIDTH="2376"
                          VPOS="2793"
                          HPOS="712"
                          CONTENT="met d'een soo wel als dander, gelieft mij in antwoort deser oockbe laeten"/>
               </TextLine>
               <TextLine ID="region_1638966478531_7985l32"
                         BASELINE="732,2994 852,2987 972,2980 1092,2973 1212,2967 1333,2962 1453,2956 1573,2952 1693,2946 1813,2942 1934,2938 2054,2935 2174,2932 2294,2928 2414,2926 2535,2924 2655,2922 2775,2920 2895,2918 3015,2918 3136,2916"
                         HEIGHT="168"
                         WIDTH="2437"
                         VPOS="2841"
                         HPOS="715">
                  <String ID="string_region_1638966478531_7985l32"
                          HEIGHT="168"
                          WIDTH="2437"
                          VPOS="2841"
                          HPOS="715"
                          CONTENT="weten, oft Jacob van herentals met dit eerste convoij naer londen sal vertrecke"/>
               </TextLine>
               <TextLine ID="region_1638966478531_7985l33"
                         BASELINE="712,3098 833,3090 954,3082 1075,3075 1196,3067 1317,3061 1438,3054 1559,3048 1680,3043 1801,3037 1922,3033 2043,3028 2164,3024 2285,3021 2406,3018 2527,3016 2648,3014 2769,3012 2890,3012 3011,3012 3132,3012"
                         HEIGHT="153"
                         WIDTH="2453"
                         VPOS="2971"
                         HPOS="694">
                  <String ID="string_region_1638966478531_7985l33"
                          HEIGHT="153"
                          WIDTH="2453"
                          VPOS="2971"
                          HPOS="694"
                          CONTENT="ende waer hij nu is, omdat ick gesint ben die weirde aen sijn boort vervolgens te"/>
               </TextLine>
               <TextLine ID="region_1638966478531_7985l34"
                         BASELINE="2968,3150 2996,3150"
                         HEIGHT="119"
                         WIDTH="59"
                         VPOS="3043"
                         HPOS="2953">
                  <String ID="string_region_1638966478531_7985l34"
                          HEIGHT="119"
                          WIDTH="59"
                          VPOS="3043"
                          HPOS="2953"
                          CONTENT="@"/>
               </TextLine>
               <TextLine ID="region_1638966478531_7985l35"
                         BASELINE="732,3176 766,3176 800,3174 834,3174 868,3173 902,3170 936,3170 970,3169 1004,3166 1038,3164 1072,3161 1106,3160 1140,3158 1174,3156 1208,3154 1242,3152 1276,3150 1310,3150 1344,3149 1378,3148 1412,3148"
                         HEIGHT="157"
                         WIDTH="712"
                         VPOS="3074"
                         HPOS="715">
                  <String ID="string_region_1638966478531_7985l35"
                          HEIGHT="157"
                          WIDTH="712"
                          VPOS="3074"
                          HPOS="715"
                          CONTENT="laesten assureren blijve"/>
               </TextLine>
               <TextLine ID="region_1638966478531_7985l36"
                         BASELINE="550,3296 598,3291 647,3288 696,3285 745,3280 794,3277 842,3274 891,3272 940,3269 989,3265 1038,3263 1086,3260 1135,3257 1184,3254 1233,3252 1282,3249 1330,3246 1379,3243 1428,3240 1477,3237 1526,3234"
                         HEIGHT="219"
                         WIDTH="1016"
                         VPOS="3116"
                         HPOS="529">
                  <String ID="string_region_1638966478531_7985l36"
                          HEIGHT="219"
                          WIDTH="1016"
                          VPOS="3116"
                          HPOS="529"
                          CONTENT="brussel proeur de hulder"/>
               </TextLine>
               <TextLine ID="region_1638966478531_7985l37"
                         BASELINE="728,3382 848,3378 968,3374 1088,3369 1208,3364 1328,3358 1448,3352 1568,3345 1688,3339 1808,3332 1928,3326 2048,3319 2168,3311 2288,3306 2408,3299 2528,3292 2648,3286 2768,3280 2888,3274 3008,3270 3128,3264"
                         HEIGHT="267"
                         WIDTH="2435"
                         VPOS="3146"
                         HPOS="709">
                  <String ID="string_region_1638966478531_7985l37"
                          HEIGHT="267"
                          WIDTH="2435"
                          VPOS="3146"
                          HPOS="709"
                          CONTENT="t sedert dat ick ue op 31 pas hebbe geschreven, is den heere raedt"/>
               </TextLine>
               <TextLine ID="region_1638966478531_7985l38"
                         BASELINE="704,3488 825,3486 947,3482 1068,3478 1190,3474 1312,3470 1433,3464 1555,3458 1676,3451 1798,3445 1920,3440 2041,3433 2163,3426 2284,3420 2406,3413 2528,3407 2649,3400 2771,3394 2892,3390 3014,3384 3136,3380"
                         HEIGHT="232"
                         WIDTH="2466"
                         VPOS="3272"
                         HPOS="687">
                  <String ID="string_region_1638966478531_7985l38"
                          HEIGHT="232"
                          WIDTH="2466"
                          VPOS="3272"
                          HPOS="687"
                          CONTENT="de chaip gisteren hier gecomen hebbe hem heden gesproken, vertrecke"/>
               </TextLine>
               <TextLine ID="region_1638966478531_7985l39"
                         BASELINE="722,3598 840,3596 959,3592 1077,3588 1196,3584 1315,3580 1433,3576 1552,3572 1670,3566 1789,3562 1908,3557 2026,3552 2145,3548 2263,3544 2382,3539 2501,3534 2619,3529 2738,3526 2856,3522 2975,3517 3094,3514"
                         HEIGHT="171"
                         WIDTH="2406"
                         VPOS="3454"
                         HPOS="703">
                  <String ID="string_region_1638966478531_7985l39"
                          HEIGHT="171"
                          WIDTH="2406"
                          VPOS="3454"
                          HPOS="703"
                          CONTENT="morgen naer brussel, 't gene goet gedacht hebbe ue t'adverteren op"/>
               </TextLine>
               <TextLine ID="region_1638966478531_7985l40"
                         BASELINE="706,3706 823,3706 941,3705 1059,3703 1177,3700 1295,3698 1413,3694 1531,3690 1649,3686 1767,3680 1885,3675 2002,3670 2120,3665 2238,3660 2356,3656 2474,3651 2592,3646 2710,3642 2828,3638 2946,3634 3064,3632"
                         HEIGHT="161"
                         WIDTH="2391"
                         VPOS="3578"
                         HPOS="686">
                  <String ID="string_region_1638966478531_7985l40"
                          HEIGHT="161"
                          WIDTH="2391"
                          VPOS="3578"
                          HPOS="686"
                          CONTENT="dat gelieft devoir te doen dat mijne saecke hem ter handt come, ende"/>
               </TextLine>
               <TextLine ID="region_1638966478531_7985l41"
                         BASELINE="724,3804 840,3804 957,3802 1073,3801 1190,3798 1307,3795 1423,3792 1540,3788 1656,3785 1773,3782 1890,3778 2006,3774 2123,3770 2239,3766 2356,3764 2473,3762 2589,3760 2706,3758 2822,3758 2939,3758 3056,3760"
                         HEIGHT="204"
                         WIDTH="2368"
                         VPOS="3650"
                         HPOS="706">
                  <String ID="string_region_1638966478531_7985l41"
                          HEIGHT="204"
                          WIDTH="2368"
                          VPOS="3650"
                          HPOS="706"
                          CONTENT="niet oinders sulckx belette verlange te vernemen, ofte ue het versochte"/>
               </TextLine>
               <TextLine ID="region_1638966478531_7985l42"
                         BASELINE="724,3916 839,3912 954,3908 1069,3906 1184,3902 1299,3898 1414,3896 1529,3892 1644,3890 1759,3887 1874,3884 1989,3882 2104,3878 2219,3876 2334,3874 2449,3870 2564,3868 2679,3866 2794,3862 2909,3860 3024,3858"
                         HEIGHT="194"
                         WIDTH="2332"
                         VPOS="3766"
                         HPOS="708">
                  <String ID="string_region_1638966478531_7985l42"
                          HEIGHT="194"
                          WIDTH="2332"
                          VPOS="3766"
                          HPOS="708"
                          CONTENT="voorm sal hebben uytgevonden om volgens te reguleren blijv"/>
               </TextLine>
               <TextLine ID="region_1638966478531_7985l43"
                         BASELINE="554,4066 585,4063 616,4062 647,4059 679,4056 710,4052 741,4049 773,4046 804,4043 835,4040 867,4036 898,4034 929,4031 960,4026 992,4024 1023,4021 1054,4019 1086,4017 1117,4014 1148,4012 1180,4010"
                         HEIGHT="177"
                         WIDTH="663"
                         VPOS="3920"
                         HPOS="531">
                  <String ID="string_region_1638966478531_7985l43"
                          HEIGHT="177"
                          WIDTH="663"
                          VPOS="3920"
                          HPOS="531"
                          CONTENT="brugge R Coot"/>
               </TextLine>
               <TextLine ID="region_1638966478531_7985l44"
                         BASELINE="650,4148 771,4135 892,4122 1013,4110 1134,4101 1255,4093 1376,4085 1497,4078 1618,4072 1739,4068 1861,4064 1982,4060 2103,4058 2224,4056 2345,4054 2466,4052 2587,4052 2708,4050 2829,4050 2950,4050 3072,4050"
                         HEIGHT="196"
                         WIDTH="2457"
                         VPOS="3969"
                         HPOS="631">
                  <String ID="string_region_1638966478531_7985l44"
                          HEIGHT="196"
                          WIDTH="2457"
                          VPOS="3969"
                          HPOS="631"
                          CONTENT="naer dat ick gisteren ue hebbe geschreven, t'sedert den beurtman van"/>
               </TextLine>
               <TextLine ID="region_1638966478531_7985l45"
                         BASELINE="718,4214 838,4207 959,4200 1079,4192 1200,4185 1320,4179 1441,4174 1561,4169 1682,4164 1802,4160 1923,4156 2043,4152 2164,4150 2284,4148 2405,4146 2525,4144 2646,4142 2766,4140 2887,4140 3007,4140 3128,4140"
                         HEIGHT="139"
                         WIDTH="2442"
                         VPOS="4068"
                         HPOS="702">
                  <String ID="string_region_1638966478531_7985l45"
                          HEIGHT="139"
                          WIDTH="2442"
                          VPOS="4068"
                          HPOS="702"
                          CONTENT="gent gearriveert met 120 packen &amp; niet een voor mij t'welck my wonderlyk"/>
               </TextLine>
               <TextLine ID="region_1638966478531_7985l46"
                         BASELINE="692,4294 812,4286 932,4279 1052,4272 1172,4266 1292,4260 1412,4256 1532,4252 1652,4248 1772,4246 1892,4244 2012,4242 2132,4240 2252,4238 2372,4236 2492,4236 2612,4234 2732,4234 2852,4232 2972,4232 3092,4232"
                         HEIGHT="153"
                         WIDTH="2434"
                         VPOS="4185"
                         HPOS="673">
                  <String ID="string_region_1638966478531_7985l46"
                          HEIGHT="153"
                          WIDTH="2434"
                          VPOS="4185"
                          HPOS="673"
                          CONTENT="vrant dunckt, dat nu de tweede reyse en over de 220 packen hier gelost"/>
               </TextLine>
            </TextBlock>
            <TextBlock ID="region_1638966481498_7988"
                       HEIGHT="4235"
                       WIDTH="2755"
                       VPOS="140"
                       HPOS="3172">
               <Shape>
                  <Polygon POINTS="3172,140 5927,140 5927,4375 3172,4375"/>
               </Shape>
               <TextLine ID="region_1638966481498_7988l1"
                         BASELINE="3366,264 3489,262 3612,260 3735,260 3858,258 3981,258 4104,257 4227,256 4350,256 4473,256 4597,256 4720,254 4843,254 4966,252 5089,252 5212,250 5335,248 5458,244 5581,242 5704,238 5828,234"
                         HEIGHT="136"
                         WIDTH="2491"
                         VPOS="168"
                         HPOS="3351">
                  <String ID="string_region_1638966481498_7988l1"
                          HEIGHT="136"
                          WIDTH="2491"
                          VPOS="168"
                          HPOS="3351"
                          CONTENT="noch niet aen voor mij daer by is geweest, dat alle myne packen van "/>
               </TextLine>
               <TextLine ID="region_1638966481498_7988l2"
                         BASELINE="3614,306 3640,304 3666,304 3693,304 3719,304 3746,302"
                         HEIGHT="79"
                         WIDTH="164"
                         VPOS="242"
                         HPOS="3597">
                  <String ID="string_region_1638966481498_7988l2"
                          HEIGHT="79"
                          WIDTH="164"
                          VPOS="242"
                          HPOS="3597"
                          CONTENT="maer"/>
               </TextLine>
               <TextLine ID="region_1638966481498_7988l3"
                         BASELINE="3362,358 3484,356 3607,356 3730,354 3853,352 3976,352 4099,352 4222,350 4345,350 4468,350 4591,350 4713,348 4836,348 4959,346 5082,346 5205,344 5328,342 5451,338 5574,336 5697,332 5820,328"
                         HEIGHT="146"
                         WIDTH="2491"
                         VPOS="244"
                         HPOS="3346">
                  <String ID="string_region_1638966481498_7988l3"
                          HEIGHT="146"
                          WIDTH="2491"
                          VPOS="244"
                          HPOS="3346"
                          CONTENT="engelant in een schip comen waeren geweest, t' waer quaet genoech daeren toff"/>
               </TextLine>
               <TextLine ID="region_1638966481498_7988l4"
                         BASELINE="3350,456 3473,448 3597,440 3720,434 3844,431 3968,428 4091,426 4215,426 4338,426 4462,426 4586,428 4709,429 4833,430 4956,430 5080,432 5204,430 5327,430 5451,428 5574,424 5698,418 5822,412"
                         HEIGHT="174"
                         WIDTH="2504"
                         VPOS="332"
                         HPOS="3333">
                  <String ID="string_region_1638966481498_7988l4"
                          HEIGHT="174"
                          WIDTH="2504"
                          VPOS="332"
                          HPOS="3333"
                          CONTENT="een ieder wort hier gevouriert voorsien van goet &amp; gele de wnckels"/>
               </TextLine>
               <TextLine ID="region_1638966481498_7988l5"
                         BASELINE="3368,544 3491,533 3615,525 3739,519 3862,513 3986,510 4110,506 4233,504 4357,502 4481,502 4605,502 4728,502 4852,504 4976,504 5099,506 5223,508 5347,508 5470,509 5594,510 5718,510 5842,508"
                         HEIGHT="150"
                         WIDTH="2503"
                         VPOS="406"
                         HPOS="3353">
                  <String ID="string_region_1638966481498_7988l5"
                          HEIGHT="150"
                          WIDTH="2503"
                          VPOS="406"
                          HPOS="3353"
                          CONTENT="coopen hnn sorttiment, &amp; alle mijn blijft gehter bij ue laesten waerende"/>
               </TextLine>
               <TextLine ID="region_1638966481498_7988l6"
                         BASELINE="3364,632 3486,624 3608,617 3730,611 3852,606 3975,602 4097,598 4219,596 4341,594 4463,592 4586,591 4708,590 4830,590 4952,590 5074,590 5197,590 5319,592 5441,592 5563,592 5685,593 5808,594"
                         HEIGHT="143"
                         WIDTH="2476"
                         VPOS="515"
                         HPOS="3347">
                  <String ID="string_region_1638966481498_7988l6"
                          HEIGHT="143"
                          WIDTH="2476"
                          VPOS="515"
                          HPOS="3347"
                          CONTENT="de packen geloot &amp; niet tegenstaede, soo verneme noch niet, gij weetwel"/>
               </TextLine>
               <TextLine ID="region_1638966481498_7988l7"
                         BASELINE="3352,724 3472,716 3593,709 3714,703 3834,698 3955,694 4076,690 4196,687 4317,686 4438,684 4559,682 4679,682 4800,680 4921,680 5041,680 5162,678 5283,678 5403,676 5524,674 5645,672 5766,668"
                         HEIGHT="142"
                         WIDTH="2443"
                         VPOS="592"
                         HPOS="3336">
                  <String ID="string_region_1638966481498_7988l7"
                          HEIGHT="142"
                          WIDTH="2443"
                          VPOS="592"
                          HPOS="3336"
                          CONTENT="die het goet eerst aende niert heeft de voorhandt heeft, &amp; schoon ick"/>
               </TextLine>
               <TextLine ID="region_1638966481498_7988l8"
                         BASELINE="3364,830 3484,817 3605,807 3726,798 3846,792 3967,786 4088,782 4208,780 4329,778 4450,776 4571,776 4691,776 4812,776 4933,776 5053,776 5174,774 5295,774 5415,772 5536,770 5657,766 5778,762"
                         HEIGHT="209"
                         WIDTH="2445"
                         VPOS="685"
                         HPOS="3348">
                  <String ID="string_region_1638966481498_7988l8"
                          HEIGHT="209"
                          WIDTH="2445"
                          VPOS="685"
                          HPOS="3348"
                          CONTENT="geschreven hebben alleen haestich was, om N10„12 &amp; 2, soo is sulckx om"/>
               </TextLine>
               <TextLine ID="region_1638966481498_7988l9"
                         BASELINE="3320,928 3444,912 3568,899 3692,889 3817,881 3941,876 4065,872 4190,868 4314,868 4438,866 4563,866 4687,868 4811,870 4935,870 5060,872 5184,872 5308,872 5433,872 5557,870 5681,868 5806,862"
                         HEIGHT="170"
                         WIDTH="2516"
                         VPOS="784"
                         HPOS="3305">
                  <String ID="string_region_1638966481498_7988l9"
                          HEIGHT="170"
                          WIDTH="2516"
                          VPOS="784"
                          HPOS="3305"
                          CONTENT=" diep wagens te hebben, &amp; de haeste voord'andere niet temen te schepen"/>
               </TextLine>
               <TextLine ID="region_1638966481498_7988l10"
                         BASELINE="3360,1006 3482,993 3605,983 3727,975 3850,970 3972,965 4095,962 4217,960 4340,960 4462,960 4585,962 4707,962 4830,964 4952,966 5075,968 5197,968 5320,968 5442,968 5565,966 5687,962 5810,958"
                         HEIGHT="135"
                         WIDTH="2482"
                         VPOS="881"
                         HPOS="3344">
                  <String ID="string_region_1638966481498_7988l10"
                          HEIGHT="135"
                          WIDTH="2482"
                          VPOS="881"
                          HPOS="3344"
                          CONTENT="soo N. 12 heden niet over &amp; comt soo sal ick daer groote schaede bij hebbe"/>
               </TextLine>
               <TextLine ID="region_1638966481498_7988l11"
                         BASELINE="3332,1094 3453,1086 3575,1080 3697,1074 3818,1070 3940,1068 4062,1064 4183,1062 4305,1060 4427,1059 4549,1058 4670,1058 4792,1058 4914,1058 5035,1058 5157,1058 5279,1058 5400,1058 5522,1058 5644,1056 5766,1056"
                         HEIGHT="142"
                         WIDTH="2464"
                         VPOS="994"
                         HPOS="3317">
                  <String ID="string_region_1638966481498_7988l11"
                          HEIGHT="142"
                          WIDTH="2464"
                          VPOS="994"
                          HPOS="3317"
                          CONTENT="deser in convenientie moest denefkens onse clachten doffieurs voorgestelt"/>
               </TextLine>
               <TextLine ID="region_1638966481498_7988l12"
                         BASELINE="3360,1186 3455,1182 3550,1176 3645,1172 3740,1168 3835,1164 3930,1162 4025,1159 4120,1156 4215,1154 4310,1152 4405,1152 4500,1150 4595,1150 4690,1148 4785,1148 4880,1148 4975,1148 5070,1148 5165,1148 5260,1148"
                         HEIGHT="181"
                         WIDTH="1933"
                         VPOS="1052"
                         HPOS="3343">
                  <String ID="string_region_1638966481498_7988l12"
                          HEIGHT="181"
                          WIDTH="1933"
                          VPOS="1052"
                          HPOS="3343"
                          CONTENT="woorden is doeulijck sulck met soeticheyt prevenderen"/>
               </TextLine>
               <TextLine ID="region_1638966481498_7988l13"
                         BASELINE="5398,1262 5424,1264 5450,1265 5476,1266 5503,1266 5529,1266 5555,1266 5581,1266 5608,1266 5634,1264 5660,1264 5686,1262 5713,1262 5739,1262 5765,1261 5792,1260"
                         HEIGHT="138"
                         WIDTH="425"
                         VPOS="1157"
                         HPOS="5382">
                  <String ID="string_region_1638966481498_7988l13"
                          HEIGHT="138"
                          WIDTH="425"
                          VPOS="1157"
                          HPOS="5382"
                          CONTENT="11 avguld"/>
               </TextLine>
               <TextLine ID="region_1638966481498_7988l14"
                         BASELINE="3200,1326 3247,1320 3295,1317 3343,1312 3391,1306 3439,1303 3486,1299 3534,1294 3582,1290 3630,1286 3678,1283 3725,1279 3773,1278 3821,1274 3869,1272 3917,1270 3964,1268 4012,1266 4060,1266 4108,1266 4156,1266"
                         HEIGHT="176"
                         WIDTH="999"
                         VPOS="1166"
                         HPOS="3175">
                  <String ID="string_region_1638966481498_7988l14"
                          HEIGHT="176"
                          WIDTH="999"
                          VPOS="1166"
                          HPOS="3175"
                          CONTENT="ditryck d'h R Robette"/>
               </TextLine>
               <TextLine ID="region_1638966481498_7988l15"
                         BASELINE="3296,1402 3419,1390 3542,1380 3665,1372 3788,1363 3912,1356 4035,1350 4158,1346 4281,1342 4404,1338 4528,1336 4651,1336 4774,1334 4897,1334 5020,1336 5144,1336 5267,1338 5390,1340 5513,1344 5636,1346 5760,1350"
                         HEIGHT="195"
                         WIDTH="2495"
                         VPOS="1221"
                         HPOS="3281">
                  <String ID="string_region_1638966481498_7988l15"
                          HEIGHT="195"
                          WIDTH="2495"
                          VPOS="1221"
                          HPOS="3281"
                          CONTENT="In antwoort aen ue aengenaemen van 17 pas tis mijne huysvrouwe clish beth"/>
               </TextLine>
               <TextLine ID="region_1638966481498_7988l16"
                         BASELINE="3344,1478 3466,1468 3589,1459 3711,1453 3834,1446 3956,1442 4079,1438 4201,1436 4324,1434 4446,1432 4569,1432 4691,1432 4814,1432 4936,1434 5059,1436 5181,1436 5304,1438 5426,1440 5549,1442 5671,1442 5794,1442"
                         HEIGHT="138"
                         WIDTH="2482"
                         VPOS="1356"
                         HPOS="3327">
                  <String ID="string_region_1638966481498_7988l16"
                          HEIGHT="138"
                          WIDTH="2482"
                          VPOS="1356"
                          HPOS="3327"
                          CONTENT="bouwens die op 29 maj lest le den is afgesoorven eene vande rente staet op haeren"/>
               </TextLine>
               <TextLine ID="region_1638966481498_7988l17"
                         BASELINE="3356,1564 3479,1552 3602,1542 3725,1534 3848,1528 3971,1524 4094,1520 4217,1518 4340,1516 4463,1516 4586,1518 4709,1518 4832,1520 4955,1522 5078,1524 5201,1526 5324,1529 5447,1530 5570,1532 5693,1534 5816,1534"
                         HEIGHT="150"
                         WIDTH="2491"
                         VPOS="1480"
                         HPOS="3340">
                  <String ID="string_region_1638966481498_7988l17"
                          HEIGHT="150"
                          WIDTH="2491"
                          VPOS="1480"
                          HPOS="3340"
                          CONTENT="liyve betaelt tot 26 sber 1684 dus verachtert 7 iaeren &amp; 7 maenden sjnde ƒ100"/>
               </TextLine>
               <TextLine ID="region_1638966481498_7988l18"
                         BASELINE="3348,1648 3471,1640 3595,1632 3719,1627 3843,1623 3967,1620 4091,1617 4215,1616 4339,1614 4463,1614 4587,1614 4710,1614 4834,1614 4958,1614 5082,1614 5206,1614 5330,1614 5454,1614 5578,1614 5702,1612 5826,1610"
                         HEIGHT="183"
                         WIDTH="2510"
                         VPOS="1524"
                         HPOS="3333">
                  <String ID="string_region_1638966481498_7988l18"
                          HEIGHT="183"
                          WIDTH="2510"
                          VPOS="1524"
                          HPOS="3333"
                          CONTENT="pannium tsamen, ƒ 758 „5„ £126 „ 7 „ 6 a vlaems ue can my hu particulie"/>
               </TextLine>
               <TextLine ID="region_1638966481498_7988l19"
                         BASELINE="3362,1742 3482,1734 3603,1728 3724,1722 3844,1716 3965,1712 4086,1708 4206,1704 4327,1702 4448,1700 4569,1698 4689,1696 4810,1696 4931,1696 5051,1696 5172,1698 5293,1700 5413,1700 5534,1703 5655,1705 5776,1708"
                         HEIGHT="137"
                         WIDTH="2445"
                         VPOS="1618"
                         HPOS="3346">
                  <String ID="string_region_1638966481498_7988l19"
                          HEIGHT="137"
                          WIDTH="2445"
                          VPOS="1618"
                          HPOS="3346"
                          CONTENT="dinste doen, biddende oversulckx dat ue gelieve devoiren te doen ende tesien ofte"/>
               </TextLine>
               <TextLine ID="region_1638966481498_7988l20"
                         BASELINE="3334,1826 3458,1818 3583,1814 3708,1808 3833,1803 3958,1798 4082,1794 4207,1791 4332,1788 4457,1786 4582,1784 4706,1782 4831,1782 4956,1782 5081,1782 5206,1782 5330,1784 5455,1786 5580,1790 5705,1792 5830,1796"
                         HEIGHT="159"
                         WIDTH="2529"
                         VPOS="1714"
                         HPOS="3318">
                  <String ID="string_region_1638966481498_7988l20"
                          HEIGHT="159"
                          WIDTH="2529"
                          VPOS="1714"
                          HPOS="3318"
                          CONTENT="den selven achterstel te becommen is, al soude ue een redelycke courtosie distendere"/>
               </TextLine>
               <TextLine ID="region_1638966481498_7988l21"
                         BASELINE="3362,1914 3484,1907 3607,1900 3729,1893 3852,1888 3975,1884 4097,1880 4220,1877 4342,1875 4465,1874 4588,1872 4710,1872 4833,1872 4955,1872 5078,1874 5201,1876 5323,1878 5446,1880 5568,1882 5691,1886 5814,1888"
                         HEIGHT="172"
                         WIDTH="2482"
                         VPOS="1794"
                         HPOS="3346">
                  <String ID="string_region_1638966481498_7988l21"
                          HEIGHT="172"
                          WIDTH="2482"
                          VPOS="1794"
                          HPOS="3346"
                          CONTENT="oversulckx verneme germe in antwoort deser, wat mesures deswegens can genome"/>
               </TextLine>
               <TextLine ID="region_1638966481498_7988l22"
                         BASELINE="3348,2008 3470,2000 3593,1992 3715,1985 3838,1978 3961,1974 4083,1968 4206,1964 4328,1962 4451,1958 4574,1956 4696,1956 4819,1954 4941,1954 5064,1956 5187,1956 5309,1958 5432,1960 5554,1962 5677,1966 5800,1968"
                         HEIGHT="133"
                         WIDTH="2486"
                         VPOS="1908"
                         HPOS="3331">
                  <String ID="string_region_1638966481498_7988l22"
                          HEIGHT="133"
                          WIDTH="2486"
                          VPOS="1908"
                          HPOS="3331"
                          CONTENT="woorden een goetsusces daer in sal mij seer aengenae wesen t'welcken"/>
               </TextLine>
               <TextLine ID="region_1638966481498_7988l23"
                         BASELINE="3360,2100 3434,2095 3508,2089 3583,2082 3657,2078 3732,2072 3806,2068 3880,2064 3955,2061 4029,2057 4104,2054 4178,2051 4252,2048 4327,2047 4401,2046 4476,2044 4550,2044 4624,2044 4699,2046 4773,2046 4848,2048"
                         HEIGHT="182"
                         WIDTH="1522"
                         VPOS="1954"
                         HPOS="3342">
                  <String ID="string_region_1638966481498_7988l23"
                          HEIGHT="182"
                          WIDTH="1522"
                          VPOS="1954"
                          HPOS="3342"
                          CONTENT="us goedehant recommandere &amp; blyve"/>
               </TextLine>
               <TextLine ID="region_1638966481498_7988l24"
                         BASELINE="5330,2146 5355,2146 5381,2148 5407,2149 5433,2150 5459,2151 5485,2152 5510,2153 5536,2154 5562,2153 5588,2152 5614,2150 5640,2148"
                         HEIGHT="205"
                         WIDTH="344"
                         VPOS="2015"
                         HPOS="5313">
                  <String ID="string_region_1638966481498_7988l24"
                          HEIGHT="205"
                          WIDTH="344"
                          VPOS="2015"
                          HPOS="5313"
                          CONTENT="13 acg"/>
               </TextLine>
               <TextLine ID="region_1638966481498_7988l25"
                         BASELINE="3192,2228 3226,2225 3260,2224 3294,2222 3328,2220 3362,2220 3396,2217 3430,2216 3464,2214 3498,2213 3532,2212 3566,2210 3600,2208 3634,2206 3668,2204 3702,2202 3736,2199 3770,2196 3804,2193 3838,2189 3872,2184"
                         HEIGHT="189"
                         WIDTH="718"
                         VPOS="2069"
                         HPOS="3172">
                  <String ID="string_region_1638966481498_7988l25"
                          HEIGHT="189"
                          WIDTH="718"
                          VPOS="2069"
                          HPOS="3172"
                          CONTENT="Ronshulburgh"/>
               </TextLine>
               <TextLine ID="region_1638966481498_7988l26"
                         BASELINE="5422,2276 5462,2268"
                         HEIGHT="106"
                         WIDTH="87"
                         VPOS="2201"
                         HPOS="5394">
                  <String ID="string_region_1638966481498_7988l26"
                          HEIGHT="106"
                          WIDTH="87"
                          VPOS="2201"
                          HPOS="5394"
                          CONTENT="An"/>
               </TextLine>
               <TextLine ID="region_1638966481498_7988l27"
                         BASELINE="3396,2352 3510,2350 3624,2348 3738,2346 3852,2344 3967,2342 4081,2340 4195,2340 4309,2338 4423,2338 4538,2336 4652,2336 4766,2335 4880,2334 4994,2334 5109,2334 5223,2336 5337,2336 5451,2338 5565,2338 5680,2340"
                         HEIGHT="229"
                         WIDTH="2313"
                         VPOS="2192"
                         HPOS="3382">
                  <String ID="string_region_1638966481498_7988l27"
                          HEIGHT="229"
                          WIDTH="2313"
                          VPOS="2192"
                          HPOS="3382"
                          CONTENT="D sence my last of 4 aur. recd yd of 16 past"/>
               </TextLine>
               <TextLine ID="region_1638966481498_7988l28"
                         BASELINE="3364,2484 3479,2482 3594,2478 3709,2476 3824,2472 3940,2470 4055,2467 4170,2464 4285,2462 4400,2459 4516,2456 4631,2454 4746,2452 4861,2450 4976,2450 5092,2448 5207,2447 5322,2446 5437,2446 5552,2446 5668,2448"
                         HEIGHT="184"
                         WIDTH="2335"
                         VPOS="2338"
                         HPOS="3349">
                  <String ID="string_region_1638966481498_7988l28"
                          HEIGHT="184"
                          WIDTH="2335"
                          VPOS="2338"
                          HPOS="3349"
                          CONTENT="as I have ont you, pr tobacco is wish mee, butt "/>
               </TextLine>
               <TextLine ID="region_1638966481498_7988l29"
                         BASELINE="3380,2624 3500,2615 3621,2606 3742,2598 3863,2592 3984,2587 4105,2583 4226,2580 4347,2576 4468,2574 4589,2572 4709,2572 4830,2570 4951,2570 5072,2568 5193,2568 5314,2566 5435,2564 5556,2564 5677,2562 5798,2558"
                         HEIGHT="221"
                         WIDTH="2452"
                         VPOS="2467"
                         HPOS="3364">
                  <String ID="string_region_1638966481498_7988l29"
                          HEIGHT="221"
                          WIDTH="2452"
                          VPOS="2467"
                          HPOS="3364"
                          CONTENT="proves lo bady thal I finde no encorridgement by"/>
               </TextLine>
               <TextLine ID="region_1638966481498_7988l30"
                         BASELINE="3388,2754 3508,2746 3629,2739 3749,2733 3870,2725 3991,2720 4111,2714 4232,2708 4352,2703 4473,2699 4594,2695 4714,2692 4835,2688 4955,2686 5076,2684 5197,2682 5317,2682 5438,2682 5558,2682 5679,2682 5800,2684"
                         HEIGHT="247"
                         WIDTH="2445"
                         VPOS="2569"
                         HPOS="3372">
                  <String ID="string_region_1638966481498_7988l30"
                          HEIGHT="247"
                          WIDTH="2445"
                          VPOS="2569"
                          HPOS="3372"
                          CONTENT="my tomess to buythem, I have rather no good"/>
               </TextLine>
               <TextLine ID="region_1638966481498_7988l31"
                         BASELINE="3376,2890 3499,2884 3622,2876 3745,2871 3868,2864 3991,2857 4114,2852 4237,2846 4360,2840 4483,2835 4606,2831 4729,2826 4852,2822 4975,2819 5098,2816 5221,2814 5344,2812 5467,2812 5590,2812 5713,2812 5836,2814"
                         HEIGHT="234"
                         WIDTH="2493"
                         VPOS="2681"
                         HPOS="3355">
                  <String ID="string_region_1638966481498_7988l31"
                          HEIGHT="234"
                          WIDTH="2493"
                          VPOS="2681"
                          HPOS="3355"
                          CONTENT="to sall then to have goods thatare not vendable"/>
               </TextLine>
               <TextLine ID="region_1638966481498_7988l32"
                         BASELINE="3376,3012 3495,3000 3614,2992 3733,2985 3852,2978 3971,2972 4090,2967 4209,2963 4328,2960 4447,2956 4567,2954 4686,2952 4805,2950 4924,2948 5043,2948 5162,2946 5281,2944 5400,2944 5519,2942 5638,2940 5758,2938"
                         HEIGHT="192"
                         WIDTH="2413"
                         VPOS="2850"
                         HPOS="3359">
                  <String ID="string_region_1638966481498_7988l32"
                          HEIGHT="192"
                          WIDTH="2413"
                          VPOS="2850"
                          HPOS="3359"
                          CONTENT="to everey one, ift may be tobacco is bad &amp;"/>
               </TextLine>
               <TextLine ID="region_1638966481498_7988l33"
                         BASELINE="3364,3152 3482,3137 3601,3125 3720,3115 3838,3107 3957,3100 4076,3094 4194,3090 4313,3087 4432,3085 4551,3084 4669,3082 4788,3082 4907,3082 5025,3082 5144,3081 5263,3080 5381,3078 5500,3076 5619,3074 5738,3070"
                         HEIGHT="250"
                         WIDTH="2408"
                         VPOS="2952"
                         HPOS="3345">
                  <String ID="string_region_1638966481498_7988l33"
                          HEIGHT="250"
                          WIDTH="2408"
                          VPOS="2952"
                          HPOS="3345"
                          CONTENT="cenvoy scaiie, waith you, butt itt is not so"/>
               </TextLine>
               <TextLine ID="region_1638966481498_7988l34"
                         BASELINE="3360,3278 3483,3261 3606,3248 3730,3236 3853,3228 3977,3220 4100,3215 4223,3210 4347,3208 4470,3206 4594,3206 4717,3206 4840,3208 4964,3210 5087,3212 5211,3214 5334,3216 5457,3220 5581,3222 5704,3224 5828,3224"
                         HEIGHT="243"
                         WIDTH="2500"
                         VPOS="3076"
                         HPOS="3342">
                  <String ID="string_region_1638966481498_7988l34"
                          HEIGHT="243"
                          WIDTH="2500"
                          VPOS="3076"
                          HPOS="3342"
                          CONTENT="heure here, for tis vere plentie, &amp; more then"/>
               </TextLine>
               <TextLine ID="region_1638966481498_7988l35"
                         BASELINE="3424,3386 3542,3377 3661,3370 3780,3363 3899,3357 4018,3352 4136,3350 4255,3346 4374,3344 4493,3342 4612,3342 4730,3342 4849,3344 4968,3344 5087,3346 5206,3349 5324,3352 5443,3355 5562,3358 5681,3362 5800,3366"
                         HEIGHT="237"
                         WIDTH="2408"
                         VPOS="3206"
                         HPOS="3408">
                  <String ID="string_region_1638966481498_7988l35"
                          HEIGHT="237"
                          WIDTH="2408"
                          VPOS="3206"
                          HPOS="3408"
                          CONTENT="our marhett Jean dispose of att present, so wee "/>
               </TextLine>
               <TextLine ID="region_1638966481498_7988l36"
                         BASELINE="3358,3524 3480,3514 3603,3504 3726,3495 3848,3489 3971,3483 4094,3480 4216,3477 4339,3476 4462,3474 4585,3474 4707,3474 4830,3476 4953,3478 5075,3480 5198,3482 5321,3484 5443,3486 5566,3488 5689,3490 5812,3492"
                         HEIGHT="204"
                         WIDTH="2485"
                         VPOS="3361"
                         HPOS="3343">
                  <String ID="string_region_1638966481498_7988l36"
                          HEIGHT="204"
                          WIDTH="2485"
                          VPOS="3361"
                          HPOS="3343"
                          CONTENT="Must reselve to sell att prise cutant, or by the "/>
               </TextLine>
               <TextLine ID="region_1638966481498_7988l37"
                         BASELINE="3378,3640 3499,3632 3621,3626 3743,3619 3865,3615 3987,3612 4108,3608 4230,3607 4352,3606 4474,3606 4596,3606 4717,3608 4839,3609 4961,3611 5083,3613 5205,3616 5326,3618 5448,3620 5570,3622 5692,3625 5814,3628"
                         HEIGHT="217"
                         WIDTH="2469"
                         VPOS="3482"
                         HPOS="3361">
                  <String ID="string_region_1638966481498_7988l37"
                          HEIGHT="217"
                          WIDTH="2469"
                          VPOS="3482"
                          HPOS="3361"
                          CONTENT="candle, sendnon more till tons sold to content"/>
               </TextLine>
               <TextLine ID="region_1638966481498_7988l38"
                         BASELINE="3376,3758 3498,3753 3620,3747 3742,3742 3864,3738 3986,3735 4108,3732 4230,3729 4352,3727 4474,3726 4597,3724 4719,3724 4841,3724 4963,3724 5085,3725 5207,3726 5329,3728 5451,3731 5573,3734 5695,3738 5818,3742"
                         HEIGHT="175"
                         WIDTH="2476"
                         VPOS="3635"
                         HPOS="3358">
                  <String ID="string_region_1638966481498_7988l38"
                          HEIGHT="175"
                          WIDTH="2476"
                          VPOS="3635"
                          HPOS="3358"
                          CONTENT="haw readdy monney customers pr sent that will"/>
               </TextLine>
               <TextLine ID="region_1638966481498_7988l39"
                         BASELINE="3344,3880 3468,3870 3592,3860 3717,3852 3841,3846 3966,3842 4090,3838 4214,3836 4339,3836 4463,3836 4588,3838 4712,3840 4836,3843 4961,3848 5085,3852 5210,3856 5334,3862 5458,3868 5583,3873 5707,3880 5832,3884"
                         HEIGHT="229"
                         WIDTH="2520"
                         VPOS="3732"
                         HPOS="3327">
                  <String ID="string_region_1638966481498_7988l39"
                          HEIGHT="229"
                          WIDTH="2520"
                          VPOS="3732"
                          HPOS="3327"
                          CONTENT="some to amey beasonable pris, so enspert your"/>
               </TextLine>
               <TextLine ID="region_1638966481498_7988l40"
                         BASELINE="3378,3994 3500,3982 3622,3973 3744,3966 3866,3962 3988,3960 4110,3958 4232,3960 4354,3961 4476,3964 4599,3968 4721,3973 4843,3978 4965,3983 5087,3988 5209,3992 5331,3996 5453,3998 5575,4000 5697,4000 5820,3998"
                         HEIGHT="231"
                         WIDTH="2478"
                         VPOS="3837"
                         HPOS="3361">
                  <String ID="string_region_1638966481498_7988l40"
                          HEIGHT="231"
                          WIDTH="2478"
                          VPOS="3837"
                          HPOS="3361"
                          CONTENT="order what te do. as to pease &amp; aceat I can not"/>
               </TextLine>
               <TextLine ID="region_1638966481498_7988l41"
                         BASELINE="3390,4098 3508,4090 3626,4084 3745,4080 3863,4076 3982,4074 4100,4072 4218,4072 4337,4072 4455,4074 4574,4076 4692,4080 4810,4084 4929,4088 5047,4093 5166,4099 5284,4106 5402,4111 5521,4120 5639,4125 5758,4134"
                         HEIGHT="204"
                         WIDTH="2402"
                         VPOS="3970"
                         HPOS="3373">
                  <String ID="string_region_1638966481498_7988l41"
                          HEIGHT="204"
                          WIDTH="2402"
                          VPOS="3970"
                          HPOS="3373"
                          CONTENT="vott advise you to medeles wish f or shis contres "/>
               </TextLine>
               <TextLine ID="region_1638966481498_7988l42"
                         BASELINE="3372,4216 3494,4210 3616,4204 3738,4200 3861,4196 3983,4194 4105,4192 4228,4190 4350,4190 4472,4190 4595,4190 4717,4192 4839,4194 4961,4196 5084,4200 5206,4204 5328,4208 5451,4214 5573,4220 5695,4228 5818,4234"
                         HEIGHT="219"
                         WIDTH="2479"
                         VPOS="4071"
                         HPOS="3356">
                  <String ID="string_region_1638966481498_7988l42"
                          HEIGHT="219"
                          WIDTH="2479"
                          VPOS="4071"
                          HPOS="3356"
                          CONTENT="butter is a good, butt a dangereour m. &amp; un posible"/>
               </TextLine>
               <TextLine ID="region_1638966481498_7988l43"
                         BASELINE="3446,4306 3564,4302 3682,4297 3800,4294 3918,4292 4036,4290 4154,4288 4272,4288 4390,4288 4508,4288 4626,4290 4744,4292 4862,4294 4980,4297 5098,4300 5216,4304 5334,4308 5452,4312 5570,4316 5688,4322 5806,4326"
                         HEIGHT="183"
                         WIDTH="2391"
                         VPOS="4184"
                         HPOS="3430">
                  <String ID="string_region_1638966481498_7988l43"
                          HEIGHT="183"
                          WIDTH="2391"
                          VPOS="4184"
                          HPOS="3430"
                          CONTENT=" advise you what will ynald a frkin corr ordchande"/>
               </TextLine>
               <TextLine ID="region_1638966481498_7988l44"
                         BASELINE="4146,4350 4171,4348 4196,4345 4221,4343 4246,4341 4271,4338 4296,4340 4322,4342"
                         HEIGHT="76"
                         WIDTH="210"
                         VPOS="4278"
                         HPOS="4127">
                  <String ID="string_region_1638966481498_7988l44"
                          HEIGHT="76"
                          WIDTH="210"
                          VPOS="4278"
                          HPOS="4127"
                          CONTENT="10 b"/>
               </TextLine>
            </TextBlock>
         </PrintSpace>
      </Page>
   </Layout>
</alto>
