7947 4521
2574 186 467 154 gehedt 11 sber

746 205 650 203 brussel Eendick

938 251 2216 186 den heere grave van clairemont heeft de goetheyt aen mij ick

940 379 2187 175 brief van gisteren beneff toe te seynden, beneffens ue proveet van

939 489 2223 183 huersedulle, welckere conditie ick accepteren, behoudelyck den

917 589 2178 173 termijn die ick positivelyck voor 6 iaeren vraege, b is waer

926 687 2164 212 ick hadde aen ue hier synde geproponeert 9 iaeren midts

942 849 2221 172 ick ieder dry mijn opseggen soude mogen hebben, welcke precantie

940 918 2160 181 in mijn faveur ue niet heeft willen toestaen, ten sij ue, het gelyck

930 1027 2179 175 op seggen soude hebben, dan t'sedert hebbe ick door Joff vermys

1559 1120 797 116 sonder asedersijts optie

938 1126 2107 211 verkoght 6 iaeren, ende heeft metsquwe, & terwijlen ick mij

922 1280 2245 163 daer voor engagere, ende geene optie ten eynde van die 3 eerste iaeren

925 1369 2112 190 begeire, soo en waere het niet redeljck ue die oock soude hebben

933 1456 2205 177 want ten is mijne intentie noyt geweest te verhuysen voor 3 iaere

930 1594 2219 194 oock de prepositie door uwen t wegen gedaen is liever voor langen

929 1711 2198 174 als corten tyt te verhueren, oversulckx soo ue mij geen 6 iaere

930 1803 1967 205 gelieft toebe staen, soo can ick het huys niet aenveirden

882 1916 2192 232 want aen mij het verhuysen wel ƒ 100 sal costen mijn volck

936 2037 2244 234 was van woersdagh al aen t' wetck het schilderen hadde ick heden

936 2163 2228 258 ƒ 30 aen bestedt, soodanige costen te doen voor 3 iaeren allen

915 2294 2148 182 can mij niet accomoderen, ende alhoewel ick niet en twijfele

917 2423 2114 160 aen ue promptitude inde noodige reparatien, soo magh ick ue

904 2545 2197 163 verseheren dat het door mij bewoonen ue pandt merckelijck sal

903 2630 2131 171 verbot geconserveert worden, tis mij leet dat de huysen in dese

911 2731 2207 190 stadt soo weiynigh renderen, dat sij selfs aen d' eygenaert gelyck

908 2882 2259 141 lastigh sijn, ick hebbe, godt betert, daerte veel experientie van

909 2987 2169 179 iaer derve aen niemant weijgeren eens soo t' gene ick ue vraege

918 3085 2091 201 eghter hope dat door den tyt ue soodanige satisfactie in

902 3181 2222 217 myne hanteringe sal vinden, dat ue op een cleyn niet sal

905 3333 2252 184 sien & vermidts ick niet derve voorts wercken sonder ue positief

913 3427 2212 153 consent inde huersedulle, & soo versoecke ue antwoort morgn

919 3561 2237 139 sonder faut omdat omdat den tyt van bamis seer naerdert

915 3689 2221 145 ende de schilders & werck lieden wel 10 a 12 dagen tijt noodigh

916 3771 2309 201 hebben, des te meer omdat den heere graeve voorschreven mijn huy

901 3891 1107 194 op 6 spoedighs te ledigh begeirt

3333 203 2527 148 p retendere aen min devoir niet behanguene

3409 273 2402 199 want soo marelijck is sal ick nde weeck van bamij

3449 350 2392 181 over wesen & aen syne sey tijdelijck advertentie doen

3429 457 2326 226 schoon ick weynige daegen om seecker te gaen versoecke

3436 574 2411 173 die ue eghter geene preuuditie connen doen, soo d hee

3443 677 2349 248 sendicl dese acte approbeert verwaghte die van garand

3448 781 2267 253 van sijne sig oock geeterckent deretour & blijv met

3420 962 334 164 resupet

5517 874 328 291 117d

3314 956 805 332 pent 14 Jdap: causse

3432 1055 2352 267 verhope dat desen ue wel tot gent sal vinden, seynde ingesloten de

3425 1213 2372 210 facture bedrest ƒ 830:8 wisselgelt ue heeft geordonneert het pack

3423 1308 2390 229 tschepe te seynden, dogh den beurtman is eerst heden in laedinge

3435 1418 2303 232 gecomen, ende sal ten minsten 8 dagen liggen, soo geen 14 gelijck

3389 1507 2457 200 deckmaels gebeurt soo dat mij dunck dat ick dit goet beter t waege

3419 1597 2386 199 aen mons de moenneerster seynde waer op ue antwoort morge

3410 1739 815 225 verwaghte & blijv

5426 1726 329 197 12d

3319 1849 750 226 Brussel Reusseau

3423 1919 2433 182 ter whoome a la chenee du 16 corr. p jaques francil

3414 2058 2383 200 ue payer pakma wepse d ƒ164 is vane

3409 2178 2361 194 prix de Dp ae protesten, wijann garderekkn

3408 2262 2426 182 vors, en advesside  tireur 1 auier vner

3409 2375 2311 206 £100: abrusel la snanne prochains & ou voor

3399 2476 2103 201 inferiro reme ie n sal de su

3318 2597 804 246 Brussel verve

5335 2614 191 199 12

3416 2764 2427 151 In antwoort aen den u coen 11 dege de vist van

3423 2844 2408 168 ue royde goet sal hede bij u wesen, ven ulde sakendach

3420 2970 2434 183 is het alles geseert tewes 2

3393 3022 2409 222 4 vwij baey en pis 2 vollgen 6 bloye vn syen oock nt

3412 3130 2458 222 hele reten blovge bey en 2 fmels aen gerol

3404 3237 2404 163 mas dat een blooe flangelt  mo

3417 3356 2318 191 vander borght tecepn N25: shaende op mijn

3407 3444 2442 206 gemerck loot een s en opdat van ul aen

3433 3556 2390 178 N. bivdende hehet sijn te doten ledhandigen & hij sal

3449 3657 2362 170 u de waght belof daer ver saterdach soo

3367 3769 2458 131 et goott aen de han dat den eentwae den

3411 3831 2415 191 hondch veoc wat alvoorg vol ens, soo

3401 3953 2445 153 dat dander roij baijn kensj nmet het ander schip

3409 4023 2105 156 volgen. donosen als or diegelegdme

3442 4117 2404 125 maer hebse noch niet blaele, saltientvat

3414 4178 2333 167 ick carg afssagen en ue leaate wee, en dan wel

3521 4280 2267 110 noo sae mijn wan py laken sijn geawiven
