7323 4500
550 169 2511 136 the capital there beeing onley one obstachel of 12 iaers intrest that here

553 267 2527 181 sold & where of nine are writt there on this arent, on this or ƒ 6002 capital

554 357 573 202 aloverno Greet

2623 454 255 170 & Julij

394 467 1067 203 dermonde Joris Bleegh

526 556 2418 192 Ick hebbt in lange deere niet gehadt van ue te sien, daerentussenbeuck

545 729 2472 129 beducht, dat ue sal vergeten hebben mijne quittantie tet laste de stadt, overs

560 791 2473 158 schrijve dese om ue de memorie te ververschen, biddende, dat ue gelieve dat gelt

559 909 2457 148 in te voorderen ende met occasie, ofte in ue overcomste medebrengen, ick

554 1030 2499 145 soude geirne noch quittantien seynden, want den tyt loopt al door daeren

558 1116 2504 158 tusen hebbe veele verse goederen, ontfangen iedrs van ue dinst gelieft te comnn

2658 1265 205 119 7d

373 1214 781 206 Leuven Jan de goede

533 1391 2508 193 &lsoo mijn huysvrouwe over 6 wesken is gestorven, ben ick tegenwoordich

546 1494 2507 124 genootsaecht haer goet voor mijne handeren aenteleggen, t'welcke reden geeft, dat

570 1590 2511 157 ick ue moet mogelijck vallen, versoeckende ue gelieft , soo haest mogelijck

555 1695 2488 140 is de rekeninge te voldoen synde reste noch £62:10 wisselgelde, & oft

565 1824 2501 133 ue niet gelegen waere, int geheel, soo laet mij evenwel soo veel becommen

555 1895 2491 172 als tmogelijck on die  ende omdat ick die rekeninge moet sluyten

556 2042 2490 160 gelieft eene nieuwe te beginnen sal ue seer geirne dienen hebbende veele verse

512 2107 1391 187 goederen present bij mij agoverno blijve

2806 2097 162 215 d

403 2217 979 167 loven adraen everaerts

566 2248 2527 238 hebbe in langen tjt de eere niet gehadt van ue iedts te vernemen daerentiess

566 2425 2470 140 heeft het godt gelieft myne huysvrouwe over 5 weken van de se weirelt

569 2530 2478 171 be halen, waer door genootsaeckt ben haer goet voor mijne sunderen uasb

566 2605 2488 209 aen te leggen waeromme bidde myn restien gelieft te seynden synde £30„12:6

571 2713 2464 199 wisselgelde & soo ue genegen is eenigh vers goet te coopen ben present noch

567 2852 1358 179 wel voorsien sal ue geirne dienen blijve

2605 2885 292 224 7 ditto

378 2943 1162 206 Loven Bartolomeus Corthant

529 3068 2556 152 tot myn leet wesen moet ick ue schrijven, dat mijn huysvrouwe over 5 weke

567 3150 2489 200 gestorten is, ende alsoo ick genootsaeckt ben aen haer goet voorde hendere

504 3243 2487 182 vast aen te leggen, soo ben ick om gelt grootelijckx verlegen, oversulckx

569 3355 2470 149 bidde ue mij hier inne by te staen particurielijck & soo veel gelt tesynden

555 3424 2499 176 als het ue mogelijck is & ick sal dat voor groote vrintschap is timeren

564 3541 2454 149 & m andere occasie het sien te vergoeden iedrs tot wedinst seynde gelieft

568 3648 1129 168 mij te commanderen die blijve

383 3739 892 200 Loven Caureys valebyn

563 3759 2525 262 alsoo myn huysvrouwe over 5 weken is overleden, soo moet ick haer goet

564 3932 2537 156 voor de kinderen vast aenleggen ende daer tot alle schulden voor desen gemaet

567 4034 2469 163 in voorden, soo bidde ick ul mij dese weke gelieft te seynden het restie dat

570 4148 2515 141 ue schuldich synde ƒ 89„91 waerinne bidde niet te manqueren ende my

3317 164 2420 110 daer inniet esccuseren, want het soo wesen moet, gelieft ue aengek

3325 261 2446 160 ander goet te coopen op nieuwe rekeninge ben seerwel voorsien blijve

3121 314 1132 204 Leven p eeter vander haert

5355 353 340 166 7 July

3312 411 2505 177 tsedert dat ue op 27 angue lestleden hier hebt geweest, heb ick van

3299 572 2514 106 ue niet meer vernomen synde seer verwondert dat gij dat restie soo laet baen

3302 648 2440 108 t is mi over de 4 iaer geleden dat het goet is gelevert synde de reste noch

3293 733 2478 191 ƒ50„18 wisselgelde t'welck ick versoecke my dese weke te seynden, mant

3310 818 2495 163 om de doot van myne huysvrouwe ben ick genootsaecht alle schulden interoo

3302 917 2411 142 deren t'sij metter minne, ofte rechte daeron bidde cost en moeyte te willen

3301 1050 2489 155 spaeren ende mij voors reste dese weke te seynden, t'welck dien volgens ver-

3302 1126 654 161 =wachte & blijve.

3116 1210 985 187 loven guilliam le febure

3299 1238 2483 278 Op 21 mertt 1691 heb ick ue gelevert een laken N. 849. 24½ a 32 ½

3207 1445 2619 152 a ƒ 3 wisselgelde sonder rabat in 3 a 4 maenden te betalen bedraet ƒ 97 n10

3299 1522 2542 182 en daerentussen is dat over de 15 maenden verloopen ende hebbe van ue niet meey

3318 1636 2504 162 vernomen hebbende van tijt tot tyt met goede patientie gewacht, dat ue soud

3316 1725 2470 185 manen dat soudt hebben voldaen, & gemerckt sulckx niet en geschiet, soo

3312 1826 2506 168 ben genootsaeckt ue desen te schryven en nu te meer om dat myne huysvrouwe

3318 1923 2490 221 gestorven is ende ick genoodsaeckt ben het sinder goet aenteleggen daer

3244 2035 2570 183 comme alle voorige schulden in te voorderen, ende alsoo ick wel wete, daat ue

3291 2134 2545 190 gelts genoech hebb, principaelijck om soo eene cleyne partije te betalen, soo

3263 2253 2566 166 salick het voors dese weke sonder foute verwachten & ue in retand

3315 2304 1766 197 conmende dienen gelieft te commanderen blijve

5349 2340 343 230 28 July

3143 2420 1188 198 Amsterdam geer & valer Rover

3303 2502 2516 179 den ue van 3 deser ontfangen die wilnoch niet soude hebben beantwort, waer sake

3314 2643 2497 140 d'ingeslotene mij geen oosaeck hadden gegeven te schrijven, soo gelieft de selve tedoen

3309 2723 2528 165 expedieren,. hope het convoij naer hul behouden retour sal maecken hebbe geordoneert

3314 2836 2519 187 5 packen daerinne telaeden, soo mjne ordre tijts genoech come, daermede schicke

3313 2912 2528 226 ick dat werck te staken, alsoo met het overgaen van naren & andere ongevalle

3299 3027 2518 183 niet wiys genoech ben wie te crediteren daeren boven staet hier alles stil, godt

3314 3153 2518 162 wilt ons een goedevrede verleenen, waermede hun hier veel mede flatteren

3320 3255 1378 187 doch can niet weten op wat gront blijve

5301 3349 300 171 10 ditto

3148 3361 1072 265 Gent Ludovieus de Walll

3323 3419 2506 238 in antwoort aenden u van gisteren ick sal de geremitteerde £60 a 34 tot

3308 3568 2494 206 laste Jan gilis fuchelt op syn tijt in voorderen sende: mons martin de rasse

3312 3682 2473 221 daer voore crediteren aenden welken p occasie den ingeslotenen gelieft

3326 3774 2495 192 voortganck te geven synde alleen advie vande selve remise aenden voet deser

3304 3923 2529 193 staen de prijsen vant verven van een kerrey & frisaert iedts tot ue diens

3704 4036 300 168 blijve
