7954 4528
925 197 2266 107 vallen met voologh valt hier voorts niet te doen, soo

913 271 2288 132 dat het voordeel dat ue can aen breden is mij te vergenoege

940 342 2223 175 met ue remise a 2 uso waer in d'assurantie voor ue wel sal

944 424 2192 206 sijn geballanceert die preinio is viee versa hier niet min

951 521 2133 156 al 3 & 3½ p sonder courtagie & veel voorvalt te

940 616 2038 145 teeckenen die daer gaedinge in hebben ue hadde mijn

971 754 2247 114 trato vereert van  £100: 19 s waer voore blijve danck baer

937 818 2205 180 synde geweest a 33 . 2 en £ 167:8:2 en voor het import

922 920 2211 146 van ue pack tycken N1 & is een groot hooger als ick selfs

974 1032 2254 141 aen andere brieven op londen hebbe gegeven ondertussch

951 1126 2227 173 soo eenige occasie mij voor compt sal devrijcheyt gebruycke

943 1218 2062 140 ue odck te implogeren terwijlen ue sich veerekere

937 1310 949 171 van mijne dinst baerheyt

2679 1299 294 183 27 amt

721 1423 585 201 Amst Rover

940 1485 2279 255 op 24 deser was ag in mijn lesten, sp alserseden

964 1632 2177 160 van u niet heb ver  st bli8 en

956 1748 2085 165 qpade er ansj stisbghier

920 1858 2242 178 pop 56 drer p cerescn wyshen. als mede ufl

930 1924 2245 180 int cort cnoy naert ue steet te vervele

944 2016 2165 195 vm mijn taesunes daer volgens uper

935 2115 2247 188 heb van  dat het beseaen suy suppper

916 2223 2125 165 lackett, waen van  n diesen

912 2312 2267 192 agt oerleden in aendagh geleden 80

950 2435 2221 162 t en  ul vertrockk met maest

932 2545 2227 181 9e heeff ervaert, & elt men onder de s6

1097 2631 2106 148 n ppeadix 12ee½ asseu  dus venen

909 2716 2257 195 fjdinucq waet wat deser w ee dae ten

884 2823 2037 197 offeene cestijs hier cande reght comen

2872 2959 242 147 28d

730 2936 939 281 Brugge Rapt. coots

853 3010 2347 230 uyt lden ue van 26 deser geirne verstaen met arrivement

906 3167 2311 172 van om convoij tobelonden, alsoo onse brieven van Engelant

912 3251 2227 162 manqueren soo can ick ue de vollekennisse met geven vande

919 3405 2164 156 goederen die ick verwaghte als alleen met schipper Jan

916 3450 2295 190 hazelwood in pack & N17 & 18 ieder met 10 roode & 3 witte

939 3597 2251 153 cottons in t schip van Jan twijman N19 met 12 gemengelde spaers

931 3706 2239 157 lake & 1 witten baeij fardelure die mij costente samen s£148

935 3809 2195 102 N 20 met 20 gemengelde friesen oft frisaert hebbende de selve

919 3870 2168 140 voordesen voor gemengelde kerseyen gegeasseert & al noch een

921 3984 2253 152 wit cotton fardelurs p Peeter hendrick N21 met 10 rorde

892 4081 2252 167 & 3 witte cottons, daer sallen noch twee packen het engelst

915 4155 2263 155 norde lakens ende een met modecoleure spaense by wese

921 4287 2186 89 maer met wie gelaeden wete niet daer van moreen

3431 148 2434 194 on destusschen prenier  retr alle, & da dee dat met s paente

3443 206 2179 222 lakens oock sal wesen adviserende wat passeerrt bllj

3302 330 868 215 Brugge Raph coots

5413 419 458 134 29 augusti

3341 411 2430 244 ick heb ue gisteren geadviseert den inhout van 3 packen

3373 548 2504 224 aen boort Jan hazelvoold Jan twijman & peeter hendrickx

3423 649 2352 208 in 't schip vanden laesten is alnoghgelaeden een pack P

3421 812 2359 149 N23 met een wit cotton & ½ roode lakens ende  N1 oock

3420 889 2374 190 met een wit cotton & 10 guaer ten roode laken, aen boort

3432 998 2366 186 omart verschrieck N22 met 1wit cotton & iogemen gelde

3441 1156 2409 112 coleure spaense lakens die mij costen  £326:- icke hope

3416 1238 2449 130 dat dese schepen behouden syn versoeckende ue de uytterst expeditie

3409 1354 2317 139 vour  N19, 20, & 22 prccipael & bovenal N 22, die

3432 1422 2421 153 voorts seyndende naer gent p bargie aen herrebout met ordre

3427 1548 2443 166 tewaegen mij die toe te seynden N22 is gelaeden met het vertrecke

3406 1613 2451 171 van verschrieck sulckx dat het selve boven gereet sal wesen, want

3423 1737 2362 178 daeromme d'uytterste haeste hebbe, dus doet wat mogelyck is

3423 1819 2409 195 & laet d'andere packen al la minagerie voorts comen al was het

3424 1964 2448 173 addroiture, want daerom geene haeste hebbe, wel merkeyck

3416 2048 2436 209 toesiende dat geene packen open sijn geweest omdat by cog

3419 2127 2422 228 nossement besproken is geen vraght te betalen maer noch

3412 2261 2402 234 daer voor ver goedenisse te geven, verwaghte te verstaen

3394 2377 926 214 wat passeert, blijve

5390 2541 459 160 29 augusti

3311 2479 1419 249 brussel Seger vanderborght

3403 2614 2477 215 verhope ue resontheyt beneffens die van ue geheele familier

3409 2727 2443 228 ingesloten facture van het laken & flanels aen ue vercoght, t'welck

3382 2844 2406 195 gelieft te notteren als heb blouw gedaen sal syn sal ick ue dat

3406 2947 2431 174 toeseynden & d'oncosten laeten weten ons convoy van londen is tot

3400 3102 2468 157 ootende gearriveert ende de goederen verhope haest hier sulle

3400 3160 2375 221 wesen, canick ue dinst doen sal mij aengenaem sijn blijde

3328 3248 1371 234 gent Coenraerd de moermeester

5445 3311 249 187 29 d.

3369 3382 2425 189 Ick hebbe heden afgelaeden naer costij in t'eurtschip van

3374 3505 2467 210 Michiel Andries 2 packen gemerckt WC N1 82 waer van

3416 3597 2423 212 van N1 inhoudtt 3 engense gemengelde lakens & 2½ geverfde

3404 3727 2392 169 hollantse lakens met eenen witte baey tot fardeliure N2

3411 3833 2429 221 hout in 7 antwerpse geverfde lakens voor de welcke ingeslote

3410 3918 2426 232 de noodige certificatie, tot het uyt verclaeren van ditto

3438 4084 2380 163 N 2 synde de vraght te samen bedongen ƒ 3:5:

3393 4143 2448 222 & sal ue met ditto 2 packen believen bevoleen d'ordre

3413 4243 2289 158 van meloff, de weduwe anthons causse van cortirck
