7926 4555
2762 207 301 156 I Juny

766 214 1015 222 Rott Daniel de la motte

843 311 2282 199 In antwoort aen den ue van 29 paso tis mij aengenaem dat ue het

888 388 2120 217 packie canten van Sr. de bra hadt becomen, ick hebbe van mad

895 501 2248 159 Anna besse geene ordre ue de weerde van d'selve biennelyck te maecken, soo

879 583 2300 215 gelieve alleen haer ordre te volgen middele byfooverre ue d'expeditie

896 687 2277 178 sonder de kennisse vande weirde niet can doen, haer t'selve te laeten wete

899 790 2272 166 alswer om dat sij mij sulckx ordinerende, ick het ue schrijve, ofte syde factue

899 914 2244 155 hebbende can ue sulckx laeten weten, waermne ue can dienen, gelieft

902 997 871 161 liberlyck te comanderen

2831 1060 260 207 2 e

683 1085 965 222 bremen Coenraerd Mehue

891 1130 2159 224 den ue van 29 april laest is mij op sijn tijde geworden, beneffens de

902 1278 2290 189 rekeninge van het pack lakens N1 gelaeden in schipper Claes bras

917 1366 2281 184 mons die tot amst godt lof wel is gearriveert, ick hadde ue geordoncor

911 1474 2201 162 het pack van 42 stucken te maecken & 4 looden aen ieder te slaen,

894 1593 2232 148 heb eerste heeft ue niet volbraght, dogh hope de 4 looden aen ieder

904 1721 2232 91 sullen wesen, & dat deselve hun gewight & 2 breede & ten minster

907 1793 2302 159 a 40 ieder lanck sullen wesen, ue hadde int geheel R400 getrocke

891 1863 2256 153 de helft tot 14½ & d'ander helft tot 14 pe de selve sijn behoorlyck

906 1988 2295 113 voldaen, nu can ue weten wat cours & prijs die lakens staen te houde

902 2119 2226 102 midts den nieuwen wolle, soo bidde mij sulckx te adviseren, ende soo

899 2178 2152 153 middelertijt weder een convoij naer amss quame te vertrecken

894 2280 2253 153 noch een pack van 42 stucken te coopen, eghter bovende 10½ p&

1205 2351 1229 101 Ropende daer onder salt te reght geraecken

911 2392 2293 146 niet te besoedenversoeckende als ue dan camt te trecken berabbatten

2085 2467 421 89 dg15 tt die

895 2482 2260 180 ttgene aen dese partije is overgetrocken, & met meer disponere

903 2580 2269 177 als het nette slot van rekeninge, om geen oneffentijt t'samen

1435 2664 140 82 delt

1359 2658 69 85 t6

906 2685 2293 170 tehouden, ons wachte ue advis om voordere mesures te nemen blyv

2818 2811 285 139 4 mij

718 2782 1286 221 Amst geerd & valer Rover

898 2883 2267 161 oot 29 past hebbe ue met de spaense brieven laest geschreve

907 2980 2223 168 t' sedert den ue vanden selven dato ontfangen, t' is wel dat ue op

912 3085 2284 170 londen niet heeft gedaen verhopende het geordonart banck gelt

914 3191 2201 162 ben minsten tot 3 pe in courant sult hebben geconverteert

919 3274 2205 162 om dat aen eenige hier tot 7  is vergoeyt met de laeste brieve

907 3389 2261 139 hebbe dan gisteren op ue getrocken op 6 dagen naer dato te betale

892 3461 2276 226 ƒ 1300 court gat aen d'ordre van Jacas waeterinckx voor de weirde

898 3565 2250 181 vande weduwe Jan martijn t'welck gelieft te verceren verhope

878 3649 2239 223 ijn pack prelakens herwaerts is versonden d'ingeslotene gelieft

907 3770 2270 200 voort ganck te laeten hebben, ende informeren, oft een convoij

904 3855 2283 210 naer hul van costij is vertrocken, ofte wat apparentie daertoe

903 3964 2262 195 is om omesurs volgens te nemen, midts ick eenige goederen

895 4076 2119 197 tot hul geeet hebbe, terwijlen naer groetenisse blyv

5404 200 344 139 4 Jny

3237 207 907 211 London Jan du maistre

3335 295 2394 208 l25 du passé estoit a vre grace ma derniere a la qulle ie iel

3333 391 2470 181 referre depuis reccu la chere vre du 18 de portant memoire & ordre

3347 467 2406 242 pour 24 p. de dentelles fines, la quella sera panctuellement

3370 557 2385 211 observe, et vous les aurez aussi bost qu'alsera possible, tant en

3365 697 2384 219 qualité ord q uanda lorngeur ordonné le change hausse tellement

3357 772 2396 239 que vous aurez avez de bon advantage pour faire vos remises ie vous

3343 880 1156 214 fabie & pis detoutte mon coeur

5326 906 336 213 4 Juy

3243 986 1143 262 Londen John Kent & comp

3711 1129 168 80 de ald

3334 1073 2438 245 mj last to you carried a bill of  £130 on reorge gorrij which

3361 1209 2452 213 Ihepe reached your handes, & is accepted, & that the acceptant be a good

3335 1328 2405 156 man, because I have some scrupule in the drawer: now have before

3346 1403 2406 215 mee yours of 16 past with patt. & accompt oft the pack N14

3348 1514 2447 189 the coffie cullours are some what to light, & 2 must have beeng

3367 1596 2360 234 of 13 a 14 p I exspect our ostendish convoj before now come to

3366 1703 2395 226 fe toh, the marchants ships & consequenteley N13 & 14 shipped to

3364 1792 2439 233 come with them, as also the flanels, if possible, butt pray observe

3355 1904 2451 209 that I must have all broad, & no narrow I lanckell, gett my goods

3353 2006 2442 202 down to hull for I hope that soone a convoy will come for amss

3359 2118 2443 205 or Rott, butt ship no goods theire bill convoyes be come, & that  you

3361 2224 2410 202 Know which will faile first, & if that of Rott & amst come

3351 2346 2444 221 togetther to ship one pack of bayes, & one of cloth for rotterdan

3356 2438 2380 235 & the rest for Amst because  these oft Amsterdam have

3373 2579 2369 166 ordinarie the best convoije, inclosed you have the 3 seconds bills

5596 2671 217 87 first

3353 2678 2443 187 indorsed to you, of which you have the first accepted, beside 3 bills

3339 2796 2349 199 more  £100 on nicolaes tourton £120 on John Pacson &

3369 2891 2443 192 £100 on the royall african comp procure the needfull & advise mee

3371 2999 2391 199 what passes to take my measure accordingley I desire you to

3379 3103 2411 190 send some returnes in remises in your owne bille, I have mors hels

3363 3197 2379 183 by mee here to remitt you because ex doth no rise heere

3361 3302 2452 157 aecording ett zeemes with you, the remises, I desire is well when

3357 3400 2446 191 you shall be in eash for mee & tha ex. be favorable, I want

3346 3483 2457 225 alsveey peirle cullour or2 of 12 a 14  butt I expectitt shoul

3363 3613 2366 184 bete late with these convoyes, interimn if an amst convoy

3342 3718 2424 194 stoud saile from londen & that anney thingof my order

3357 3832 2433 170 beleft, behoude of spaense clothes you might add. a2 peir

3374 3956 2421 141 cullours of a broe blewish loveuy peirle cullour of 13 a 14 ps

3341 4045 2439 144 with 2 brouwnes of the same prise to the patt sent 16 april

3355 4126 2452 158 wich with the flannelis may be made up in one pack & sew

3366 4246 2262 148 tot ames. or notth. I rect the 6 bello melssed for which

3385 4323 927 66 pleace to dive mee redit
