7947 4528
977 192 2177 107 naer rott gedestineert svercomen, is mij seer leet

950 245 2207 140 te verstaen, des temeen, om dat ick geintresseert ten

951 337 2208 157 in tschip van thomas scaman voor een pack  N134

946 411 2214 177 met tot heele & 4 halve lakens, in tschip van Jan price p

957 516 2245 187 N135 met den selven inhoudt ieder pack hebbende 3 baye

938 638 2288 193 tot fardelure, alnogh in tschip van Jaques de wet N148

949 721 2206 203 met 5 lakens & 2 baeyen. in de amst saterdaeghte

949 842 2294 224 gaeet staet dat 3 schepen van die vloot in tulie tinn

938 950 2186 159 waeren, nu hope ick meerder sullen syn te voorschyn

961 1046 2274 201 gecommen. dat wyders de gestrande terwijlen meest hoogh &

930 1138 2261 150 droogh sitten de goederen sullen worden geborgen, synde

953 1232 2260 191 myn versoeck ue met de geintresseerde sich gelieft te vervoegen

952 1376 2238 169 & soo iemans van de voorschreven gestrant sij mijn intrese gelieft

958 1454 2233 189 waer te nemen, & daer inne alles wyders te doen als voor eyge

934 1566 2287 177 & waer t dat eenige ofte iedts vande voors packen wirt geborge

961 1679 2225 183 & van t'Zee waerer beschadight sijnde, soo moeten die terstont

950 1832 2247 116 door iemant hundes verstaende in soet water uyt getrappelt worde

930 1901 2314 204 & alsoo het sout water wel gesuyvers & daer naer weder geraemt &

935 2025 2300 200 geperst, maer het principaelste is het sout water wel uyt te stam

916 2116 2180 201 =pen al soude sulckx in de volmolens geschieden, want

926 2225 2226 236 al daer het sout water meet, & niet versch wort myt

929 2330 2311 266 gestampt maeckt het gaeten, het gepasseerde wyders i

831 2480 1372 190 verlangen te gemoet sien blyve

1081 2612 190 144 m

2832 2548 307 232 25d

839 2626 710 206 Rott de bra

899 2675 2342 260 den ue van 6 deser ontfangen, niet leet wesen verstaen, het

917 2821 2328 220 ongeluck de hulse vloot overgecomen patientie, hope eght

917 2954 2293 179 nogh iedts daer van sal te voorschen comen, & dat ick het mn

926 3050 2274 210 ietal syel quyt wesen, ue biddende met de geintresseerde

937 3154 2132 150 daer over te consulteren, soo inde gestrande schepen

931 3287 2301 124 geintresseert sen, & wijders te doen alle voor eijven, hebben

924 3357 2255 212 de daer over op amst aen d heer rover oo geschreve

935 3475 2319 171 oft gebeurde ue derwaerts moes te gaen, midde lertijt verlaen

934 3582 2291 177 morgen het gepasseerde te verstaen biddende eghter geentgt

930 3683 2317 158 verloren worde om myn intrest waer tenemen & sooder goeder

2829 3780 179 89 Guyve

2696 3773 122 92 hek

918 3793 2205 157 nat synde geborgen worden terstont het zeewater te doen

923 3891 2320 161 uetvollen, droogen & perssen, biddende d ingeslotene voort

921 3996 1313 219 bavck te geven teruylen blijv

5373 170 501 142 11 abd

4982 199 253 119 693

3357 181 751 166 Lenden Jan de goede

3455 251 2412 154 volgens ue ordre van 2 deser heb ick ue heden gesonden met de

3463 399 2405 127 bode wallenne eenen witten deventersen baey wel gecondenoneer

3466 428 1596 172 suyver te betalen in wisselgelde sonder rabat

5508 508 263 110 ƒ 48:

3470 545 2401 187 twijfelene niet oft sal tot ue contentement wesen, be disandeos tot

3479 638 1635 199 ue dinst commandeert liberlijck die blyve

5325 694 282 148 11 d

3382 725 843 192 brussel Beussem

3432 823 2340 196 en respence aliescheren ens de 2 & 9 cord vois eft

3459 966 2405 163 nditten ne ƒ55: argen comajt dan a5 de hulder

3455 1040 2410 196 ul oft bren geleles desn et a p aije. les vallijn

3947 1142 376 69 ne no

3442 1174 2366 115 faul seavons il en contrait de mariage, el

3428 1239 2438 171 qu le a osturs sont content pour st offet en pul

3437 1323 2373 221 sne bayen en 10 „ 12 ians on seulement en

3435 1426 2418 225 vra„ 11ia is sont ue guil  dot, cepandent

3444 1531 2378 194 silse morie van meseren plaisir de marquer

3448 1689 2433 159 sil aurabien choisis pour son necessaire de labours

3441 1734 2374 239 le s dehulder a renvayer ma capiers, de il ds

3430 1862 2384 191 brez prisfart. le billet de change na par marqu

3434 1961 2367 187 le gerd paur paus ny lill- acause du pours

3444 2059 2413 225 in onstante, p lille y a 11 x a 2 iourr dis

3434 2144 2424 242 suir Paus Tombe uisqu a 85½ a preset peis  qu

3440 2265 2371 228 86 a 86 ¼ les Audson na pas more susie

3361 2355 608 214 Amst Rover

5441 2446 353 182 12 gber

3440 2534 2332 182 op 9 deser was aen ue mijnen laesten waer aen mij refetrere hebbende

3431 2627 2310 190 tsedert geene van ue, maer advis van Rott dat schipper thomas

3417 2737 2345 185 sckman daer wel was gearriveert, soo dat eene van mijne packen

3398 2815 2420 260 N 134 daerby is gesalveert hij rapporteert, dat hij Jaques de wit

3409 2899 2400 283 naer den stoom noch in 2ee hadde gesien, maer van Jan price wist hy

3406 3065 2336 176 niet te seggen, soo dat men moet afwaghten te vernemen, wat van debe

3392 3120 2414 241 twee sal comen, ondertusschen geloove de naemen sullen bekent worden vande

3418 3264 2357 190 gestrande, biddende mij kennisse te geven, van wat ue sal comen te vernemen

3346 3315 940 182 3 waer naer verlange & blyve

3343 3424 739 201 Rott Abraham de Bra

5475 3425 274 208 10 d.

3372 3537 2423 168 bijden ue van 10 deser geirne gesien dat schipper thomas scaman wel

3396 3621 2382 217 gearriveert is, godt geve dat ick overmorgen van ue magh verstaen

3355 3729 2474 218 dat Jaques de wit & Jan price mede sehouden sijn, hebbende geenander

3378 3822 2397 214 iitrest dan inde 3 voor s schepen, hope de goederen aen boort scaman

3391 3940 2426 189 niet beschadeght sijn p recommandere ue d'expeditie derselve geen brieven

3378 4032 2454 206 op costy, derhalven gelieft te notteren oft ick ue op amst remitteren

3370 4117 2369 230 de ue dat sonder schaede can intrecken om ue volgens te remboursere

3393 4219 290 125 blijve
