7810 4548
2881 192 276 170 6d

681 222 875 223 brussel de Smet

839 245 2410 250 den bode vande wijngaert heeft mij de ƒ 300 wisselg

868 396 2419 205 over gelevert & alsoo ul daer voore is gecrediteert dient

851 518 2422 202 dese voor quittantie & antwoort aenden ue van 4 deser

864 600 2388 226 hebbe present niet een kerseij wit by my gelyck aen ditto

859 696 2406 235 van de wijngaert heb getoont veroorsaeckt door het lanck

859 829 2428 235 voirderen van t convoy van hul dat even dae gelyck wort

866 896 2326 258 verwaght soo heeft tselve arriveert salue 8

878 1012 2202 242 stucken seynden ofte tgene ue voorders sal com

2934 1106 225 214 6d

862 1237 360 119 de con

696 1223 773 231 brussel segers

874 1246 2323 297 volgens den ue van gisteren hebbe ick heden in godts name

861 1399 2364 218 ue toegesonden de 5 flakens 3 flannels & 1 baeij soo ick ue

853 1545 2357 179 daer mede niet can animeren soo desperere het voortaen

863 1605 2346 206 te doen omdat ick dat goet tehier sonder winst overlaete

855 1741 2436 200 der keere laet het ue gebenedijden soo haest het noorts get

847 1848 2386 145 arriveert sal ick het ue laeten weten & waer inne ick ue

1656 1938 56 59 d

849 1920 1662 202 voorderen dinst geirne don blijv

3013 2068 268 135 d gber

716 2067 1121 225 Londen Wall & Will Kent

869 2175 2388 176 S on the 4 cur have writt to you & ordered some span clothes in

876 2274 2361 137 case they can come in time for the first convoj for ostend as also

888 2411 2398 121 for 12 worster frises to be forwarded as soon as possible by the

866 2482 2424 159 first departing convoij for holland, if that should depart before that

875 2582 2414 174 of ostend, yett if there was no appearence to have them departed befor

2596 2639 150 92 ses

860 2660 2437 151 the latter of this month, then not to send them, I orderinge oully

868 2778 2427 145 these frieses in hopes, that att recept of my letter at present op =

879 2844 2420 202 portunitie shall be, to forward them, where in I hope you will doe

869 2958 2436 182 mee punctuall service, if itt can not bee as I desire them lott them

856 3048 2400 179 allone, as for the flannels, lett them bedyed to the inclosed patt

863 3170 2393 165 & make them up to 30 a 35 a 36 p vez most about 16 & 3

3086 3241 214 142 Cntrsis

873 3273 2305 177 of 17: non exceeding 18 pence, I jay broad, white 20 a 24 p

878 3379 2410 143 12 dyed, yett if the dyed could not be readdy for the frrst convoy

865 3521 2407 139 for ostend, then lott the white come by them selfs, now I have

860 3632 2433 136 fours of 19 past & though you say, you have nothingh butt com

871 3684 2378 163 = plaints, yett fmust bell you, that I have opened this day

862 3796 2443 182 N48 & as longe as I have bived, have not seen worse cullour

866 3908 2384 150 then the 12 kersies they looke as if a dog had speidd them outt

873 4006 2410 135 of his stroad, & though they 12  6 en of such charges, they

877 4064 2375 196 do itt here 10 times better for 6  a p, therefore that tryall

870 4171 2414 183 is out for ever, & I am sure I shall not sell these under 4 o

880 4293 2191 108 losse, there fore minde better these flannels now ordered

3480 198 2431 151 further you say to be chore diligent about our bussines

3480 288 2456 143 then others, I am certaine of the contrarie, for I have also ope

3494 376 2311 146 ned this day the pack whites EE yeallow marks in N47: had

3449 488 2476 178 you looked them, I am sure you would have left out one p, which

3459 585 2414 164 is from one end to the other full of yeallow lines, not one yeard

3461 681 2436 142 without, so that that p can not serve our turne, & worse to mee

3461 823 2414 151 by  £3:- & yett you will say I complaine, & nterim J ki am

3458 894 2410 165 changed which such goods & you know to well, that wee want no

3461 1016 2377 175 pack whites, butt for religious habits, where in should not be

3462 1089 2404 188 the least spots, I have had & seen manney houndreds EE yeallow

3449 1188 2444 186 Marks, butt never one so as there is one a monghst these 5, so

3452 1287 2396 210 that itt can not be that you minde my bussiness you self, or you

3466 1425 2358 170 send mee such acloth to lof att mee, whoever if you can have

3439 1510 2496 192 5 a 10 p EE yeallow marks that are pure white & good by the

3434 1629 2516 185 iost convoy for ostend, provide them for mee, I have seen sever

3430 1696 2416 204 all white Colchester bayes abive yeards broad, such as you

3444 1821 2427 154 send to m gansacker & vermolen, best mee have 12 a 15 p of

3437 1906 2447 210 them for atryall not exceedinge their prise, this white were

3433 2027 2474 178 is soon readdy, & can easeley come by the first convoy for ostend

3435 2164 2312 157 were in desire you to be diligent, letters are come from

3456 2251 2475 151 England of 23 past butt non from you neither anney advise

3456 2346 2276 214 of the convojes from hull god send them all o

5574 2358 294 161 ny

5348 2444 224 131 me

5581 2463 289 164 G:96

3373 2485 831 229 Rott Abrat de Bra

3383 2557 2524 208 tsedert mijnen van 4 deser geene van ue hope het convoy van

3427 2679 2470 183 hull om nu gearriveert te sijn p het selve verwaghte alleenelijck

3443 2782 2524 177 een pack gelaeden intschip van thomas scaman volgens t' medegaende

3436 2871 2484 220 cognossement  N73 inhoudende 7 lakens 2 baejen aen te geven

3425 2964 2476 172 & te verclaeren voor 23 ½ demengelde dozijntrens van a 18 & 2

3456 3101 2461 157 witte baeyen tsamen weirt ƒ 675: versoeckende het noodrge

3449 3169 2444 201 gelieft te besorgen & prompte expeditie als mede aende ingeslote

3414 3308 1207 148 terwijlen naer groetenisse blijv

3446 3352 2395 263 N I have advise from stend that the transport ships &

3381 3484 2471 176 some merchand man were there arrived yett hope thelike

3434 3642 2447 130 op portunitie p first, & that our convoy will meker tur

3462 3696 2405 182 before ged so doe as above, though you should send the

3437 3813 2332 206 white flannels & finecloth over holland whilst I Irest

5522 3936 98 117 8

3320 3943 686 151 brussel msselam

3309 3954 2637 201 ladelay dee plus ma door  de 4 conds rien de ven, ie suns facke qui

3305 4112 1872 88 delaeetn peiy pas negodde vreletie sor londees a

5276 4107 631 125 2g accorse ge

3308 4187 2656 97 glagel es lettres d ee restart rinn le hange est bessant en son

3303 4235 146 88 Coste

3460 4255 2394 81 a offert a 32:2 uso st grand s portiss den diffrenter eschepe

3456 4288 2470 104 27 courant a 32. ½en d2 il y a rienconcls o c l u a fait r
