7940 4528
2566 185 486 162 1 a 1693

774 181 845 177 genn Jem elle

948 274 2238 184 terwijlen dat ick mij vroor vinde deefgenamen van

937 420 2254 154 fff de wed. guen tepramen tet voldoennse vande clnock

948 505 2162 151 leste ande £24:0:3, & volgens de wetten ider in

933 615 2190 152 ertigilier in solven al vros. soo hebbeck

917 720 2120 130 mons Matton roeraten teegesonden ul

934 792 2116 150 als derfgenaer lende wed. Bainte sonel

916 878 2242 149 tot voldoeng nochtans ondat ik geinfomen

903 979 2227 164 buij & oock ondervanden dat ien is een man van

898 1066 2238 205 groote cavertente, & discretie soo is mijn ordin

938 1199 2005 123 ue dese tes hant te leveren, & ander mael eens

904 1292 1917 172 mtelijk te verserlen de voors betalinge

935 1361 2211 205 & oock te eaglle alwaen dat ue daer cos

942 1482 2214 171 eenigeweken order maer de, ick ordu memhet

928 1584 2173 191 met qualijk, want ick worde hier loegedongen

932 1683 2098 161 onmt elijden van mijn kinden des hallen ben

938 1834 2092 119 cob ik te vero ende in consientie

942 1894 2038 166 geen costyn t de loose oy gelieft te gedoogen

947 2008 1444 158 ten comende dituest doe

2869 2065 299 164 due

778 2103 688 249 Rott de bra

927 2194 2202 167 sedert mijnen van 3 deser den ue vandenselven

932 2350 2233 165 dato ontfangen, terwijlen hebert Jausson diendagh

928 2432 2238 197 costij voor de stadt was gearriveert, soo verwaghte ick myn

880 2524 2269 218 pack N27 voorten langhsten voorleden saturdagl van

926 2636 2239 147 costij herwaerts vertrocken, des te meer om dat ick ue met

903 2753 2181 186 mijnen voorgaende dat soo seer recommandeerde oock

899 2846 2265 187 cost wat costen moghte, & me twelck in gevalli ue

899 2941 2275 181 heeft gelieven waer te nemen genoeghgaem tyt was te

922 3049 2258 206 effectueren want die goederen moeten voor kerstijt noch

921 3146 2260 147 al vercoght & verseeden wesen, ofte anders maer schaede

909 3238 2284 168 bij te doen, daeromme, ofte tgebeurde het pack noch niet

877 3341 2284 186 waer versonden, twelck nochtans niet en verwaghte, soo

907 3437 2311 183 doet liever eenigh particulier volc arbeyden & goedere

894 3520 2327 173 versetten om het mijn te lossen & sonder voorder tyt ver

914 3638 2353 156 suyne te exxpedieren, mij morgen adviserende watter gepessont

922 3739 2339 198 is, om voorder te reguleren, want ick tot liblo hetcomende

837 3832 1758 214 met een iacht sal laden uythalen blijve

755 3974 1112 243 Bredael Laureijs ka

887 4023 2306 246 In antwoort aenden ue van 14 deser, terwijlen gij noch

891 4133 2328 174 thuys syt is den tijt te cort om naer holgant te gaen, oock

914 4237 2141 137 soo geloove, dat die wolle voorleden saturdagh oft hed

3420 144 2460 169 sal worden moiss. alven nue mitt

3413 293 2466 163 sullen ue 3 baeen gesonden worden om daer af te maecken eperfijne

3425 339 2405 223 breedeleysten & 3 drap de dames, draegende sorge dat ick inde lenghde

3424 449 2415 206 wel bedient worde, want als gij wilt gij contdie wel op de minagerie

3430 542 2396 199 tot mijn voordeel maecken, gelijck gy voor ue selven doet, soo haest

3425 646 2429 224 gij die wolle ontfangen hebt, soo laet mij weten, hoe die valt blyv

3355 766 593 230 Amst Rover

5461 800 316 171 7 xber

3431 874 2388 166 bij den ue van 4 deser & ingeleyde van Cornelis dirfsen sien tot mijn

3446 984 2409 167 het wesen dat dat werck vande geberghde goederen, niet wel gaet vreese

3435 1070 2418 181 een groot deel sal sijn gestolen, ofte bij luyden die sulckx tgene sij ge

3420 1217 2433 111 botgen hebben niet kenbaer sullen maecken, mijne 5 lakens behoorde

3422 1279 2458 168 light gekent te woorden & ser de selve niet in ongereet sijn, soo behoorde

3418 1378 2403 171 hij dickkens, die voor nu al te hebben uytgewonden, want tis een

3420 1518 2387 150 wit coleur waer van ick niet geloove noch stuck van diergelycke in dat

3433 1569 2417 191 schip sijn geweest ten minsten in lenghde, want sy vallen ontrent

3435 1675 2376 201 de a 76 p stuck & soo daer van van dat coleur noch voor andere

3420 1848 2454 140 by waere soo sullen dat maer corte stucken wesen van ontrent de a 80

3405 1901 2454 191 t welck bidde aendirkens gelieft te adviseren, oft et gebeurde de loode

3402 1992 2379 167 oock vande lakens afwaeren, denckende ue hem wijders de staelen

3409 2102 2408 192 hebt gegeven, afwaghtende te verstaen, wat woorder daer van

3427 2193 2383 208 sal sjn voorgevallen wegens de wolle heeft ue de noodige ordre

3425 2296 2410 189 synde laureijeka tot bredael sal niet by ue comen versoeckt de

3409 2404 2432 168 sijne over delft gelieft te stieren om dat vrijdaeghs het bredael

3398 2523 2406 168 beurtschip precien daer afvaert & dan sondaghe tot bredael

3414 2607 986 158 arriveert a governo blijve

5500 2676 206 204 7d

3356 2706 1276 179 tulborgh weduwe wont segers

3401 2870 2391 135 Ick hebbe ue brief van 2 deser ontfangen, voortis my

3376 2954 2428 149 heet te verstaen de doot van ue man ue moet patientie hebben

3389 3048 2446 159 want godt dat soo ordonneert & daer is niet anders tegens te doen

3378 3194 2350 145 voorders ick wil met ue wel handelen & de lakens die ick n

3384 3244 2404 212 hollant wel doen bereijden toebetrouwen te seynden, naer isk

3388 3341 2398 207 magh niet gecarigeert worden, oft anders & dat met een reyse

3386 3436 2358 202 uyt, gij weet wel & sult ondervinden oock soecht & siet het

5369 3579 70 67 18

3381 3534 2396 227 by ue mans soeck, dat de beste & fijnste 3600 wel minder als

4411 3627 379 103 boven de ƒ4

3377 3659 2378 231 ƒ 4: maer selden ofte noyt voor contant vercoght worde p de

3384 3778 2386 190 antwerpse maete & dan moet gij lieden noch de oncoste draege

3380 3887 2420 205 oe datt het seer onredelyck waer, dat ick soude voorde hollantse

3384 4018 2454 178 paete ƒ4: geven bedenckt, dat eens wel & oft dat is om te lyve

3363 4118 2474 157 handeben oock gek twijfele ofte ue man die prijs soo hebb gestell

3388 4213 2331 179 maer wel gijlieden, daer om soo moet de rekeninge syn gelyck
