7933 4534
995 212 2240 123 laet mij morgen d'oncosten weten op N 134 uytscama

929 265 2166 165 my toegesonden & de brief porten tot p same laest

956 347 2287 174 want can mijne balance anders niet sluyten synde

977 455 2272 189 de selve soo na gereet dus bidde laet mij deselve toecomen

975 606 310 135 blijve

2857 619 379 192 18 Junn

775 708 738 179 Brussel Rousseau

978 858 2302 174 Je suis bien aise devoire vre son retour chez vous, gran

966 926 2289 196 a dieu, ayant reccu les cheres vres de 14 & 15 court iay

969 1079 2272 149 sal de nre compte & vous debite pour £279:6:7 e

971 1215 2303 108 sans vre preiudice pour les assignes sur vallyn & vanden

975 1303 2244 188 heck qui ne sont pas encopaye cependant vous avez

985 1402 2269 172 endit pour vre remise de 4 des la lettre de  £40

974 1552 2243 167 a 34 p sur Edmonde & Jonas Custiss de bruges negotie

958 1660 2229 177 a ¼ pl a vre peste comme vous serez aussi credite

973 1761 2287 188 pour celle que la vre dhier imeporte sur mon beau frere

943 1892 2313 177 michiel gillis de £400: qui les payera promptement

964 1986 2213 200 puisque ie vous renvoye cy coint les £300:8 ur

948 2097 2333 199 arnoldodehaze ƒ169:4:3 en & £200:- en 2 lette

965 2200 2218 218 sur la refie de facrt annouy p eux accepte, vous

938 2329 915 185 salvant ie me direz

2976 2383 102 157 d

798 2461 870 231 brussel peere Lion

959 2483 2241 257 desui van 27 pasto & 15 deser ontfangen, den eersten

953 2649 2312 181 door beletselen & hey lig daegen niet eerder beantwoort

965 2747 2206 189 renvoyerende by desen ue het contraet van borght tochte

918 2870 2359 143 vande moeder van  de haes, twelck gelieft te laeten vernieu

952 2961 2302 196 ven & herkennen t'en sal maer op de cost aencomen, toek

944 3082 2234 188 want geloove sy van goeden wille is niet voor heeft

951 3135 2288 202 mij te bedriegen, eghter om vast te gaen, doat naer gerae

951 3278 2208 189 den 8 laet mij de costen weten op dat ick ue ten

951 3388 2301 219 dancke voldoen wenschende ue een geluck saligh nienviair

950 3527 299 136 blijve

2868 3556 101 165 8

759 3590 781 197 BBrugge corts

985 3655 2126 179 got lof het convijwel en m

953 3780 2299 138 is gelade gene ont john melet  28indt

955 3892 2265 120 0ste slamers entwet cotten ae boerhad

946 3939 2291 197 seel N 29 wet 12 gemengelde sp leken ue

931 4040 2297 126 lotten. noch een packie N30  3 p labn 6 uuit

1385 4112 1824 110 bey. erabnate naet aenwivns bemet

960 4154 97 86 ae

947 4185 2343 167 selveng eladen deser paier teeven n9 & 39 1 tme

2470 4256 772 71 aen boort s Devint

2264 4257 98 74 d

1061 4260 1677 90 e vespo ighent te hibblen 2 cwenen  N 1: 2

5707 204 152 93 208

3379 185 541 153 londonhem

5042 212 601 150 18 janu 1694

3447 309 115 150 d

3683 298 2209 263 sence my last of 7 cur. reed roiginal of 12 past

3434 395 2415 260 theewat cast avay, gett so witt that you dis wel to

3458 573 2384 252 send copie, have also them of 22: 26 & 29 ditto

3454 706 2427 245 and frest exammined my actt & forind vight patt

3439 860 2433 200 the rest beenge due soy en £21:16:1: there on

3444 1038 2445 197 utt abate the loss on the 2 crimson clothes

3434 1126 2400 240 on which is lost about £4 of the frrst cost

3417 1304 2489 241 the mistake of the white bayes from lads, of whih

3405 1431 2519 219 Iunt you last commer is att east £4: l0 my preiudiu

5749 1600 150 98 as

3423 1559 2484 252 there by I have paid you the full acttof 1692, s huigh

3435 1747 2441 190 I finde a note of some contradutions o that proce

3437 1850 2450 262 about the loss of the hull ships for Rotterdam your

3410 2014 2441 219 shipping all for one places then 3 convoyes are

3443 2144 2421 230 af the risico could so ewel have been du ded, that

3445 2266 2401 236 Gmight have come of Thto mithout Loss

3441 2426 2387 223 att least of N 148, & wherecvce loose, you

4126 2548 49 87 2e

3443 2553 2278 221 must not gett & allow yd proffitt. so to have no

3405 2708 2421 208 difference I shall ballance my actt & witte of

3420 2844 2387 150 the £21826:1 en to proffitl & hoss, & begine the nee

3418 2960 2424 215 actt. nithout anney mention of the old, which I do

3422 3097 2381 207 uit quistion butt you shall willingley aggree to

3367 3264 2392 138 & besides the mistake in 26 N 31: 8 baey N 293 a 300

3432 3382 2403 166 a 53:6: n is baut £21:8- & you make itte £22:4:

3425 3446 2456 180 e 16 ƒ to my preiudicix, the convoj from london is apri=

3411 3599 2490 180 =red att ostend butt j un vere muche conceraed to see ney order

3431 3712 2412 150 firsp clothes so ill oblerved, I writt 30 gbe for one of the

3407 3790 2485 229 pepest cullour that was to be had of about 14 a 15 ƒ

3430 3901 2392 218 for that I suppose you send N170: which may bee, butt

3405 4033 2437 171 with all I ondered 2 a 3 brownish coffre cullours of sanie

3443 4128 2371 149 rrise 3 xb I confirmed & lave named again brownish

3420 4228 2417 119 10d I said capressely browne coffie cullours   ge
