7303 4500
2611 75 233 169 dj

560 206 2508 135 contented to come to a referrence provided he gives over in wribinge

547 274 2420 176 his pretences, so as se have   m' fabberton, otherwise Row

567 380 2382 154 can k know what wee shall referre: first it was I monst sweare

549 504 2410 119 to have nat had not avantage or saved costume & that then be

568 609 2367 128 would give an accompt of his pretences, & now he will come to

578 713 2462 136 a referrence, where I know not yett, his pretencee I doubt he hath

580 814 2364 163 no minde to make an end, & by that meanes keep m moonshis

569 889 2430 224 goods, if he will not fearly, he may run to the devil I rest d

2533 1049 354 153 30 Juny

414 1042 1114 184 Rott abraham de Bra

549 1129 2414 170 den ue van 27 deser ontfangen, d' oncost ick sal examiaeren

569 1240 2436 133 & ue ten eersten de rest remitteren het pack N. woort eerst heden

553 1377 2395 118 hier verwaght daerentussen had thomas angustijn die voord' heer

558 1464 2399 145 roosendael uyt Jan bottes gelost & waeren hier voorleden dijnsdach

561 1523 2468 122 gearriveert, het welck vrij den vercoop verachteert, nochtans was mye

546 1625 2460 146 pack in aftraeren van Jan botter ingelaeden d'ingeslotenen gelieft

561 1729 950 139 voortganckk te geven blijve

2584 1796 247 193 660d

364 1823 1174 190 Leyden Hendrick Harmanzs

578 1884 2339 218 volgens den ue van 20 deser seyde ick ue ingesloten een bewijs op

560 2048 2384 159 van ƒ 83 te ontfangen in amsterdam bij d fH Rover sal my

538 2151 2414 183 fian ofte ick ue eenige lakens sal toeseynden voor car mosyn dit

552 2251 2270 169 voorse bewijs moet syn in voldoeninge van alles blijve.

353 2372 1441 231 Amst geert & valer. Rover

517 2513 2424 223 den ue van 26 deser ontfangen het pack N.1 sien te gemoet ben tot

550 2647 2503 198 leyden schuldich aen hendeich karhanze ƒ 83, courant hollants gelt

550 2765 2440 168 hebbende geen andere gelegentheyt hem te voldoen soo hebbe hem een

560 2884 2461 131 bewijs op ue gegeven, t'welck gelieft te vereeren ende alsoo ick niet

564 2977 2419 164 en bevinde bij den ue van 19 door wien de £150 op thomas

558 3042 2490 223 as kin is geassureert soo gelieft sulckx p occasie mij te laten weten

546 3174 2407 182 men seght hier costij 3 differente gefailleert sijn, daer onder

1695 3280 93 74 u

568 3281 2468 185 an then grootenhuyse met den ue voordesen voor mij wel hebt

525 3392 2502 192 gedaen sulckx dat ick wel sien men niet te nouw can toelette

523 3520 2508 177 soo haest ue can hooren dat de convoyen naer hul, syn toegestal

540 3637 2391 134 & vertrocken, soo gelieft de goetheyt te hebben mij sulckxte

539 3724 2459 128 adviseren men heeft hier noch al goede hope op de brave desentie

553 3829 2407 155 van t'casteel van namen, fommige willen dat den vrede in

542 3918 2449 171 gelt getracteert woorde, godt wilt ops wat goedts verlan

544 4024 2461 174 & reden onse dagen op dat onze negotie moghte herleve

564 4143 1136 188 want alles slaet hier £4:£

5340 149 363 189 3 July

3133 161 970 268 Londen M Sabberton

3255 267 2523 246 In answer to yours of 14 past, I returne you mee hartye thancks for the

3252 413 2413 222 speins you have been plases to take about my different with m. Vivran

3300 491 2455 213 hopeing, you will bee so hinde to see that ended for you are a persen sull

3290 607 2477 216 expedientie & there fore will referre my case holly to you & lett m. vivian de

3287 705 2487 189 the some, & the sedictts as to thoth the have taken, I shhall oblige my self

3289 806 2516 170 t6 comfirmit att anney time, or pleaded. wee are obliged by articles of agreem

3283 899 2496 176 to be are port of letters eith as the shall receaef them, besaith, no advantage

3285 1030 2486 139 if one should more taken more painesthen thinother, butt by not article am

3290 1092 2469 179 my obliged to pay all charges inflandres, nether in vivian in engelant for

3281 1225 2444 149 the charges inflanders, a month to severall ƒ 1000, acso as they have

3299 1289 2497 198 brought to accompt, in with accoumpt the ƒ 409„15 here omitted & according

3295 1390 2515 165 to what the article as have obliged ince no port of letters brought in, neither

3255 1482 2481 228 deddeting for as mouch I have are more troubled & pans then m

3276 1574 2527 228 vivian & do I charges the cost of my voyages to brussel, I charges not for my

3274 1704 2515 217 painse. m vivian as been once in the nord, & that the promised th to do, to his

3289 1786 2537 220 cost & charges, now if he pleases I shall allowing may cheire indempt charges

3270 1894 2560 241 if he will not lett you desade the bisnes, I am contented to khoyse an abstrator

3289 2031 2525 158 & that he shall make choyce of an ather, butt pray lett mee havve can exccompt

3255 2124 2522 205 first of hispretences drawen up in writinge & may doubt then monney so

3299 2242 2456 182 os have then mine. for as long as he have lived, heard not accase to here

3288 2317 2501 234 been given to arbitrage, without parties the liver over first one or an other

3301 2417 2503 192 theur pretences for otherwise sou is itt possible, that I kan give instruction

3279 2558 2463 184 to mj arbitrator to desend my case, I have proposed to some of r one

3279 2643 2486 182 merchandts of hour exceang here, in watt manner & arbrivage must bee

3289 2755 2496 163 appoineted & their gennenall orpinion in answer is, as I writt you above

3298 2855 2474 160 seeing positiviley, that he that will not give an accompt of his pretences

3286 2948 2535 179 before the arbetrators here choyeed, as no minde to make ende, I am all

3312 3045 2401 180 most achaimed to trouble you, must more an other freind, that as no

3294 3148 2481 197 acquaintes of so sellie a differens therefore in fabberton I know, if no

3279 3223 2495 234 pleace you can endid & I shall thankfully acknowledge, & accept

3291 3348 2511 167 what you shall have do therem, so pray lett mee no trouble no by de elst

3296 3443 2386 169 and serupel not for you shall net disobliges mee, I know to bell your

3283 3575 2525 150 inte gretce & great gapachtie, therefore I exspect that busines & bt you

3285 3651 2537 205 prident minagineort, as to the paper that as freimd of yours as delived

3251 3766 2493 138 to you, out on to compt & 150 that be longes t S Ihamas

3268 3848 2496 179 stefney I am fulley informed, the said your freind as sent

3299 3954 2461 164 the like paper to in morisse here, & he had alreaddy the instructson

3296 4096 2471 148 maipt up in writing & prsentid this post tohis correspondent, so that

3270 4206 2461 129 vour frand shall there by see, on that case stant, the can come att
