7823 4541
2705 185 460 143 23 sber

676 192 1225 196 londen wall & will kent

840 278 2371 173 sence my last on the 16 cur rec yours of 4 ditto the

832 404 2381 140 ostend convoy is no come as you writt butt was returned

828 438 2409 204 & hope with this easterley wind this day with you & seeng

824 543 2444 231 you have had time enough so exspect all my order soilley

839 645 2428 223 compleated, & the risico devided as formeley & often writt

841 753 2382 244 inclosed £150:- on John waller procure the needfull the

842 856 2418 204 convojes of holland are gett att zea for hull god send al

850 960 1954 194 well over longing to know what passes nst

2726 1031 373 208 23 3b

655 1085 1099 236 Leyden hendrick hermant de

843 1163 2361 230 Ick verhope ue goede thuys compste ick hebbe soo aenstonts de 2

866 1274 2372 166 lakens ontfangen ingesloten mjn wisselbrief van ƒ 600:-

863 1357 2363 191 tot loste geerd rover in Amst op 8 daege sight waer voore

876 1485 1408 168 mij quitt sult seynden terwijl bly

676 1598 866 225 brugge Raph Coots

779 1703 2354 194 tsedert den ue van 30 pasto geene occasie gehadt te schryven

858 1820 2391 132 akhoewel verstaen het ongemack ons convoij naer londen over =

858 1905 2417 127 gecomen, dat verhope nu behouden daer sal syn gearriveert

845 1979 2436 169 & schippers foos de pauw & Christiaen de lange geen ongevalgelde

850 2086 2417 145 dat p occasie versoecke te verstaen als mede soo haeste deselve cone

856 2155 2404 154 te retourneren om dat daer by merkelijck sal syn geintresseert als

854 2282 2407 97 hier naer voorder sal adviseren, versoeckende eghter middelertijt

866 2342 2385 156 my te laeten weten wat tijdinge ue hebt wegens d'engelscoste

853 2443 2417 145 hollantsche ontrent duynkesken alsoo men hier seght dat sj

883 2516 2338 167 van daer conde syn vertrocken indien gevalle soude ons convoy

869 2624 2344 134 voor de fralsen soo veyligh noet weten waermede

856 2713 1140 153 naer groeteversse blijve

2938 2776 229 178 27d

758 2811 632 204 Rott de Bra

871 2871 2390 238 In antwoort aende ue van 24 deser gesien de rekeninge van

877 2998 2390 135 myne geviste 5 lakens welkers oncosten seer swaer valle

893 3116 2390 167 eghter ende alsoo ue de gennevaele belast met ƒ30 extraordi

1788 3163 173 89 Mocs

887 3171 2347 151 naire moeyten soo behooede daer onder de provisie van in coop

889 3273 2382 192 be grepen te wesen, het droogen van 4 lakens ƒ 24: is grouwells

863 3350 2406 206 aen can hier want sij niet geperst ofte tedtt sonderlingh dins

878 3458 2375 166 werdigh aen gedaen is & voor natten & soo raemen & droogen

876 3553 2391 157 men hier maer 5 9  p stuck betaelt heeft ue Jan koopmans

867 3685 2343 159 ƒ6 16 stuck doen betaelen soo heeft hij ue voor my de beuis

847 3732 2425 228 geseden & is het noch niet betaelt soo laet sulckx abso

878 3836 2394 163 niet niet geschreden & niet meer als 5 p 0 stuck gepresen

864 3892 2394 179 teert worden ick ben verwondert dat tot een man niet

882 4008 2402 162 beschaedt is sulckx te vraegen oock verstaen ick niet sulckx

3004 4082 215 59 ontrek

866 4107 2415 179 belaeten valideren, soo een laken wort in Engelant voor ƒ10:-

890 4190 2373 184 beoeijt genat bereyt, geschonn, gedrooght, & geport &

3491 217 2444 131 getoullet, & soude soo een man van natten & droogen allee

3460 291 2441 161 ƒ 6 p stuck vraegen t alwaer daet een werck man een geheele

4813 338 65 72 les

3485 403 2366 122 dagh besigh waer om te natten & aenslaen om te droogen is op

3465 487 2375 132 minder als eenschof gedaen waer aen souden die ƒ6:- dan

3443 536 2409 168 te verdienen sijn, daeren boven heeft hij de lakens soo qualijck

3463 674 2412 143 getracteert, dat ick niet enwete hoe die myn levente vercoope

3479 744 2441 118 want sy sijn geen a breet daer sy voordesen syn 2 geweest &

3471 864 2365 153 soo daningh inde lenghde gerecht dat sij niet als blooten draete

3466 920 2406 192 sijn, verhalven moet ue sich van hem salveren voor ten mincte

3474 994 2213 204 ƒ18:- daer over te veel betaelt. beneffens de provisie ƒ 9:

3480 1015 2444 255 afgetrocken vande ƒ 674: 2½ sal ick ue crediteren voor ƒ 646:14

3470 1194 2453 189 nu wegens wat my toecompt inden eersten is mjne facture van de

3472 1268 2370 204 5 lakens incoopt miet £64:14:5 s& maer £70:2:41 en

3461 1376 2391 177 t'welck is hollants ƒ754:72 gecacluleert a 52 ¾ compt mij

3446 1486 2449 226 ƒ 396:17 de ƒ 56:18 voor ue oncosten moeten geredceert

3464 1588 2406 190 worden pro rato dat een ieder van ons vieren geintresseert

3467 1714 2432 163 twelck is als aenden voet deser s £339:1:5 en hollant

3390 1831 2524 144 ap  pet ƒ 3644:7 vervolgens ieder ƒ 100:- te belasten met 31 ¼

3437 1921 2500 186 & ick ƒ 854:2 a 31 ¼ 5te is ƒ 11:15 soo dat ick ue by geonaet

3458 2026 2406 170 heb g afgetrocken vande ƒ 396: 17 blyft tot myn voordeel

3458 2110 2441 208 ƒ 385:2 waer voore ue is gedebiteert bovendien voor ƒ30:

3466 2226 2334 157 17 door mij verschoten voor Abrah van diest volgens o

3447 2311 2394 221 24 meij laest aen ue heb geschreven, t'welck ue inde

3464 2411 2357 209 rekeninge 24 deser gesonden niet hebt ingebroght: derhalven

3460 2519 2466 148 hem eene andere seynden moet gereduceert in uve oncosten als bove

3441 2619 2481 168 oock wat is het teseggen dat hy 59 pc geniet & waeromme

3429 2716 2413 171 & is het niet genneraelijck gereduceert tot eenen prijse

3469 2828 2449 178 gelyck dat voordesen is voorgestelt, ick hebbe uym het meeste

3390 2933 2480 136 verlies dat mijne goederen geheel syn gevonden & een

3450 2990 2375 139 anders niet, sien het ieddres over dese rekening als

3456 3108 2385 169 boven over dese rekeninge p eersten te gemoet & soo

3444 3179 2475 184 aen dh Roosendael vermolen, van diest, als my synde

3436 3275 2400 182 seer verwondert dat ue de voor ƒ 30:17 geobbuiteert

3445 3390 2316 139 hebt tis gelijck men seyt corte rekeningen maecke

3445 3499 2478 134 lan ger vrinden & alsoo wy niet van diest anders niet

3459 3587 2353 157 soude connen te reght geraecken soo moet ue

3414 3686 2363 157 sulckx als boven sonder Gant verandere apoue

3456 3765 243 147 blijve

5454 3745 374 200 27 db

3310 3769 1073 228 Cortryck dew d Causse

3431 3878 2438 195 naer dat ick op 21 deser aen ue large heb ge heb

3443 3990 2422 162 ick daer geene antwoort p ontfangen maer heden den ue

3443 4127 2415 137 van 26 ditto & is dien van 24 mij niet geworden ick sat

3434 4197 2275 129 eorge ue een schoon swert mast leken toeseynde
