7906 4507
862 202 2129 113 bot wet meer connen gebruyckt worden daer by ingesien

866 244 2203 166 sulckx dat die schipper de beste coop daer afcomt met het

845 348 1120 166 missen van sijne vraght blyv

2633 422 344 162 30 april

713 431 954 246 Rott Abrah de bra

900 528 2177 228 In antwoort aenden ue van 28 deser sien het pack N 56 te gemoet & soo

819 664 2258 176 de verclaeringe niet alreede is geschiet, soo sal ue in plaets van 50 dobbele

854 762 2241 189 54 dobbele aengeven die van lillo hebben uyt den beurtman van ter goude

868 831 2265 179 dese weke 5 hulsche packen gelost, aengeslagen ende naer zeclant afgeson

871 938 2267 166 den doch ick ben godt lof daer niet bij geinteresfeert & alsoo mijgee

854 1052 2198 168 rusie lust, soo soude geirne sulckx voorcomen, ende de goederen ten volle

856 1118 2283 183 verclaeren ick hadde soo wel gehopt dat tosegh leewen soude hebbe

862 1218 2241 168 binnen geweest eghter verlange overmorgen te verstaen dat hij behoude

867 1339 2268 148 sal sijn geanveert ingesloten het cognossement van het pack N11

859 1440 2315 144 waer van de verclaeringe sult gelieven te doen niet gelyck geadviseer

863 1501 2288 152 maer voor 13 ¼ engelse lakenen in de wolle geverft op de spaense manier

872 1591 2262 201 gemaeckt met 2 have witte frisetten het stuck van a 40 tsame

873 1720 2209 145 weirdigh ƒ1475 bidde wijders mij te laeten weten, oft ul gelieft

865 1786 2189 181 mij den versoghten dinst wegens de 2 packen van mesoff vinck te

859 1946 2230 134 doen, ofte niet, want ick moet op d'een mannier oft d'ander daer

862 1999 2190 203 een eijnde van doen maecken. ick hebbe advis dat naer hul was

878 2110 2100 185 afgesonden niet hope met dit gearriveert convoij te connen

865 2187 2246 181 afgelaeden worden een pack   N66 bestaende van 12 lakens

854 2289 2219 178 te verclaeren voor 38 dozijn takens van a 18 & 2 witte baeyen

852 2395 2235 157 van a 65 t'samen werdigh ƒ 1250: ingevalle ue soodanigh

837 2495 1845 191 pack voor compt gelieft het mij toe teseynde blyve.

2769 2606 236 138 36d

689 2610 1073 196 londen Fierens & Canger

845 2710 2250 211 op 20 deser was aen ue mijnen laesten, bsedert geene van ue

853 2817 2237 182 middelertyt geconsidereert dat luttel oft weijnigh gelegenis

872 2908 2153 188 ofte ick de geordonneerde pack lakens become, oock ten pryn

859 3019 2149 166 geliiteert, soo gelieft in plaets vande EE geelmarc

859 3100 2152 158 4 stucken oft 5  V1 voot marck te coopen dogh sy moete

860 3246 2250 121 uyver ande wit wesen bequaem gelijck de E½ om religense

868 3268 2281 145 witte cleeeren te maecken, oft anders sal het ande liever 5 stuck

855 3405 2306 140 t' t hebben stellende dat in ue best gevallen ofte volgens ue die sal

868 3474 2280 168 onder vinden 5 stucken EE goelmark a £94 de 10 ofte 5 rodde

847 3584 2308 147 marcken de welcke geleve present £86:- oft minder sijn te becomen

845 3681 2291 143 doet bij coopt voorders 5 dobbele roode lakens van con bevendigh

868 3803 2269 136 helder coleur gelyck het medegaende stael & weten 2 stucke

842 3871 2322 150 van £8 a £8:10 p, & 2 van £9:10 a £10 & p van ontrent

846 3966 2243 169 £11: het stuck doende dese uyt dobbch wel perssen, want eene

1330 4076 138 79 heebe

848 4072 2254 158 cloecke stijffe porse meet hun hier het beste gesicht tot vercoop

842 4175 2323 162 geven & doet ieder half stuck appaert toilletteren niet breet

877 4259 2171 123 van tamelijck smal vouden soo dat den 5 dobbele roode

3351 81 2493 207 meten vesteen an velee willeten gevonden

3359 176 2438 232 pack lakens moeten oock smalder & ten minsten op de manier

3328 295 2328 162 van een noorts laken gevonden, ende met coorden gesloten

3361 390 2428 168 worden volgens men hier de gewoonte heeft aende goederen die

3329 530 2478 134 herrevaerbj comen addende particuliere sorge te draegen voor de

3342 579 2369 178 roode lakens dat ick goeden coop & schoon goet mach hebben

3321 654 2440 169 met t eerste convoij naer ostende men sprecht het selve tegen

3313 772 2449 144 half meij naer sonden sal comen, wat passeeert verneme

3329 864 1745 170 geirne terwijlen naer groetennisse blijve

3281 937 1021 253 brugge Raphael coots

5452 958 286 172 2 mey

3328 1010 2468 233 bess dat hij N1 & N8 p bargie mij soude toseynden met ordre

3324 1152 2447 227 ven herrebout mij de selve cito toe te seynden d'ander oock

3346 1313 404 165 pr bargie

5454 1345 208 184 2d

3278 1351 853 205 Brussel Ant Rousseau

3351 1409 2444 207 i'espere vre bon retour chez vous, cy ioint une obligation de ƒ600 argent

3330 1574 2480 125 de change a la charge de Sr peere vallyn le ieune pour le quelle ie vous prie

3327 1629 2432 161 de procurer le necaissaire, comme aussi pour l'assigne de ƒ229:10

3333 1695 2431 204 argent courant a la charge de Mons Kouts vre beau frere l'ayant

3345 1798 2417 185 recou m'en donner credit, i'espere que le S de smet payera au plu trad

3334 1891 2319 182 cette semaine prochaine, comme aussi le S de haes puisque ie suis

5506 1992 214 176 2d.

3271 1990 782 241 brussel Steph Kont

3350 2029 2436 254 alsoo ick geen ander occasie tot brussel hebbe als die van mons

3343 2195 2450 171 rousseau ue swaeger soo hebbe ick hem een bewijs tot ue cost gesonden

3352 2268 2465 172 om ƒ229:10 courant gelt van ue te ontfangen voor het lazen aen

3335 2362 2466 168 op 3 meirt lesbleden aen ue gelevert, ick soude soo vroegh die

3355 2441 2468 230 betalinge niet vraege maer ick wete o dat het uwen wille is ende

3362 2552 2465 180 prionniere contant te betaelen het convoij van uel is gearriveert

3352 2659 2439 139 daermede hebbe ick veele noortse goederen ontfangen, can ick ue

3314 2729 2530 179 met eenige dinst doen het soude my aengenaem wesen ben van

3336 2819 1582 201 sijn goet nu oock wel voorsien blijven

3290 2927 1018 211 brussel franc de Haes

5502 2955 160 153 2d

3348 3010 2444 238 ick entwijfele niet oft ue heeft mijn laesten bewijs aen Mons

3353 3160 2340 181 rousseau al voor nu voldaen, want ick van hem daer over geen

3377 3258 2443 175 contraru schrijven en hebbe, dogh soo sulckx noch niet waere geschiet

3367 3364 2449 153 bidde het selve niet meer uytbe stellen, omdat ick hebbe ontfangen

3362 3468 2343 149 eene schoone partije noortse goederen & oock seer vele stijne

3333 3551 2403 189 modecoleure lakens t andere goederen naer advenant  als ue

3363 3638 2377 178 te betallinge wel gelieft te reguleren sal ick ue geirne & soo

3344 3712 2368 202 wiel dienen als iemandt anders ormepaelijck nu ick soo schoone

3361 3838 2450 204 sortiment van alles hebbe, meerder als ick in 3 iaeren bij uy

3353 3948 2440 202 oy heebbe gehadt, t'welck ue diene tob governo van die naer

3340 4053 886 201 groetenisse blijv
