7940 4534
912 200 2028 144 godt wiltse trwaeren & behouden seynden terwijle

863 245 895 175 maer groetenisse blijve

2848 311 251 199 2 July

702 277 1379 266 Turnhout Jan Rapt. Robert

892 415 2221 181 daer is heden een schip op laedinge p londen gecomen, oversulckx

877 589 2174 116 wenste wel de tycken voorden jndiget te hebben, can ue mij die

890 625 2215 205 sondagh seynden & opmaecken tot 80 stucken mij sal

906 733 2211 198 vrindtschap geschieden, dogh soo sulckx niet can geschieden

896 809 2244 186 soo en begein ick niet meer als de nitto somme de draeght die

912 933 2163 174 ue seynden moet, de 80 stucken souden moeten syn

899 1059 1348 180 als volght ten naesten bij te weten

1274 1153 553 168 10 ¾ 2 segels

1257 1274 567 146 20 g 2segels

1259 1357 589 158 10  ¼ 2 segels

1271 1448 678 174 10groot loot

1275 1530 666 179 15  grootloot

1283 1626 677 187 15 groot loot

2782 1796 190 196 2d

688 1822 992 229 Turnhout geertt danys

905 1986 2208 157 alsoo heden een schip op londen in laedinge is gecommen, soo

906 2085 2144 151 versoecke ue my sondagh te te seynden wat mogelijck is op dat ick

912 2158 2243 192 my van dese occasie bediene, 't gene anders in langen tyt lichtelijck

862 2263 2311 188 niet soude voorvallen mij hier op verlaetende blyve naer groetenisse

2790 2370 284 183 mly

726 2379 1021 211 brugge D aph Coots

2838 2551 177 185 3d

715 2585 626 212 Brugge Coots

812 2621 2317 218 tsedert mijnen van p deser den ue vanden selven dat uu ontf.

882 2779 2258 139 ick wilde wel dat die officieren die de 2 packen N14 & 10 hebbe

883 2871 2284 160 opgehouden met hun gat op een ekel laeten, het scheynt al wat

888 2957 2177 149 mede weirelt is by naer practiseert om de coopleden te bruyen

878 3048 2314 193 spatientie, sy spustineren die lakens meer werdigh als bij p stuck

916 3130 2262 218 ƒ89 gelyck aengegen ick heb ue de weirde te kennen gegeven

891 3215 2193 210 waer toe is sulckx noodigh N14 hout in 4 fyne & N163

888 3325 2273 228 synde d'andere gemeyn goet oock sommige van 6j st de gend

894 3440 2214 181 ende die te verclaeren bovende ƒ90 can men nevens andere

895 3567 2152 183 geene merckt houden, dogh in toecomende soude ue de

862 3640 2223 194 arduleeren soo wel als de lakens onder de ƒ90 connen

883 3745 2226 151 verclaeren gelyck wij aende marie doen om dat differente

882 3834 2272 176 vonnisse sijn dat een pack aengeslogen geen mogen uytgeschote

897 3928 2215 181 worden maer aennemen & datter in ten prijse verclaert

882 4023 2274 174 nisch hope dat ue met d'officieren dat met een gela wj

873 4124 2262 183 sult hebben afgemaeckt & die 2 pack gister avant tot gent

896 4214 2282 166 sijn gecomen ale mede N12813 versoecke allee uy des

3387 162 2438 165 te doen als voor  tot het amisteren met d'offisrere &

3398 208 2446 224 depesche want ick dan te veel ben verlegen sulckx waght

3389 338 2254 198 advis van wat passeert & sonder sont myne packe

5425 479 307 166 Ibuls

3299 461 802 250 gent herrebout

3391 497 2407 252 dae van gisteren, ontfangen als mede de 2 packen NN1 4 & 16

3369 643 2458 186 waer voore considereert de groote moeyte die ue seght genomen

3375 765 2398 151 te hebben ben tevreden ue mij voor die twee met debbel provisie

3400 868 2407 151 belost daerentusschen moet N12 & 13 te weegen comen & alle

3344 990 2460 168 dandere te schepe ten waere als ue heb geschreven datter een

3371 1027 2463 186 schip heden vertrock & N18 & 15 daer conde mede comen

3377 1141 2466 177 om maen dagh hier te wesen dagh soo deselve ander soo moet

3375 1242 2384 197 N 12 & 13 als boven te waegen comen & alle de reste

3366 1338 1768 212 te schep advisieert wat passeert blijve

5434 1473 231 157 1d

3303 1456 844 272 Gent Jan bellemans

3368 1545 2403 240 tsedort dat ick laest ue hebbe tgesproken hebbe verwaght van ul

3364 1717 2447 165 te verstaen dat  heer van weldene onse betalingen aen ue soude hebbe

3357 1783 2434 181 geordonneert te doen t'welck tot mijne verwonderinge noch niet

3317 1927 2518 142 vernomen, derhalven bidde de moeyte gelieft te nemen, op ontfanck deser

3358 1972 2378 183 denselven te gaen spreken & te sien wat daer inne tedoen is, oft dat

3363 2079 2422 187 de betalinge binnen antwerpen sal geschieden, ofte op wat middel

3367 2166 2413 220 dat ue mij aen gelt sal connen helpen waghtende iue antwoort oem

3318 2272 1176 220 mij daer naer te reguleren bly

5409 2363 366 196 2 JJuny

3292 2403 780 188 brussel Bauvale

3342 2457 2450 243 door ordre van Mons Philippe Lurond van namen heb

3359 2591 2456 223 ick heden p beurtschip ue toegesonden een swert hollan

3345 2725 2466 196 te drap de dam laecken uytterlyck welgeconditioneert tussche

3353 2829 2418 204 berder, gepackt in eene matte ende gemerck V sijn ordre

3356 2928 2400 217 gelieft daermede te volgens & mij adviserenden ontfanck, & iedts

3335 3042 1955 192 tot ue dnst voorvallende commandeert die blijv

3287 3188 1194 164 brussel anthony Rousseau

3364 3232 2355 204 i'ay les cheres vres de 28 passe & 2 court avec la derniere remise

3358 3401 2476 181 de ƒ 476:13:t de banco sur david se chaux de rott pour le quelle

4461 3491 265 71 negotiere

3363 3488 2414 179 le p rocurerez le necaissaire, et procurerez le necaiffaire comme pour

3373 3607 2407 165 moy mesme & vous aurez advis du suivie, ie suis marj que le sde

3369 3747 2360 132 hais ne paye pas & encor plus pour si vallyn a le quelle i'ay

3361 3790 2379 203 escrit passez, et s'il ne faive m'en il me seura m'al augure ie

3358 3911 795 171 vous salue & suis
