7837 4541
2325 185 778 139 26 A5 august 1694

699 183 586 166 londen Kent

875 219 2403 222 on the 19 curt remitted you £350- which I hospe reaced your handes

878 351 2350 144 before now, & that the sp clothes there by mentioned shall be readdy

2295 424 249 77 souffned

869 452 2392 168 for the first convoij for ostend, I have of late, severall complaint

878 526 2364 148 & abbatements for short measure & severall clothes burned in the

886 609 2325 188 press principally grayes & light cullours so pray lett good care be

892 707 2337 160 taken to a voide such, I have seen a parcell of devoushire white

872 816 2370 124 baeye red lists with which ny you have send to m. gansacher

899 918 2337 170 pray advise mee if you have bought them by the p of by the yard

3033 988 223 98 ardoth

890 992 2383 171 & the prise for that short pleases mee, if the prise thoush incorrids

885 1111 2379 141 shall widtt for some parcell which is the needfull att precent

880 1185 2386 124 have advise from ostend that their convoy is winde bound for lon=

678 1271 2564 143 londen don so rett my goods readdj for what can not come there with

910 1329 2319 123 iest be left behinde intending no more goods to be bought when

922 1394 2205 154 Richard Southell that shall be gon a governo i6 25d

723 1518 2514 162 I is. this longe sence I writt to you my last letter & though I often

1224 1597 161 68 hop

895 1588 2351 148 thinck out oto finde out how out to mentaine our old friend

886 1654 2381 187 ship, yett I come shont in my exspectations the more because that

889 1715 2368 245 duringe this warr I have butt vere little trade, in so much itt tee

875 1850 2398 166 not worth in the least to trouble two friends butt if peace will

2545 1916 345 80 Deteeme

876 1940 2354 192 come you should certaineley be sensible of the me I have or

870 2032 2400 205 you, & to cho I shew you my inclination will favour you with

871 2112 2390 195 an hasard, I have gott by buyinge 129 tijkes of a necessitated

875 2222 2335 188 man, which are by 8 p cheaper than ever was bought in this

873 2301 2397 157 counvoye & are ships aboard Christiaen de lange now att brudes, acco

888 2417 2358 168 dingley tot he inclosed invoyce, which if you please to accept of

851 2539 2351 180 your accompt shall send you the bill of loadinge & for my

2708 2622 104 74 a 46

860 2614 2370 164 rembourement you plase to order in the nord 30 white kersies

872 2701 2376 169 30 yeards of the best short broad & white of 42 a 43 ps &

857 2814 2427 177 that pack oo contant 10 white bayes of 46„ 47 a 48 a weight

870 2910 2399 174 10 of 32 & 10 of 30 & to be bhi these 2 packes to be shipped

888 3008 2357 153 att huell for Amst or Rott by the first convoyes whilst you

852 3079 2409 211 may be sure that the tykes be all the best that the markett

865 3199 2407 169 can fford & paid for them every penny readdy downe beaaus

846 3294 2438 169 never could finde them att that trade, neither anney ex

847 3390 2430 174 to hend  of that prise, I exspect pour answer here unt

865 3481 2008 164 p first to take my incasures accordingley & rese

2744 3612 290 131 27 d

676 3600 985 183 brugge Raphael Coots

864 3678 2338 209 hebbe verscheyde brieven ontfangen voor d'ancost rekeninge

861 3804 2399 181 gecrediteert & ue brato van £30 betaelt blyvende ue wijders danck

822 3909 2429 115 baer voorde genomene moeyte in t be sorgen van acceptatie van

851 3994 2328 119 de 3 wisselbrieven & a avis van de arrivement vande schepe

851 4078 2393 127 van tops ham by tewelcke alleen 1p assuvantie was geintresseert

850 4151 2418 127 ons convoj naer londen leyt tot ostende claen, dogh ue seght

843 4255 2262 107 den convoyer & derhalven versoecke teweten ofte neert

3392 90 2561 211 eaen an dy   3 mss 3 „vise elber celsen

3401 224 2434 146 als mede ofte den gelse & hollantsche oorloghschepen noch voor

3378 318 2409 137 duynkercken Cruyssen om myne mesures volgens te nemen in

3376 372 2502 171 te laeten assuren soo in gaen als comen waer op ceito antwoort

3303 488 864 199 verwaghte & blyve

5377 532 238 157 27

3300 516 1263 261 ortrrck de weduwe Causse

3364 629 2460 231 ben van opinie dat ue nu ofte in cort seer considerable debit

3396 737 2483 236 sal hebben & alsoo ick voorsien van groote quantiteyt hollenstse

3386 853 2350 235 & inlant ze lakens soo blouwe swerte als carmosyne beneffens

3385 956 2462 235 groote partije engelse goederen daer onder een pack met 34 st

3410 1047 2413 245 gemen geldeengeste frisetten van alderhande colleuren te weten

3412 1155 2434 196 witte & andere grijse peirle colleuren bleecke & bruyne caffeen

3407 1258 2478 215 waer mede ick gelove ue seer wel sal connen gedient syn & alhoe

3410 1366 2467 196 wel het van fijnste sort soo sal die ue goedenoop overlaete

3426 1450 2417 237 ofte wat andere goederen dat ue soude mogen noodigh hebben

3425 1535 2414 215 sal het mij seer aengenaem sijn ue becomen dinst doen over

3392 1659 2368 190 sulckx bidie soo iedt noodigh hebt mij te willen commandere

3400 1780 1127 183 die naer groetenisse blijve

5423 1787 300 181 28d

3315 1894 885 193 brussel henry de smet

3398 1926 2327 224 volgens den ue van 15 deser hebbe ick u beurtschip ue

3418 2055 2267 236 toegesonden een pack V5 daer in 6 witte kerseyen

3408 2160 2417 190 evefrisetten & eenen baey & hebbe 2 witte kersyen aen carss

3428 2259 2407 235 gelevert tot blouw syn samen 8 stucken volgens medegaende

3387 2378 2475 179 facture ick houde present geen meerder kersyen derven omdat

3407 2478 2448 197 ick maer een pack hebbe dan met het eerste convoij verwaghte

3403 2598 2497 154 ch andere wegens den prijs vande frisetten ue heeft van my geene

3270 2685 2629 216 gehadt als 14 meirt 1693 tot 37 st delle wisselgels voorders

3418 2819 2449 158 sende ick u ingesloten ue reken court volgens welck slot my goet

3417 2922 2470 160 comt £733:13:3 en wisselgel verhope dat met het aen

3404 2997 2416 173 staende winter saysoen de neringe beteren sal & dienvolgens de cas

3404 3101 2423 155 largo voorsien want anders alle bwek maenden maer £50 te

3268 3207 2537 219 betaelen soude den tyt het profijt benemen al wat ue gelieft te

3430 3331 2404 166 commanderen sal tot ue dinst wesen ingevalle ue geliet binnen tiaer

3413 3400 2496 156 naer de leveringe te betalen over welcke prepositie ue niet moet misnoeght

3391 3496 2407 187 =sijn want door de Cladderjen s de negotie soo leegh gebroght

3433 3614 2429 151 datter niet meer aen te winnen is & dat men beter vaeren sonde syn

3422 3710 2458 207 gelt tot 3 pc op intrest als nu negotierende langer als een iaer te

3365 3845 2525 124 moeten borgen & ick vercoope liever niet als dat ick mijn aende neene

3428 3951 2457 143 myn goet dierder soude moeten vercoopn al aenden anderen a

3422 4032 878 156 naer groetenisse blijv
