7385 4493
2650 175 434 141 14 augu

457 171 1531 179 Londen Beniamin gyles 8 Alsop

604 285 2377 186 M. in answer to yous of 22 past, inclosed send you invoyce of the 2

637 358 2416 211 packes tijkes N.182 amonthingh ƒ 1653 „ 3 £ 235 „10 „ 6 en ex

637 496 2456 140 monney, for which vallew please to give mee credit, & remitt accordingley

647 605 2446 141 to your promise, inclosed also bills of loadinge for them, the ship is att

989 692 287 100 promise

654 658 2415 220 bridger & to depard with the first convoy, butt I doubt il thee shall

641 768 2448 192 reach itt, who ever, they promise convoje every month, these 2 packes

653 862 2402 218 where shipped for my accompt so have saved severall charges, which I

654 980 2396 180 could not do, when I should have anney order to buy before hande, so

649 1080 2410 232 you have in theser packes all advantage that I can of bee afforded on

661 1176 2360 203 that commoditie,  the tykes in Ncs have are foulded as ordinarie,

658 1281 2407 197 butt most part in N.2 heve foulded  broat, so as they come from

669 1375 2434 190 the lumm, & please to advise mee, which way to bee the hest toy foldinge

2438 1455 670 105 n bratin

667 1487 2360 215 papers & cost a stiver p pux which, & as much for the tol if you finde

661 1571 2419 183 en couragement advise mee, I shall for the fature supley you b you for

1164 1698 631 90 From time totfinus

667 1696 2458 198 our iomt accompt as also demand goods fr om you, butt for this time must

661 1815 2431 164 cleare first sall my estate, for the readons advised you in my last, so pray

668 1897 2452 166 send my the vallew here af as soone as possible, & you shall oblige whillt

658 2066 354 143 remaine

2685 2047 324 191 14 uuy

505 2111 1038 218 Londen John Kent & comp

674 2161 2368 283 sence my last of 7 cur recd yours of 22 & 26 past as to the goods

674 2294 2447 236 from the north yd cetters contradict  silf s did last yeare

678 2398 2416 242 & there by wat I a looser & now duapointed, butt in case

680 2553 2374 218 you will not rium the risico yo self of the 2 bales

681 2646 2386 208 of cloth, you shall carely findes occasionn to distiof

673 2758 2390 243 there of to an other, I have writt you enough about the

650 2852 2459 265 spanis cloathes to which lett be added one blew & one searlett cloth

676 2988 2440 186 of the vere dipes & best the dyed collour of about 12 a 13 ƒ yoart

672 3085 2366 196 butt they most come for ostend, beinge to make habits or cloathes

669 3191 2346 242 for gendelemen, fould them broad & pack them in a pack of cottons

686 3279 2437 258 of3 10 demie reds & 2 a 3 withes assorted from 23 to 25 pense a goad

661 3384 1634 242 inclosed remitt you 3 bills as here under I rest

2811 3442 300 157 14 auy

503 3509 1215 211 Rotter abraham de Bra

649 3574 2465 209 dese principaelijck voor covert vande ingeslotene naer engeleeert

651 3685 2399 246 de we ke prompte voortganck gelieft te geven, hebbe differente

651 3781 2469 226 goederen tot hul liggen, ende daer is een convoij schips geweest om

606 3878 2518 248 de schepen daer aftehaeln, doch den capiteyn wilde met hun naer

665 4000 2454 151 cott lant seylen, ende de geintereerde hebben sulck niet willen aen nem

669 4082 2393 176 maer een ander convoij afwachten, dat addroitura van hil soude

673 4195 2362 175 afcommen, oversulck verneme geirne waat apparentie dier s

3352 2751 2253 162 anney gray betwixt these & to the cullours from 6 s to 9 u 10 uass

4072 2851 391 149 ad also

3659 2939 808 133 Anney good clothes to the

3647 2919 1978 286 patternes from 8 to 10 pd & make up though 30 p with the

4551 3045 495 165 formar orders,
