7618 4514
797 201 2328 111 dat kan de negotie niet souden ick hebbe ue goeden coop mijn goet

788 259 2290 102 vercoght ende als ick meer dan een iaer moet boogen, dat moet ick

805 338 2331 119 verloesen, ende ick wete wel dat dat ue intentie niet en is daeren tulten

799 418 2334 131 alsoo mijn huysvrouwe doot is, soo moet ick alle anterieure schulden

805 473 2331 179 om het huider goet te vinden in voorderen, oversulckx bidde ue myn

778 575 2312 176 rest te betalen, bedraeght noch ontrent de vierhoudert gulde us

802 646 2308 157 wisselg, t'welck sonder faute afwaghte want mij ten uyttersten

797 740 2312 167 daer aen is gelegen die oude ick te sluyten, belieft ue een nieuwe

800 839 2281 189 te begunen ick sal altyt tot ue dinst wesen terwylen blyjv

2574 937 534 155 18: d eber

572 950 1184 216 leuven P'eeter van haert

800 993 2299 292 Ick hebbe ue brief van 12 gber laest ontf, & dat is nu weder

765 1136 2357 189 6 weken geleden & evenwel ue niet vernomen, het sal haests iaere

809 1219 2285 214 worden, dat gij het laeste goet van mij hebt gehadt, u wilt gij

799 1315 2325 175 wid spreken dat gij het goet niet cont vercoopen, ick hebbe met

802 1428 2316 183 sulckx bagatellen niet te doen oock can ue mijn reetwel seynde

785 1548 2339 125 sonder daer om te moeten overcomen, & belieft het ue met goethey

806 1653 2299 92 in antwort deser niet te doen, soo nemt het niet qualijck dat

805 1706 2316 114 ick het ue niet recht doen & doen, dat gij op ue boeck vint heb soo

803 1803 2259 111 veel niet te wesen dat can bij comen om het z eeusgelt dat

808 1868 2266 158 gij voordesen voor wisselgelt hebt gesonden mijne rekeninge

765 1928 2250 165 wyet het ue aen, soo sal ick voldoeninge verwaghten van

815 2030 2191 174 vijstigh guldens achthier stuyvers wisselgelde tt & blijve

2565 2121 378 167 18d

595 2135 554 183 brussel segets

808 2215 2222 158 Inantwoort aen den u van e deser hope u goet

773 2351 2127 165 mithryesn il. Peever bergen seght hen naer brussel

799 2445 2145 153 dertuck ue sal spreken & dan huys cone e

751 2547 2378 209 brruseella ven hier accepte soo sal ick dae afwaght

798 2641 2106 208 off ned deletyt u ordere velt daerint dat

818 2731 2310 195 sij ue den brief niet protest eft sand vaerderkoghtt

2469 2829 343 146 182

598 2872 608 225 brussel Snde

777 2945 1825 237 hdm faue gesode van Sbaiys Ckerijen

2726 3105 281 187 15 d

610 3133 780 194 brussel de hulder

772 3208 2335 233 Ick hebbe ue brdeven van 10 & 15 deser ontf, ende het motick

720 3336 2311 213 van d'Hr. verdonck t'welck wel is, ine wete niet oft dit het

787 3431 2313 193 ordyinel of te copye is, even wel ick seynde het ue wederom sijnde

791 3539 2342 181 mijn versoeck dat gij het ordgel door d'h. verdonck onderteedkens

796 3623 2329 173 aenden h laedt deehamps selfs tot synen huysen in handen gelt

792 3708 2341 194 te leveren, met mijnoodrmoedigh & vrindelyck versoeck dat ep guiyte

785 3813 2350 171 saecke gelieve afte doen & alsoo ick geloove dat wy pr manus eorder

802 3907 2301 164 expeditie souden hebben soo weere het niet quaet dat ditto

813 4009 2321 189 h. rapportan geliefde sonder iemants voordere pennisse dat

774 4098 2298 218 p manus t'exxpedieren, alsoo ick hope dat ick voorde vasten

809 4218 2259 136 een eijnd asoude connen hebben te meer om de redene

3382 167 2427 146 voor desen ue geadviseert ick bidde ue, seyt wat vigilant hier inne

3366 238 2482 171 en doet wat meer als ordinair devor en in cas van brimphe salaen

3376 310 2424 183 ue oock particulierlijck danckbaer wesen, daerentossen, soo seynt my

3351 406 2495 177 de en sach met alle de copje stucken van torrees aen ue laest gelonden

3361 488 2446 202 terugge, beneffens de copijen van motieven & adviseert my wat passeert,

3376 577 1611 197 op dat ick de noodt sijnde overcomme blijve

5334 656 317 168 16 xber

3222 708 913 254 Brussel d'Hr: verdonck

3350 811 2449 200 Ick hebbe het motief door ue gemaeckt gesien, ende is mij seer aengenaet,

3346 920 2502 194 dat ue mjne saecke soo wel hebt gecosidereert, soo hebbe geordonneertaen

3369 1012 2417 185 monsr de hulder het vriginie door ue onderteeckent aen den heer raedt

3369 1139 2473 124 deschamps te behandigen, terwijlen van ue versoecke mij gelieft te laeten weten

3365 1234 2396 158 wat ick hier voor moet betalen, alsoo ick overcommende de weerde sal

3355 1302 2474 170 medebrengen, ofte tot brussel  aenstonts assigneren niet tegenstaende

3379 1406 2458 145 is mijn vrindeljck versoeck en faveur van mijne saecke gelieft te ageren

3354 1478 2455 192 bij d'heeren die inde camer van d'hr' de champs de selve moetenhooren,

3380 1553 2461 201 als wanneer ue de occasie daer toe favorabel sal oordeelen, sal ue moeyte

3376 1648 1285 185 ten dancke betaelen ter wij len blyve

5499 1742 358 159 19 xber

3210 1746 1255 254 Mechelen & il van Cauwenbergh

3354 1834 2483 214 aer dat ick gisteren van mons de preeter eenhoudert & thien guldens had

5427 1956 128 59 ne

3376 1932 2457 190 de ontfangen, hebbe ick eerst heden, ue brief van 15 deser ontlangen, t'is

3382 2033 2433 189 mij seer leet te verstaen ue indispositie, dogh godt lof dat het begint te

3373 2114 2463 177 beteren, ick hope ue nu soodanigh sal geerstelt worden, dat d'een dien

3382 2228 2359 202 groeden gast niet meer sal wedercommen, ende den heere ue noch veele

3390 2312 2418 169 ieeren in gesontheyt sal conserveren, wegens de pretentie die franssens

3361 2398 2400 203 maeckt van afslagh, pretendeerende met de betaelde  90 de 2 iaeren

3374 2504 2474 170 1691 & 1692 voldaen te hebben, can ofte mach niet gevonden worden, moet

3378 2591 2376 181 ick eende van t iaer 1691 missen patientie, maer van het naer 1692

3368 2676 2407 195 verstaen ick onder correctie niet telaeten vallen des tomeer alsoo myn

3375 2819 2482 141 knecht ende somer genooghsaem verschert is geworden dat s franssen & syn compag

3366 2872 2451 179 nion geene merkelijcke reden hebben hun te behdagen, in consideratie dat het geweat

3362 2961 2458 208 gennevaelijck slecht is, dogh daer tegens sijn de vruchten te dierder, & heeft het over

3323 3048 2510 163 geloopen waeter aen hun het hoeyen niet benomen, soo dat s dranssen seer

3340 3133 2508 166 conredelyck met mij soude handelen van soo schoone partije lants maer 90, t' siae

3359 3222 2385 153 te moeten betaelen, & dan no daer aen noch te willen corten, dat wil ick

3376 3300 2455 170 absolutelijck niet toestaen dien volgens versoecke hem tot reden te brengen, ende

3361 3383 2475 177 to praemen tot het opleggen van noch  15:- van t iaer 1691 & de rest van

3353 3491 2472 161 dit iaer hem bij occasie den ingeleyden laetende ter handt comen, soo ue den

3350 3554 2468 164 inhoudt approbeert, want alhoewel ick dit schrijve, soo laete het bestier aen

3351 3662 2474 149 ue, ende sal mij tevreden houden, met t' gene ue hiernnie hult doen, t'sij voor

4244 3728 954 82 do van S Walschaert hebbe ick

5222 3741 385 122 4cannoteert

3366 3777 2029 163 3 afslagh oft andersmts toot wenschende ue alles goedt blijve

5658 3779 110 109 d

5578 3825 121 148 d

3294 3882 739 183 ransen de

3333 3929 2507 235 den heere cauwenbergh heeft mij gesonden 90 voor ue reken ende t advise

3365 4046 2464 148 rende dat ue pretondeert daermede te voldoen de 2 iaeren packt van 1690 &

3340 4121 2500 179 1692, t'welck mij seer vremt voor comt, t'is waer mijn h cauwenbergh heeft

3329 4217 2348 132 denvegsaem daer over tot ue voordeelges ende om sijne veele redenen
