7851 4541
897 213 2244 113 wit kersey welcke s paense lakens maer heel gemeyn goet is

910 254 2112 163 behoudelyck 2 costendoor mal canderen st£139:

893 377 2305 130 deselve sult verclaeren & p waegen aedroiture herwaerts

880 450 2309 121 seynden soo lieven dobbeleir daer is met pas port & dat

850 521 2390 143 daer door niet tardeert anders laet het p bargie opgent

846 622 2300 156 herrewaerts voosts gaen met ordre van daer p waegens uy

885 688 2362 177 toe beseynden idandere 2 & eerste occasie te schepe ingeslot

888 795 2287 152 daer toe denoodige certificatien, mi daer maer 3 schepe

856 904 2343 187 gearriveert sijn sal ue het voors pack N44 sp bedige

881 973 2296 183 connen voorts seynden adviserende mij wat palleert blijve

2797 1079 341 173 3 July

705 1117 657 216 Gend herrebout

869 1148 2381 248 van brugge sal ue toegesonden worden een pack K N 445 welck

861 1309 2405 141 ontfangende sonder tyt verlies t waegen mij moet treseynde

870 1406 2366 139 de andere te schepe daer toecoomgesloten mijnen tholbrief

884 1484 1782 197 adviseert wat paseert terwijlen blyve

2796 1580 252 152 31d

666 1608 834 232 Brussel Rousseau

874 1693 2360 231 En responce a les cheres vres du 29 & 30 cour ie payenz

882 1831 2365 214 promptement les traittes y mentione, vous avez credit pour

839 1941 2383 175 vre lettre de 1 £ 200:- sur le chevalier furnere a 32 4

811 2062 303 137 apresent

879 2069 2377 161 mars ie voudrois bien avoir negotie avec un autre, le chennys

891 2151 2265 145 venant a 32   10 dele, raison pourquoy ie n'ay pas

873 2255 2318 134 besoing d'avantage sur ce quatier la, cependant il medire

2840 2315 262 199 31d

697 2371 757 178 brussel vallyn

877 2447 2276 208 In antwoort aende ue van 26 deser & tgeve N nicolae

825 2585 2349 195 wounters mij heeft geseght bidde ick ue dat ue gelieve niet

865 2651 2357 165 langer niet woorden maer niet gelt de noodige sctisfactie

876 2738 2310 226 te doen waer tot hu dan gaen voorder uytstel hebt te

856 2862 2334 195 maecken midts ue goederen vercoght sijn, ue procesten te

863 2986 2372 161 ieder geleyt, ten minden dat gereet hebt tgene ue my schul

870 3055 2330 202 =dieh i & daer door ue goet intreckende by provisie weder iedts

862 3158 2400 187 by de werck soude wesen ven den winckel te openen als wanneer

868 3250 2387 209 ick al doen sal wat mogelyck is om ue te helpen onderstegne

869 3354 2261 221 dogh dat credit can van mij niet alleen bestaen, ue

864 3416 2385 198 verscherende soo het op mij aen compt dat ick niet vande

868 3568 2257 169 laeste sal wesen die ue correspondiutie sal trckten te

893 3596 2333 240 onderhouden derhalven sien ick de soo lange beloft

876 3757 1874 153 satis facte sonder uytstel te gemoet & blyve

884 3875 2362 187 heeft ue de geheele partije niet geriet geestan

893 3929 2362 190 Mons Rousseaueenigh gelt ly provisie sal al

883 4099 347 155 Cort

5889 179 79 143 1

5157 184 657 147 2 augusti 1694

3321 177 859 160 Londen gyles & alop

3448 318 2299 82 the warr & ruines of these countries are cause that wee have no

3439 357 2474 148 trade, & bringes manney man to want of monney & under selling

3419 448 2471 194 ige of their goods: I continue now & then to buyltykes in commistion

3409 546 2475 193 yett never bought them ast the rate of the melored invoyce, which I had

3433 632 2387 161 from a man that was much necessitated for monney & by 10 stivers

4672 726 103 65 oyn

3417 764 2272 146 ap cheaper then possibely they have to be had from thes

5491 750 249 130 wise

3447 774 2407 212 conntreyer, where with I present: by these to gratifie you, if you

3437 907 2361 208 plase to accept there of shall further contend my self with a

3436 976 2466 204 remise a 2 usance & send you, the bill of ladinge upon your order

3430 1104 2394 164 desireinge you please to give mee your answer p vere first for

3426 1186 2405 185 the bessel is departed for bridges easterdey to set over by the

3419 1288 2422 211 first convoy, I could wish some profitable opportunities would

3406 1408 2129 228 present to renew our ble correspondence whilst I am

5389 1583 75 92 2

3355 1551 985 213 oft Abraham de Bra

3415 1652 2416 189 den ue van 29 pasto ontfangen met d'oncost rekeninge waer

3409 1737 2487 228 voore ue ie gecrediteert  dogh ue en minageert niet de vragt

3431 1835 2481 199 gelden van de packen, want een laken van londen betaelt maer

3413 1927 2448 230 1511 vraght N 34 heeft maer gehadt 8 lakens N 36:12

3408 2025 2461 269 & N37 oock 12 ferd cluren worden noyt gerekent soo dat daer

3436 2122 2364 210 in merckelijck ben gepredidiceert versoeckende tselve naer tesien

3428 2244 2420 188 verlange wijders een advestement te hebben van het verdroncke

3405 2366 2507 178 goet, waerin ue syn rembours sal vinden, het pack N25 moet

3420 2450 2522 172 seherlyck tot hul syn gebbeven tewylen het costy niet is gevone

3418 2556 2503 162 den schrijve daer over heden versoecke d'ingeslotene voort

3444 2687 1313 170 guuck te geven terwijlen blyv

3314 2772 1234 198 Londen Wall & Will Kent nr

5519 2819 76 113 2

3413 2821 2492 241 sence my last of 26 ult recd yours of 13d with bills of loadinge

3399 2969 2470 166 of 3 packes & invoyces & 7 all which is well. & god bethanked they

3423 3054 2491 156 be arrived, butt I wonder the darck grayes or non of them isthere

3452 3147 2440 150 by neither the silver gray of 13 a 14 p which yett must

3391 3248 2453 196 be bought, butt pray lett mee have liveley ones & clote

3419 3348 2426 163 mixt as much upon the blew as can be had besides to the order

3419 3449 2433 159 of 20 may of which inclosed cope there is 3 p wanting

3431 3549 2474 135 so which what I writt 22 & 26 past you may prepare att the

3441 3645 2381 174 best opportunitie a pack of sp clothes though 14 a 16 p

3420 3726 2378 169 in all & lett them be readdy for the first convoy for ostend

3418 3889 2471 122 with the red clothes & send in answer here of patt of the newest

3415 3943 2470 128 cullours as writt before & if not alreaddy send to order according

3430 4057 2349 121 =ley for winter & lett the fine chestaut & draps there

3433 4083 2475 177 buy als o no more frises I wonder N73 is left att hull

3438 4225 2343 125 where N 74 „ 75 & 76 have been shipt I could with
