7960 4528
973 82 2240 237 he es

971 248 2241 155 mede dat voor Rott bij het welck al myn goet daer geladen is

953 342 2110 152 uytgenomen een pack 153 gelaeden naer cortij in

973 423 2290 174 tschipe van robert lumley volgens het medegaende cogno=

973 498 2170 163 =ssement inhoudende 5 lakens & 2 baeijen aen te geven &

956 598 2217 172 te verclaeren, voor 17½ gemengelde dozijntiens van a 28

976 713 2130 199 & 2 witte baeyen van a 65 tsamen weert ƒ 6001-

972 770 2241 237 godt wilt hun behouden reys geven, twelck geirne sal

949 882 2182 203 vernemen als mede tot wat prys costij geteeckent wort

2461 982 66 60 p

965 970 2262 206 op de Capitana & admirante van vera Cruz naer Cadiz

955 1082 2152 187 alsoo dat hier al wat hoogh begint te loopen & a

975 1212 2077 187 14f & hooger besteedt wort, omdat men eenige achterdocht

957 1307 2241 197 heeft dat de franse vloot onder tonnville daer wel mochte

958 1440 2258 166 gopassen, hebbe daer by geen ander intrest dan dat ick daer

968 1534 2191 197 op wel soulde wat willen teeckenen, eghter alvoore

959 1655 2241 146 van ue geirne ue ppinie hadde & wat costy deswegens

956 1748 2203 178 wort gedaen, d'ingeslotene gelieft voorts ganck te geve

949 1851 1429 199 terwijlen naer groetenisse blijve

2857 1957 338 172 28 Obi

826 1983 1014 265 Rott Abrah de bra

900 2060 2237 197 t sedert den ue van 13 deser met verlangen verwaght te

955 2226 2295 132 verstaen het arrivement van de hulsche schepen welkens

953 2317 2212 136 retardement my achterdencken geeft, des te meer omdat de

967 2392 2175 143 hulsche schepen naer amst gedestineert van voorleden

947 2515 2126 128 vrijdagh binnen sijn, ende die van costij tot hul geteyt

936 2634 2160 117 hadden tsamen te vertrecken godt wiltse bewaeren

973 2721 2190 150 bevinde noch gelaeden te syn aen boort van Jaques de

950 2784 2222 176 wit volgens het medegaende cognossement een pack in

945 2856 2262 219 houdende 5 lakens 2 baeyen te verclaeren voor 17 ½

950 2984 2179 226 dozyn lakens van a18 & 2 witte bayen van a 65

945 3090 2294 207 tsamen weirdigh ƒ 600:- bidde morgen my te antwoorde

930 3233 2289 157 wat gepasseert is & wat ue wegens voors convoy sal

948 3353 2288 162 hebben vernomen, tsij gearriveert, ofte niet bly

2660 3472 417 199 29 ob

790 3456 927 198 brussel de hulder

962 3563 2224 185 ontf ue brief van 27 deser gelijck ick ue voordesen hebb

930 3720 2196 167 geschreven dat ick ue devoiren ten dancke soude voldoen

948 3806 2172 160 soo docht my dat de ƒ 48:- by mons Rousseau te ontfang

942 3916 2253 135 het effect van myne gelofte sijn, te meer omdat de geheel

926 4003 2122 161 rekeninge daer in bestaet ick ben niet indaghtigh ue een

921 4098 2268 199 paer hantschoonen in t' partu beloft te hebbe dan wel

942 4168 2221 164 as van triomphe & liever dan ul daer over eenigh

3495 209 2389 77 misnoegen te geven, tgeire wel dat d heer rousseau 1

3492 285 2215 116 ue voor dis sal contenteren, omde papieren uyt de

3503 330 2376 206 griffie te licten onder mijne quittentie vinde tselve niet

3493 439 741 202 geraessae vinden

5288 472 446 177 29 obgn

3453 535 770 220 russel Rousseau

3597 627 2293 222 Jay la chereln d hier avec la lettre de  £158:235:5

3581 788 2283 156 sur Philippe eanlors de BBuges pour la quilli ie

3537 890 2341 173 proecurewe en deessaire is lanten p & iveus seret credit

3505 977 2339 201 les fraises sur le raquett achesiue a mons Wlgh sont54

3479 1099 2386 134 patt. argent de chalge ayant pay e la visture uesqn a bruges

3455 1206 2416 115 & la provision grat is. a S. sud sons oft pas en corservivee i

3472 1284 2419 160 ceffeere quil ae a eschopeen  es. de hulderma

3457 1378 2398 179 yeut qu' il je ontentera avec a ƒ48: mas qu'il avoir

3470 1475 2367 169 attend davantoge, iay ley respondu, & ieu qu'il

3460 1591 2401 154 fere contentre ensut, si vee vous au dosverz

3426 1688 2413 182 sum 1 risgn a ƒ59, en cas qu'il ws fort prs contente

3415 1797 2462 149 a ƒ 48:ƒ £51 menagint con en niet andrete

5142 1902 471 162 C 29d

3360 1901 502 179 Luen m. Esfinck

3418 2039 2447 161 Ichab ul brief van 9 deser ontf t is mij leet van up incomoditeijn, hebbe get antw. gedeleyvent

3422 2190 2452 94 of cope, dat ul  sorstelt sal sijn, der gelens seynde ingesloten mijne prov, om br vanden aert

3426 2262 2437 125 p graemen, minnelijck, oft, met die rejsten, tot voldoeninge van de £8.9.4 en wisselgelde

3404 2323 2428 139 sgellinckx tot 6 st, die sij my sesulige is, volgens de reeg ul gesonden, ick dencke dat sij

3424 2435 2441 146 geen op positie sal doen, maer op ul pmaeninge, met dreygenndrt van bloggt, sal voldoen, biddende

3421 2565 2462 131 daer in te renayeeren wat mogelijck is, egster, in cas van sijn resues, sone weteelijck te van dne

3423 2613 1549 157 mij adviseerende, wat passeert, sal ul roblijeeren, die blijve

3351 2698 886 208 tilborgh wouter segers

5463 2722 326 206 3 gber

3437 2796 2440 238 Ick hebbe ue verscheyde brieven ontfangen oock de 3 laest gesondene

3423 2911 2416 228 lakens, ende sal de andere 2 die noch tot leyden syn verwaghten, nu ick

3420 3060 2460 216 can daer niet van oordeelen, voor dat ick de prijsen hebbe, daeromme soo seyne

3396 3112 2419 246 mij dese weecke de rekeninge van die 5 stucken te saemen op het alderminste

3389 3248 2503 267 want gij moet rekeninge maecken, dat die lenghde van leyden ue soo voordeeligh

3407 3366 2464 214 is & dat ick aen ieder stuck op antwerpse maete a 1½ moete verliesen daerom

3408 3443 2440 232 soo moet gij mij goeden coop dienen, te meer omdat ick dat contant aen ue ordre

3412 3567 2406 222 sal betalen & naer ick bevallen hebbe, & ue goet goeden coop vindemerder

3372 3655 619 149 ordonneren blyve

3334 3705 1003 229 leyden hend hermantse

3395 3851 2467 250 Ick hebbe ue brieven van 13 & 20 paso ontfangen, oock de  laest

3398 3960 2448 213 gesondene lakens, maer de selve syn niet geperst, sy hebben noch glans

3361 4068 2496 197 oft blinck, noch styste noch niet, iae een laken wel bereyt & wel achter

3388 4158 2441 197 geschoten, behoorde veel meer luyster te hebben als dese & wij connen

3369 4245 2337 153 het goet sonder luyster niet vercoop, de goederen die mauritius
