7782 4521
832 197 2310 157 soo haes t' voor p convoij comt t' arriveren, t den ingeslote

816 264 946 165 sjn voortganck begeven

2666 317 479 173 23 feb 169

631 375 1080 267 Londen Jan Kent & comp

832 432 2299 290 sence my last of 19 curs recd. yours of 30. 27 & 32 post

833 549 2303 263 god send the goods from the nord well to arrive, hopeing

813 617 2246 245 mij 5 packes there will come in time for this convoj for

814 715 2304 279 Rottm the 5 p clothes are to law price, I must have fen

845 795 2262 277 of non under 5 p rouw, with pray observe for the futture

834 917 2314 206 & lett the 3 packs you ordered 19 curs bee 6 p of 5 ƒ clothes

842 1010 2325 250 6 of 4 p without single do zins assorted as I ordered 12 Jan

822 1121 2304 245 in patt, & 19 curs that is 3 grayes & one white gray & 2

834 1252 2286 210 draps 5ƒ clothes 4 grayes on the white grayes, &on darck

820 1334 2309 250 drap, or the like browne modecollour 4 p cloth you say

856 1449 2195 211 brayes & kersyes will resen, there by yoit ordered you to

851 1517 2229 253 buy 100 p there under 30 a 40 tof sta Henry wood

863 1587 2249 279 or a1 the rest of the best standfield, or the like or such

847 1773 2293 197 as are best peunj worth, & now upon yd opinion of riseng

855 1847 2254 224 soo desire you to buy 150 p that is 50 more then ordered

855 1969 2202 216 last & one pack of whitte baeys more of 12 p. 60 ƒ or

865 2038 2261 223 there about he avie goods 12 ditto or 33 a 54 st & the

839 2189 2288 184 rest of the pack of labout 40  all to be sent to hull

856 2249 2269 211 to be shipped for Amstm or Rott the first convoy

861 2375 2272 195 that shall come butt which before no ship too goods bill

846 2452 2341 223 till convoy are there & when I have the patt of the ordered

848 2559 2296 195 clothes from thence & that you advise mee to be time

867 2652 2283 214 to buy cloth best salall send more instruction a governo

860 2758 2225 169 as for good from london I must blame you & am vere

860 2821 2313 249 angrej you should omitt shipping as I order, if you have excut

865 2912 2240 232 to have neglected last convoy for Rottm you have non to

862 3000 2287 235 excuse the negleett for Amst, which convoj arrived last week

847 3111 2313 212 examin my orders beeng alwayes to ship for anney of them places

846 3221 2344 209 when you have to send mee spe clothes & there in you have been

856 3318 2254 178 backwad then 3 yeare, & though you had spa clothes to ship

858 3413 2270 222 yett neare sended anney for & Amst & such thinghs are a

854 3524 2292 217 great preiudice to mee & I can not so fowards by haveing

851 3630 2326 167 all my spa clothes in one convoy, & thebe by forved bo gett

850 3698 2357 194 en sured where by each convoy ventured sometthing I can

862 3785 2269 231 have my goods with case & often something: & this I

861 3886 2316 210 write you, & writt you all allong, & yett you go your way

845 3997 2347 194 which if you will continue must oblige mee to beke othen

842 4087 2347 186 meahites, I have p your bill of M£ 200 & inclises

895 4191 2296 152 bills: boath, for ste £300 on fintzel & harris on prs

849 4276 2342 112 the neodfull & pas to my acct N.2 in the pack N.2 is

836 4363 217 74 to red

5308 169 538 141 23 jeb 1697

3218 185 1259 224 Brugge Seger vander Borght

3327 211 2443 254 geloove ue heden sult hebben ontfangen in t pack van mijn

3322 303 2374 217 heer Roosendael het wit grijs laecken aen ue vercoght N169

4181 411 1592 180 a 38 . aƒ 3:16 hooghgelt ƒ 144:8

3389 464 571 164 geirden .. 28½

3365 508 2467 201 nu siet ue dat ick het selve minder stelle, dan oote ue het oock had bedonge

3376 602 2452 167 al hebbe ick het ongeluck gehadt van niet thuys te sijn, ende dien volgv

3354 690 2432 213 aen ue niet vercoght te hebben, soo verhope in toecommende wat betertn

3359 810 2062 179 recommanderende mij selven in ue goede genegentheyt blijvee

5253 907 390 180 23 feb

3217 897 1027 261 brussel guill Walravens

3333 1014 2496 238 Ick hebbe ue met mijnen laesten een stael van een carmosyn laecken gesonden

3360 1137 2400 179 & t'sedert hebbe ick saturdagh noch 2 stucken hollantse ontfangen

3372 1223 2442 213 volgens de medegaende staelen & prijsen, can ick ue met de selve, ofte een daer

3347 1322 1476 188 van dienen, gelieft te commanderen die blijve

3706 1419 1957 165 N 67.. a 41 wis a ƒ 6 oste in hooghgelt ƒ 6:10 st

5205 1497 385 144 „6:18

3756 1481 986 182 „64„ 46 .„ 6„6

5376 1596 280 226 28d.

3224 1616 1257 219 Brussel Peeter Vallijn Jancor

3345 1750 2468 184 volgens den ue van 7 deser en twijfele niet ofte ue broullie in t'nieuw

3383 1905 2412 132 huys is gedaen & dat gij syt in volcomen staet van winckel met een debit

3368 1929 2492 193 tot contentement, als mede dat ue de gelegentheyt sal permitteren van

3349 2052 2496 170 Monsr rousseau eenigh gelt begeven, terwijlen dat ick ue hier ingesloten

3353 2147 2474 185 sejnde de staelen van 2 carmosyne lakens die dese weke sekerlyck sullen

3347 2225 2490 208 hier wesen ue daermede, ofte met iedt anders connende dienen, gelieft

3348 2313 1046 187 becommanderen die blijv

3653 2385 2071 228 de prijsen staen genotteert als hier boven aen walravens

5433 2538 329 177 23 feb

3255 2505 987 240 dermonde Joris Bleegh

3343 2691 2496 179 Ick hebbe in langen d'eere niet gehadt ue te vernemen, ick hope, dat

3268 2756 2596 227 ick ue niet hebbe geoffenseert, want ue noyt 6 maenden gelyck nu hebb

3355 2844 2480 198 achter gebleven daerentusschen hope ick dat gij met den vasten al eenigh goet

3363 2947 2428 158 sult noodigh hebben, ue biddende dat gij mij wilt comen besoecken &

3357 3027 2464 179 den ouden knecht om den nieuwen ooch niet en wiltrlaeten, gebruycke

3359 3164 2441 123 de vrijscheyt hier beneffens ue eene quittantie te seynden van vijstigh

3375 3224 2365 189 guldens, tot las te destadt dermonde, gelijck ue voor mij voor desen

3363 3319 2448 190 noch wel hebt besorght, hope dit oock sult effectueren, & ue over

3362 3416 2458 206 commende mij sult comen besoecken, waer naer verlange t blijv

5444 3554 316 146 26 feb

3307 3509 1147 200 bremen oenraert mchue

3632 3644 335 87 de laeste

3350 3614 2474 179 om dat de pijclakens geen goede rekening hebben gegeven, soo hebbe

4537 3742 188 75 berge

3351 3758 2478 160 ick den incoop derselve voorlange iaeren achter gelaeten, daer

3370 3829 2430 189 entusschen op hope van beter succes, soo dencke dit iaer weder

3364 3948 2436 162 wat de doenn in coopen, waer toe ue bij desen versoecke mij gelieft te

3364 4046 2480 151 informeren choe de marhten present sijn, & wanneer ue dunt

3767 4169 97 72 oen

3362 4172 2486 157 den incoop beste geraeden te doen, den coms van wissel noteerende

3336 4257 1907 108 mede prijs van droog oostersen wan blijve
