7892 4555
3438 101 2426 209 vegees mijne masie en hen gdeenen lenden

3460 271 2119 120 van Mons rousseau sal mij te aangenamer syn

3455 323 2445 178 & oock eene spoore wesen om voor hem geen uytvlught

3451 402 2270 171 te maecken ue antwoort sien te gemoet van wat

3467 492 2393 232 passeren sal om mij volgens te reguleren die b

3445 655 326 164 blijve

3460 661 2360 198 nota daer moet wat meer gelevert worden als mijne pretense

3461 766 2380 171 rekeninge is want soo ick dat moete vercoopen sal schaede

3424 831 2298 234 vallen, hout dese saecke secreet op dat een ander my

3457 909 2412 275 geene preiuditie doet & soo ue periculo in maurooordeelt

3415 1053 2393 181 adviseert cito sal overcomen als mede ue opinie over dese

3446 1178 427 161 saecke.

5347 1238 387 173 24 mey

3338 1284 588 255 Rottm de bra

3395 1352 2432 248 In antwoort aenden ue van 21 deser bij de saterdaghse amst

3454 1478 2328 235 gaset verstaen ick dat eenige transport schepen met

3449 1568 2412 230 6 oorloghschepen de maese binnen syn & wort daerby

3436 1649 2386 283 geer & hendrickx genomineert schoon ue seght al ofte

3434 1780 2373 258 hij noch niet waer aencomen, soo hope de tijdinge vande

3422 1887 2419 233 gasette waer sal wesen, wegens het verdroncken goet en

3428 1989 2427 228 twijfele niet, oft d heer roosendael heeft ue geschreven

3444 2143 2464 156 dat het deel van Abraham van diest moet belast worden

3420 2182 2472 173 met ƒ 30:17 die wy verschoten hebben, soo aen die man van

3424 2292 2396 174 bredael als tot amsterdam, & ons laet niet hem daer om

3431 2406 2386 168 veel naer te loopen, oversulckx, als ue de rekeninge sal seynden

3434 2483 2411 179 vant gene hem competeert, sult dat gelieven ofte trecken

3435 2618 2408 123 & seggen betaelt te hebben voor syn deel aen oncosten vande

3417 2679 2500 199 Myer & Amst & laet die rekeninge aen mij oft dh roosendal

3442 2773 2433 190 toecommen, & wij sullen dan wel syne reste voldoen dinge

3411 2899 2417 137 slotene gelieft voortganck te geven, terwijlen blijve

3427 3010 428 188 den Kent

3434 3041 2417 213 sence my last of 20 cur recd yours of p & 2d, I suppor

3440 3241 2364 124 hendrickx arrived by this time, I wonder you demand wether

5012 3293 53 62 2l

5083 3277 134 82 me

3439 3338 2420 145 I will have the 5 porthrens packed allove, yon know I have

3437 3372 2420 156 ordered that o longe before, because I had no occasion for more

3449 3517 2466 121 & itt was to have the blew grayes, yett of aft can come in time

3437 3562 2432 189 so ad 5 mort  the inclosed patt. to be a pack of 10 a 12 p

3440 3677 2445 148 & in cas the 5 northrens were all readdy sent to Hull, so provide

3789 3764 439 95 oby the e pa

3436 3807 2463 151 these  Jalso, & forward them as soon, as possible, for I iudge

3423 3887 2398 110 by yours of the 4, that the baile of 5 northrens shall come in

3434 3971 2441 134 time for the amst convoy & consequenteley this order to late

3430 4080 2411 153 to bec added, the light coffee cullours, must bee, as by these

3439 4185 2423 146 patt., which & the rest of my orders provideinge in london

3431 4260 936 118 must come for ostend
