7782 4507
846 222 2262 125 hoe conmen wij dan samen ne gotderen de partije 25 augusti

842 257 2256 175 laest aen ue vercoght vervalt de temaent het laeste te betalen

826 367 2308 169 & daerentussche hebbe ick niemant die ick derve moeylyck valle

802 437 2332 228 ue soo naer telooven & selfs hebbe ick geene occasie over te come

836 526 2292 201 soo dat ick versoecke ue gelieft eenen tjt te spreponeren tot beta

833 602 2317 200 =linge & sal t op welcken tijt ue briefkens sal accepteren, om alsoo

821 711 2238 161 niet veel moeyten te doen, biovende dietyt soo cort te nemen als

826 789 2274 157 t'mogelijck is want voor paesschen verwaghte ick weder veele fyne

832 883 2299 153 goederen & hebbe mijn gelt al van doen om die te betalen, verwagh

836 973 2266 155 daer over ue antwoort & blijve ue debet me p rest £133:8:2

1615 1069 1309 116 gelieft te adviseren in hooveel veyse

1376 1077 1744 142 nverdat te betalen & op wat tyt de 4 teb 1693

1225 1167 1629 124 briefkens sal maecken om mj volgens te requler te

619 1127 640 188 brussel govaert

802 1208 2339 155 faute van occasie d'eere niet gehadt aen ue te schrijven, wenschende ue

810 1293 2209 170 aen gelucksalich nieuw jaer & vasten, gebruycke de vrijscheyt

817 1386 2274 199 Mons Anthonij rousseau bij ue te seynden met eene assignant ie

2624 1469 202 73 versool

824 1476 2292 185 van ƒ 712„12 ¾ hooghgelt de welcke soo ue gelieft, geleft hem te

839 1600 2223 148 volgoen, syne quittantie sal tot volle betalinge dienen de partije

826 1654 2199 206 aen ue gelevert op 28 augusti laest bedraeght hooghgelt

2677 1731 439 178 ƒ 2336„12½

832 1789 594 174 ƒ 256 a 144

817 1839 1882 190 den brief op wjlkmans van . ƒ 517 a 11 wise is hoogƒ 560:1

849 1875 2215 245 ue remise op Jacomo Timpelvelt: 1„1000:- is in hot £„1083:5:4„ 1644„

2760 1974 403 193 712:12¾

868 2056 1576 163 resteert hooghgelt volgens mijn bewijs

843 2129 2284 190 ick wenschte dat ick ue ergens in conde dienen het soude my

2893 2237 167 63 vande

875 2262 2231 124 seer aengenaem sijn, hebbe eene partije pack lakens st

725 2356 305 111 allderles

865 2319 2276 176 2 geclmarch versch becomen a £ 20: wisselgelt ue leveren

859 2423 2256 158 vanneer iedre tot ue dinst voorvalt laet mij ue comanse

877 2509 706 157 hebben die blijve

2841 2547 219 169 4d

655 2554 1228 253 brusselseger vanderborght

853 2606 2304 219 naer wenschinge van alles goedts & saligen vasten gebruycke

844 2747 2327 157 de vrjecheyt a l'ordinair mons rousseau by ue te seynde

869 2835 2255 182 versoeckende aen henm 5 a ƒ600 glieft te tellen hooghgelt

858 2918 2293 173 soo sulck ue te passe compt, daerentusschen hope ul haest

845 3017 2176 177 hier tesien occasie heeft versche goederen te coopen, ben

866 3094 2272 183 noch redelyck voorsien, onder andere van de beste pack lakens

1961 3163 324 76 isselgelde

1881 3182 75 66 9n

883 3174 2213 178 EE geelmark a £20:10 to vendien, verwaghte ick met

890 3249 2170 191 het erste een groot sortiment fijne ieuwe coleuren,

861 3336 2319 162 ue sal in in alle voorvallende ol casie houde my gerecomman

871 3439 1253 161 deert die naer groetenisse bly

2880 3449 177 134 P

2801 3548 179 113 4d

658 3525 1147 220 Brussel henry Rjssels

871 3591 2301 189 naer ue get werschinge van alles goedts, & een saligenvast

877 3690 2308 178 gebruycke de voijhicheyt mons rousseau by ue de seynde met

866 3783 2288 166 een bewijsken van £30 wisselgelt welck hope ue niet

854 3862 2295 216 sal refuseren niet te betalen, & als iedt voorvalt daer in

892 3971 2265 172 ick ue can dienen mij met ue commande sult vereeren die

891 4056 1071 183 naer groetenis blijve

3316 178 1029 164 brussel henrij de smet

5285 179 521 164 4 feb 1693

3402 253 2362 171 hope ue degesondene kersyen tot contentement sult hebben

3401 345 2414 183 ontfangen volgens mijnen laest en van 31 pas, midts dese weke

3389 471 2430 120 mijne reysevalt soo gebruycke de vrijhicheyt mons vousseau

3396 513 2132 141 baus te seynden met een bewijshen van ƒ 200 wisselgelt

5080 566 689 134 waer op mij weleb

3377 622 2487 154 hope ue niet sal refugeren te voldoen, & ie ats tot ue dinst

3412 717 1929 168 voorvallende commandeert liberlyck de blijve

5366 791 228 191 4d

3254 800 1087 183 Brussel wouter van Elsen

4789 859 171 102 heb

3373 869 2451 199 naer ue gewenscht te hebben & alsoo dese weke mijne voragienaer

3379 1058 2338 121 brusselis soo gebruycke oock de vrijnicheyt eens naer te spreken

4554 1087 153 86 son

3372 1151 2445 128 versoeckende voor uij aen mons rousseau 40 of £50 wisselgest

3369 1238 2362 125 gelieft te tellen ingevalle sulckx ue gelegen comt, syne

3336 1302 2480 147 cquittantie sal valideren, daerentusschen wersche wel ie dis tot

3380 1383 2399 128 ue dinst hadde, versoeckende bij occasie als ue hier comt my te

3370 1447 2461 191 relen vereeren met ue calaudisie sal al doen wat mogelyc

3384 1555 1193 135 is om ue bedienen die blyve

5369 1614 330 174 geb

3308 1627 1130 204 Rottm Abraham de Bra

3391 1743 2360 167 t sedert mijnen laesten van 5 pas geen van ue versoecke in

3363 1887 2417 105 antwoort deser sonder faute mijn oncost ick te seynden

3375 1914 2389 143 beneffens ue advies waer in dat bestaet het convoij dat naer

3383 2034 2448 135 hul vertrocken is, ofte het meer als een schip hoe veel soudie

3363 2066 2485 153 & volck, alsoo ick eenigh goet heb doen in laeden ende egnege

3380 2153 2483 181 assurantie naer advenand soude doen doen, twelck afwrgeet

3377 2255 2485 194 te te verstaen, recommandere d'expeditie aen d'ingesloten blijve

3257 2340 1027 215 Londen aijles & Alsop

5466 2365 192 146 fees

3410 2397 2439 243 In antwoort aen ue aengenaemen van 13 pas, ick hebbe particulier

3339 2520 2482 186 gelijck gevoelen over het retardement van Jacob van herentals

3377 2616 2466 165 de sultte vorst in sber laestleden is de oorsaeck, daerentusschen hope

3364 2703 2432 148 ons convoij haest alaer sal wesen ende gelyck men mij schrijft met

3371 2773 2475 184 den eersten goeden windt van ostende naer costij sal vertrecken godt

3378 2866 2387 174 wil de tycken ue wel ter handt leveren, sal in toecommende geene

3370 2959 2393 162 hier aflaeden maer naer brugge voor af seijnden  door S Coots

3369 3069 2434 143 doen laeden met de vrgilanste schippers over te seynden des temeer

3379 3163 2425 130 omdat hij mij beloft niet alleenelyck sulckx te doen maer oock

3370 3232 2462 125 devraght soo goeden coop te bedingen, dat d'oncosten van hier tot

3364 3301 2445 144 brugge ruym sal gespaert sijn, tot eene preuve daer van sal

3370 3385 2451 165 desewele een pack van sot p tycken afseynden, & terwijlen

3367 3482 2448 154 noch meerder partije in voorcoop hebben soo can ul daerne

3363 3578 2455 142 wijders dienen soo het ue gelief ue remise ten laste Corneliur

3371 3674 2418 151 & Iudoeus van diest is geaccepteert sal de betalinge t'syne

3367 3735 2485 194 bijde voorderen & ue daer voor crediteren gelieft mij p eerste

3370 3838 2472 152 convoij naer ostende afte laeden een pack te assorteren, eerst met

3381 3952 2451 148 4 witte & 4 roode domie cottons van 22 tot 24 penningen de goad

3379 4048 2439 121 6p. wit flanel van 13 tot 20 pence de gyarder, 2 curreuse

3381 4121 2454 137 witte devonter baejen sijn & wit & roode pennestons welck allen

3374 4197 2439 131 diene voor eenepreuve om met den soomer naer advenant partije
