7700 4493
2413 187 678 123 9 Jann 1693

647 189 1088 170 bergen Jaques Trivier

792 251 2376 196 J'ay receu en son temp les cheres vres de 10 xber & 12 gber dernier

777 348 2365 189 et voye que le S de button vous a payé deux cont soixsante

826 440 2321 190 florins l'escus a 52 patar ie ne  pas avec quelle conscience

834 536 2308 175 ce messr peulent payer du maniere, patience, ie n'ay pas l'opp

823 636 2275 152 ortunitie pour tirer sur vous vous me fairez remise s'il vous

826 723 2242 175 plaist, soit addroiture ou sur brussel, il vous souhait une

838 789 2195 170 heureuse novel anne avec toutte sortes de benediction et

1486 868 1509 118 luus de toutte mon coeur ie vous prie de

839 923 524 111 contentement

914 876 2128 196 parler a mons perm pour le rest de £ 23.13„9quil me

608 1015 1044 188 Mons Jaques bascourt

806 1037 2268 236 non obstante que ie vous ay escrit plusieurs lettre vre grace

837 1126 2220 201 ne me dont tant de contentement d'une responce, & moins de

843 1253 2225 171 quelque remise, ce que m'afflige fort, d'autant plus que ie ne

816 1323 2288 184 scais pas de av vous avoir iamais donné quelque raison d'offence

837 1427 2260 184 vous scavez ce que vous me devez, & non obstante que ie ne puis

827 1519 2326 184 pas avoir l'honneur de vous servir avec d'autres merchandises

830 1625 2314 139 il me faut payer mes debtes ce que ie ne puis pas bien faire, sans

833 1687 2292 175 q'une aultre me paije aussi, raison pour quoy ie vous supplie

831 1776 2272 153 de me faire tenir quelque argent, il y a mons grison qui

845 1863 2289 177 fera bien la remise, ou s'il vous plaist payez pour mon

833 1954 2297 162 compte a mons trivier, il y a plus que 3 ans que ie vous ay

2633 2030 92 59 s

837 2064 2296 169 vendu ma derniere marchandise, et on est bien quand on peut

867 2138 2270 175 gaigner 5 a 6 pi, tellement, en esperance d'avoir retour

788 2200 2297 193 au bout d'une an, mais quand le paijement sont contraire

858 2295 2231 145 lintrest du temp a bien toet mange le profit, mons ie vous

840 2360 2262 183 prie de considerer qu'il me faut vivre aussi, et comme

807 2487 2324 139 vous avez tousiour fait avec moy honnettement, ie vous prie

822 2548 2276 172 de ne me donner plus de raison pour complainter ainsi ie

829 2688 2313 113 me fie sur vre discretion que vous me faire payement en

830 2716 2351 149 responce de cette, vous souhaitant une heureux novel aune

855 2845 322 124 ie suis

2879 2837 233 197 9d

639 2868 1140 240 mons Laur fran Perm

849 2971 2276 197 j'espere que vre grace est en bonne sante avec toute vre

842 3083 2325 177 famille, ie vous souhait une heureuse novel anne avec tout

832 3152 2317 182 vre famille & plusieure suivantes remplie de toutte sortes de

827 3238 2323 187 benediction & contentement comme ie suis oblige pr la mort de

840 3333 2311 176 ma femme d'adiuster et finir toutes comptes avec mes amie et

842 3411 2250 180 que vre grace rest redouable £23 a 13 19 de change ie vous

847 3494 2316 143 supplie de les vouloir paijer a mons trivier, ie ne vou pas

830 3573 2312 155 beaucoup de raison pour vous exhorter a cela a cause que ie

840 3671 2302 134 metre, sur vre discretion, vous priant de considerer que ie suis

817 3740 1232 185 presse, vous saluant ie me direz

2916 3731 140 192 9d

655 3853 907 187 Mons george grison

836 3866 2339 237 ie vous prie de parler a mons. de bu bascourt et demander quelque

841 3999 1079 197 l'argent de luy pour moy

5292 181 559 138 9 Janu 169363

3202 185 946 184 Mons Pierre Meurant

3394 224 2401 194 j'espere que vous estez en bonne sanete & toutte vre famille, ie vous

3376 329 2481 153 souhait une heureuse novelanne, et vous dire que ie m'estonne fort

3389 433 2440 150 que vore grace ne me fait pas tenir le rest que vous me devez d'autant

3373 484 2455 157 plus que i'ay consenti tout vre pretention, il n'est pas bien fait que

3382 582 2437 153 vous retuere si long temp le miene, si vous auriez volu vous m'auriez

3379 647 2369 137 ack longtemp, & comme ie suis presse pr la mort de ma femme

3382 745 2364 132 d'adiuster toutes parties, ie vous prie de me faire tenir le rest soit a

3368 847 2449 128 brussel ou p quelque autre occasion que vous aurez monstriveer o

3370 936 2437 128 mons grison vous pourroins servir, ainsi d'attend vre satisfaction en

3387 989 1758 172 responce de cette puis que ie suis een tous occasions

5455 1078 204 152 9d

3236 1063 1269 264 An Kont Tran Willen en

3393 1172 2425 241 Ick hebbe ue brief van 19 xber leestleden ontf dogh tot myne ver

3284 1279 2571 231 t worderinge t sedert noch geene tycken, e weelt wel wat ter mijn besproke

3380 1367 2421 173 is ende op de geloste dat de leveringe precies soude geschreden hebbe ick

3372 1459 2455 169 mijn contant gelt gegeven, soo dat ue geen langen nyt stel mach make

3360 1531 2380 195 Mons bourekens hadde mij toegeseyt dat de helft voor hersmis &

3359 1631 2486 143 d'ander helft voor vasten avont soude worden gelevert, en dat de maende

5047 1690 54 51 N

4951 1696 82 62 od

3344 1708 2501 154 die ue daer biy hebt geset was maer voor een uyt vercoren, en daerentus

3349 1787 2478 148 den tijt loopt al door & ick can mij niet bedienen, ick hebbe ue emmers

3363 1873 2437 169 toegestaen heb goetteseynden met 10a 20 stuck seffens, want als ick

3375 1953 2427 147 een partije bij een heb ick helpe die oock ul voort, daerom laet my

3367 2028 2427 167 de naeste weke hebben al dat gereet is, waer op mij verlaete & bljve

5452 2141 377 137 10

3259 2132 930 210 Gent Jan Bellemans

3361 2229 2481 177 volgens den ue van 5 deser seynde ick ue hier ingesloten 2 quittant

3347 2323 2421 176 tot laste vande recepten van mijn hr. van welde ne d'eene van

3357 2409 2436 175 twechondert, & d'ander van bijten seventigh guldens, gelieft de

3358 2498 2468 177 selve in tevoorden & volgens ue schrijven de weirde hier remitteren

3365 2585 2440 176 bij pr verschuylen, nihebbe gedelayeert te seynden om de selve

3367 2701 2113 122 sonder cost met ue knecht mede te geven blijve

5471 2745 261 171 18d

3235 2773 792 193 Gent Rde buck

3368 2815 2432 241 t' sedert dat ick op 22 pas aen ue hebbe ger hebbe ick van ue

3359 2967 2391 143 niet vernomen, soo is mijn vrindelyck versoeck dat ue gelieft te

3354 3015 2456 151 accepteren de dryhoudert negenen veertigh guldens vierthier, so

3338 3127 2413 155 die mij toecommen van de rest van voorleden iaer volgens de rek ue

3357 3193 2482 180 gesonden, waer van een briefken hebbe gemaeckt, & door mons her

3329 3261 2460 137 rebout ue sal worden verthoont, soo ue eenigh swert goet van

3362 3352 2447 142 doen hebt, ben te genwordigh wel voorsien geloovende met den

3348 3455 2408 138 rouw van t hofsal veel sal geconfumeert worden verlange ue

3342 3556 1346 142 dinst te doen met wenschinge van

5643 3533 112 176 d

3235 3629 797 205 Gerf herrebout

3349 3638 2409 239 ick verwaghte een pack N 7 waer toe ingesloten mijn tolbrief

3329 3743 2383 185 versoeckende aenstonts mijne iek court dan te seynden, ende den

3342 3873 2487 139 ingeslot en wisselbrief te laeten accepteren, & mij wederseyn

3359 3966 204 146 blyve
