7947 4541
907 256 2164 88 van ƒ686:12 ¾ court gelt t'welck gelieft te doen in voorderen

908 332 2300 151 eghter foute van betalinge geen protest te doen doen, ick hebbe

878 390 2230 188 den brief van ditto du tempel gesien, waerbij hij ordincert

895 514 2210 142 aenden trecker deser voors weirde op hem de valleren

907 596 2100 132 soo dat ick wil hopen het selve dien volgens sal worden

895 694 2230 142 voldaen, soo de £125 alreede niet syn betaelt, welcke betaelt

899 826 2220 104 sijnde gelieft dit te renvoijeren, ende dit betaelt wordende, dat

890 881 2221 164 tan £ 125 mij wederseynden gevende voortganck aen de

904 994 870 158 ingeslotene blijve

2792 1020 295 218 13 July

712 1092 776 232 brussel de Hulder

935 1160 2155 180 den ue van  deser op syntijde ontfangen, t'gepasseerde

899 1269 2229 129 tot dato tot contentement, dogh alseot sedert die vande

889 1372 2278 154 Meersche de nooo een protest tegen mij hebben gedaen, om dat

936 1446 2125 160 aen het huys in questie geweest t'sedert ons accordt eenigh

939 1549 2257 152 ongeval van breuke is overcomen, willende relivement versoeck

921 1639 2113 157 & waer t' mogelijck t'accordt vernietigen, soo gelieft

933 1728 2138 152 aenstonts den hr raedt de chanps te gaen spreken, endie

905 1812 2126 146 hem versoecken dat hij de stucken van het proces endie

923 1887 2144 194 spotieren non gelieft te bewaeren, ende aen niemant

920 1990 2232 184 laeten volgen, tot dat wij sien wat sij hier doen ssalle

927 2077 2214 198 & oft sij soo een soleuweel accord sullen connen verniehgen

910 2196 2211 178 waht in soodanggen gevalle sal de saecke ten de finituren

917 2304 2213 180 moeten gewesen morden derhalven versoecke daer op

906 2396 2217 222 gelieft te vigileren & eenige de unste veranderinge

850 2529 1177 174 voorvallen mij te adviseren

2678 2565 399 186 3 Jull

755 2632 1149 196 londen Jan Kent & comp

919 2722 2282 166 senge mij lost of 9 cust non from you, att which, I wonder, the

911 2820 2269 177 more, because you give mee no notice of what passes in the nord

916 2908 2244 203 neither doe you send mee anney remises, interim recommend you to

909 3011 2244 205 forward some of the last ordered sp clothes by way oft Amst

923 3097 2290 201 of Rott, & the loose no opportemitie, for s one pack of them

918 3238 2217 188 though itt should butt containe 6 a 5 p. yett more if time

923 3300 2107 220 permittes, on which I depend & rest there is one m.

937 3407 2260 240 gerard van heduy huijsen to whom you po some monny

882 3506 2254 248 for mee last yeare, vs adjonnant enther lives att

923 3658 2250 190 the widdew John Sambreghte in great Rijleness in

915 3771 2043 230 bisch op gater breett neare the royal en. oroy

910 3898 2163 230 informe yo self how he is fo sich, lame, or

904 3997 2171 219 what he hath & that cortireley so that I may

935 4128 1708 214 be informed fully of his disposition

3292 209 925 177 brugge Peet Wollaert

5489 210 331 170 10 July

3384 257 2314 223 Ick hebbe gisteren p schipper Jande heyser ue gesonden een paer

3351 373 2484 146 Op C N1 inhoudende go 102 stucken tycken, verclaert voor 90 p

3388 464 2429 207 costen incoops ƒ1004:- deselve gelieft op ontfanck p eerste occasie laer

3393 573 2462 193 londen te seynden volgende daerinne d'ordre van messr tierens & longer

3395 651 2453 195 van londen hebbe de vraght van hier tot gent betaelt vervolgens heeft

3398 756 2413 198 ue maer ƒ 2:10 voor vraght van gent op brugge & oncosten te

3390 856 2410 180 betaelen, stelf minagerende die als mede in t'verclaeren van de weirde

3390 965 2414 184 naer discretie, ende d'oncosten op rekeninge vande voors heeren ildts tot ue

3391 1109 2459 172 dinst offresserende gelieft te commanderen die naer groetenisse blijve

5481 1210 329 174 13 July

3281 1194 877 235 Brugge Rasp Coots

3345 1252 2466 265 de ue vaƒ 2 & 5 deser op syn byde ontfangen, t'gepasseerde a contente,

3372 1407 2404 168 siende noch te gemoet van gent de drij laeste versondene packen

3372 1517 2444 160 daerentusschen hebbe ick den wisselbrief van £29:18 s noch niet

3381 1645 2447 115 vernomen, biddende den selven aen stouts weder te seynde, ofte adviseert

3394 1685 2395 181 soo betaelt is, hebbe gisteren p Jan de Reyser ue toegesonden een

3401 1795 2373 192 pack & N3 met 92 stucken tycken weirt ƒ 840:- t'welck

3367 1912 2472 125 gelieft p eerste convoij naer londen t'expedieren, het eggnostemen

3370 1982 2423 177 maekende aen mijn ordre is voy vanden tol volgens de cerificatie

3367 2102 2357 142 by den voaghte brief, moet ende ue maer ƒ2:10 raght betalen

3399 2197 2440 207 omdat ick van hier op gent hier heb moeten voldoen advosen

3375 2297 2364 186 wat passeert, principalyck wat apparentie van weder convoij naer

3366 2446 2428 170 londen, oulaldaer vervolgens ordres te stellen naer groeten blyv

5445 2545 282 150 15d

3297 2510 1137 239 brugge Jaques fervalques

3375 2678 2391 167 tsedert den ue van p meij laest niets wijders vernomen den toebaek

3371 2806 2422 132 is hier nu noch williger, & als voor desen geadviseert, welcke allen

3383 2926 2327 121 goet gedaght hebbe ue te laeten weten, omdat ue sich volgens

3347 2958 2435 224 gelieft te reguleren ue comende dinst doen gelieft te comman

3333 3086 783 179 idere die blijve

3301 3164 826 182 hat herrebout

3297 3269 2488 213 volgens den ue van u deser sien de 3 gementi oneer de packen

3371 3354 2404 212 noch te gemoet, gij verkort mij seer van d'oncosten niet te adviseren

3368 3450 2432 177 van tcasken & N 14 daer is immers niet aen vaet dat contge

3377 3537 2471 209 wel onder aen stellen aen ue brief & daernaer met beter gelegent

3376 3659 2416 174 heyt de geheele reker. want ick moet dit cito weten cost dat cost

4904 3757 174 92 asder

3405 3788 2370 162 daerom schrijft sulck morgen omdat een daer naer waght die

3383 3912 2466 133 ick daer over moet rekeninge geven voorders versoecke eens geieft

3387 4013 2466 139 gaen spreken den bode Jan bellemans & vraegen, oft hy dheer

3378 4108 2407 125 van weldene over ons renten heeft gesproken & ofter gelt sal

3383 4159 2383 146 comen ofte niet oft spreeckt dheer van welden selfs om

3391 4300 2370 101 te weten oft ick de quittantie ue sal wederonseynden & dat y
