7947 4528
2878 179 319 137 14 db

791 195 655 180 Rott de bra

858 229 2336 218 dat ick op mijnen van 10 deser van ue geen antwoort heb

949 324 2242 193 becomen stelt my genoeghsaem in vreese dat mijn pack

955 439 2226 206 uyt hubert lauseen van costj noch niet was versonden t welck

953 534 2296 172 mij wonderlyck incommodeert & niet wete wat dencken, dat me

2243 623 107 67 soo

977 629 2153 140 14 dagen moer besigh wesen om een pack uyt soo een

990 726 2215 158 schelpie te becomen, ofte het moet wel het sonderste van

954 824 2202 182 al bestont wesen, daerentussen, soo het voor ni noch

980 916 2224 157 niet waer versonden, & dat het aen boort can gesien worde

981 1029 2212 155 & niet heel uytgehaelt, soo doet het liever open suyden

978 1098 2206 162 & stuck voor stuck op t' deck brengen & daer ten besten

991 1192 2227 201 mogelyck weder bij een packens, op dat e d'expeditie

978 1317 2185 167 niet langer gettardeert worde ick wilde wel dat

980 1426 2169 141 hubert ganssen waere, daer ick em wenschen soude

978 1562 2132 110 dat husoodanige goederen in d'onderste van syn

961 1660 2172 135 schip & met braen heeft bestuert dat perijckel leyt,

968 1739 2098 155 om door rettigheyt te bedorven wat gepassient is

999 1803 2212 191 verlange sech te verstaen om mij volgens te reguler

991 1911 2241 152 ingesloten de seennde brief vande voors geremitteende

979 2043 1816 168 £75: soo ue sigh daer mede cont bedienen

2830 2076 238 216 14d

777 2124 1686 230 Amstt Corn Saussen & evert Coman

947 2232 2210 214 In antwoort aen den ue van 4 deser ue pack pye lakens is

974 2338 2165 194 bij mij wel gearriveert & alsoo het weeck weder blijft

939 2422 2281 194 & geene conde voort comt soo blyven die goederen onver

966 2539 2174 149 =coght, hebbende de winckeliers noch veelu voorraet

955 2645 2232 186 connen om het soel weder niet quyte geraecken

963 2731 2196 184 derhalven sien niet anders te gemoet, dan dat desen

962 2857 2275 189 tot het naete laysoen sullen moeten blyven doorstal

983 2936 2249 230 eghter soo t inste occasie voorvalt dat ick die

909 3032 2303 200 can aende man brengen sal niet versuynen & doe

940 3138 2228 204 als vooreygen, waer on ue sich mach verlaete

936 3257 2208 185 wedt wijders tot ue dinstt voorvallende bljv

743 3359 936 227 Cortryes weduwe Cansse

914 3466 2334 215 den ue van 10 deser ontfangen & vervolgens seynde ue dienvolge

958 3573 2245 187 teragge den wisselbrief van 1 £160 a 33::5 geaccepteert

951 3715 2230 126 dr frans welles, ick hope mons Jan bapt Causse nuwel de

948 3762 2296 203 retour ick can geen particuliere vrindt tot gent vinden, om ue gelt

961 3876 2210 156 sonder provisie doch aen te seynden, oversulcksx sal ue sisa

956 3961 2146 158 moeten bedienen gelijck voordesen, ick hebbe vergeten

961 4026 2198 189 ue particulierlijck te spreken over de rest vande ouder

958 4145 2241 125 rekeninge, weck ue andermael ben recommanderen & naer

975 4244 831 128 groetenisse

5724 170 149 126 1d

4697 195 933 161 uutw: 14 p 1693

3382 183 409 174 bion

3409 318 2383 142 in antwoort aenden ue van 12 deser sende ul ingeslotn den brief

3431 432 2400 107 va. dehaes met sijn 2wisse Cenefent voor de weirde aen

3448 534 2376 124 y suldich, doch dat is een enter op ue coon  & can oms

3439 594 2437 155 cllaen dien, dat hij die scult niet sal toocken oft contradu

3402 709 2412 123 gelieft daer af antentiqin coot en srmelen, en dariguwelr

3409 765 2327 184 hem wedergeven iett mijnen daer everven hem ges

3478 891 2306 149 want ick mechem niet wille te oes hebben

3426 1000 2382 116 en sonder gelt, oft suffisante cantie mdel een une

3449 1058 2363 151 verwaght in, maer soo hij ssnde cantie can stullen sal die

3445 1191 2411 150 ge proomeerde tijt nemevert. , dich op sijn credit

3429 1262 1242 194 asoluet niet b govene

4042 1268 1182 186 recommandere hamte graeme

3372 1316 2456 197 brussel r. de hoes wenste vannis conde bekomen dan 14

4009 1454 1829 98 canmen altijt noch door deringere com ue desacc

3415 1506 2446 157 in antwoort aen den lul van 12 deser sende ul wederan

3436 1583 2394 167 detewee wissel breefkent die gij tot nijn profijt leekent

3436 1692 2421 162 met de intest van dien voortgenent seudich

3426 1803 2433 139 is call ick mij nu daer in te mede venoege

3419 1842 2400 208 &gelijk ul u voort nmet hebt gehouden te betalen

3428 1942 2403 195 op den tijt indel 10op bospool, soo hebbe reden te waghtn

3395 2054 2467 186 dier gelijke gesal als dese brufkens gende maden sekaelt

3405 2149 2363 115 worn tedinver om dat ul nu geolle maend

3387 2263 2443 145 hebt besigh gevcast om ventighependen te voldenn

3419 2349 2416 178 wehtende ul liet te prisse sal eenige tijt waghtn

3422 2474 2421 152 mits stelende Juffefante borgh oft ipotele, en eenight

3411 2538 2459 200 contact gelt, ander bengersolvert nidt reght daer

3404 2646 2415 191 soa tee comen, daclk ul diene het governe blijvende

3353 2726 966 212 brussel henry de simet

5483 2772 306 157 17 sxb

3408 2832 2398 234 hope ue goede thuys compste geexmaneert den lap weder gebroght

3416 2979 2379 154 laken & ue rekeningen maer geen N132 gevonden soo moet ue

3388 3039 2404 199 mij laeten weten wat number het is geisest, recommanderende de

3394 3132 2398 236 e compte betealinge van de £50 wisselgelt aen Mons rousseau &

3359 3241 255 176 Mlye

3345 3271 878 222 Brussel Henry Rjssels

3408 3405 2415 201 volgens ordinaire gewoonte den tyt van 2 maenden verscheven synde

3409 3555 2327 170 hebbe ick heden mons rousseau by ue gesonden met een bewijshen

3404 3628 2365 181 van £30 uls wisselgelde t'welck hope ue niet weygeren en sal aen

3391 3781 2102 155 hem promt te voldoen blyvende niet presentatie van myn dinst

3340 3825 1111 173 Brussel seger vandenborght

5483 3887 220 146 17d

3426 3979 2392 168 Ick derve het vanvelyckx bestaen, evenwel omdat gij my niet

3384 4030 2418 256 geheel soudt vergeten soo doenick het nu uytgewoonte dat ick

3370 4112 2366 184 mons rousseau bij ue seynde niet versoeck van aen hem ƒ 360

3387 4262 2432 132 courgelt te wislen betalen, oft minder, iae oock niet niet al
