7803 4548
891 240 2375 98 voor 8 a 39 stuyvers derhalven moght gy sien wat gy daer mede

877 293 2379 107 doen sult & ick verstaen die coop niet t'approbeten die man tot

869 394 2413 133 leyden hadde het goet voor hem soo wel te laeten handelen, want

860 469 2382 122 hij ton minste daer by ƒ150:- wint & als alle de wolle te lakens

865 565 2420 177 sal syn gemaeckt & vercoght dan salder op verre naer soo veel niet

871 645 2380 155 over schieten veel min tot dese prijs, want dat beswaert ƒ 15

870 744 2339 217 op ieder laecken & waere de wol niet betaelt ick soude ue selven

858 849 2421 199 laeten betaelen, nu terwijlen een baeltien onder handen is soo set

878 930 2395 191 terstont 2 lakens op, schoone breede leysten te weten en 2600:

877 1034 2428 237 gelyck N18 geweest is & eon 3200: & laet die op t' alderspoedighetn

874 1156 2348 242 afgeweden worden op dat de selve tot leyden mogen wesen eer dat wij

883 1238 2373 244 voost erijgen daerom de set dese terstont op 2 getouwen op 5

874 1387 1243 181 met alle macht afweren blyve

2817 1446 374 182 18 gber

681 1537 657 203 leyden promans

884 1589 2402 201 In antwoort aenden ue van 16 deser, midts de 3 lakens gereet syn

870 1723 2336 164 & voor mij geprepareert soo gelieft deselve voorts te seynden:

871 1850 2418 167 supisoneerende dat daer aen niets manqueert & hun prij waerdighsyn

2833 1913 63 61 1

886 1949 2362 135 vo die ƒ6: dat ick de blouwe p stuck minder geverft ergge

865 2011 2449 178 can ick de vraght & oncost van leyden by naer betaelen, ick quistie

870 2133 2375 148 heve niet wat ue aen ue ververs betaelt maer als ick het selve

871 2213 2441 203 bij een ander voor minder can becomen het staet mij tre myn oorrdeel

857 2278 2459 181 te seecken, recommandeert de schippers, dat sij het packie niet anderinge

858 2366 2409 195 laeten maer op tspoedighste voorts bestellen want anders blijft het

859 2475 2210 194 omtjts wel 3 a 4 weecken onderwegn agoverno bly

2840 2585 281 154 10d

675 2629 644 252 Amst Rover

1061 2650 2236 254 15 deser hebbe ick ue geremitteert £2101- ten laste them

854 2815 2452 180 Cloots 21 deser vallende gisteren hebben vy van Rott verstaen

869 2902 2402 179 dat het schot de 60 schepen waer van de deyns dae goegasette

851 3020 2444 184 mentioneerde van schotlant comende door Jan bart soude syn

859 3082 2437 240 genomen & alsoo ons convoy van hul met de laeste brieven al was

851 3215 2439 190 vertrocken soo ben ick bedacnt dat het die sijn ofte immes dat

860 3293 2444 234 sij groot gevaer coopen & waghten wij niet ongedult moge

866 3368 2442 216 te vernemen wat der sal sijn vvergevallen, die van hul naer Rott

884 3518 2399 169 waeren daer noch, het is eene desperacte saeck dat die cleyn

862 3617 2378 161 macht van Jan bart niet benomen wort: bidde morgen

856 3731 1830 184 tgepesseerdet adviseren terwijlen blyve

2946 3845 102 95 ƒ4

705 3838 1019 195 brussel Chritt Segers

865 3843 2411 292 In antwoort aenden ue van 14 deser wegens de flannell

852 3980 2420 202 ue swaeger mons vanderborght heeft 35 1t besteedt &

846 4049 2401 230 heeft ge hadt N130 & N131 & ue heeft N132 soo dat ick ue

852 4094 2440 275 ten selven prijse stille gelyck hem & N62 cat mij 1½ stujf

3458 188 2470 142 p elle mees als N132 & het ue daer in geen verschille dr

3434 253 2477 155 1t p waer: in swaege heeft voor het gekepert maer 17 stuyvers

3434 352 2345 160 betaelt maer dat wiert met de lakens door een bedongen, een ander

3432 386 2505 200 magh soodaenge geheperde verkoopen waer voor sij willen ul versche

3430 503 2446 182 te ue dat die aen mij selver mier als 17 st delle costen & als ick

3422 610 2471 175 die daer voore soude laeten dan moet ick schaede doen, & dan wete wel

3431 719 2456 195 dat dat ue intentie niet en is meynende dat niemant ue beteren coop

3424 850 628 189 can dienen blijve

5366 1013 371 170 18 gber

3327 1005 854 242 gent Robert Matton

3442 1114 2483 198 more alsoo Jan lambertij mij met den bode ƒ 100: wisselgelt heeft

3423 1213 2432 233 gesonden & de reste beloft de naeste weecke te seynden t sulckx

3430 1322 2446 188 tot nogh toe niet is gevolght, soo gelieft met hem voortteraeren

3444 1430 2428 170 tot dereele voldoeninge ick hebbe myne quitt gegeven sonder

3424 1524 1284 222 preneditie van mijn recht blyv

5464 1604 353 193 18d

3322 1655 1363 217 brussel de wed vanderBorght

3434 1767 2480 218 ue p beurtschip toe gesonden de 2 swaer bae toegesond

3426 1887 2418 259 gemerckt A in een clgetie wel gestop costen wit ƒ36

4448 1998 1422 203 ly2 voor verven ƒ 6 p puck

3442 2101 290 139 stuck

4425 2165 196 129 12:

3454 2147 628 199 Met op doen

5372 2272 133 213 n

3338 2322 1046 163 gent devved ee ck

3441 2424 2476 207 ab op 3 deser aen op wagens gesonden het suyper fijn

3437 2546 2498 184 camesen laken en alhoewel ick sedert van ierdt

3421 2669 2495 153 heb vromee srwijfele niet oft hebt her tot

3425 2764 2436 205 cont. ontf verseekeme needegovende wisselb

3415 2909 2550 179 de lestst reeken en eende brenger deser mede

3398 2989 2515 222 te geven alhoewel us hebt geprepencert op

3435 3132 2490 150 3 uso o v men tie envertwernime heb

3427 3252 687 175 „ 4 gestelt

5258 3293 345 171 C19de

3333 3360 662 158 mons Jacques Trivier

3437 3380 2458 256 je suis facke que je ne trouve pas quelques fois de vos les rs. Il est praij que les oc

4471 3549 205 80 Kaerpi

3435 3513 2476 171 ne se presentent pas, cependent l'estime que j'ay p vnd. Personne, me commande q cette,

3417 3618 2480 179 in informes de vr personge, & de toute vred familles, q. au noup, nous sommes grace a

3417 3727 2517 166 dieu en mesme estar, comme du pasce, tout plam de desine & vous rendre service,

3427 3818 2480 145 recommpence de vos anciten, & faveurs, que vous avez eu mey &mon interese, & prii que je ne

3427 3963 2505 120 spis ps aute jespere que vous ae rendrez pas mal, qui je contiu, a vous demander

3430 4038 272 94 laconthnie de

3397 4024 2531 146 re astrrtange, premierem., de fair rendre, les inchuses, & demander payend. I mon astignde

3438 4112 2521 134 £50:2- 9 en de laveufve andre de Buston, J'ay estoy bien triste d'apprende sa mort, un somme

3431 4197 2495 156 sij jiune, & forte, mais, il faus resigne le bour a le bon dieu, or voyt joy desemblables snt legun
