7871 4548
3439 177 2452 117 hier avant que ie recevois la vre vre traitte en faveur

3462 245 2397 122 S roets le quelle i'ay or donne de payer auiourdhuy cepet

3435 317 2410 156 dant la remise de £200 de gros a la charge du Clerez de gand

3431 409 2453 174 n'est pas encor paye le s beurght grave messager disant quil

3427 514 2464 191 croyoit quil sera paye demain, si non il vous le renvoyerz

3432 603 2427 192 car il seroit a vre preindice, cy coimt mas remise de £201:5

3454 696 2427 187 tur ja cob mossclmans le quelle iespere quil payere promp

3471 818 2399 187 berment pour mon remboussement ie ne sirerez pas sur vons

3467 898 2359 187 mais vous me fairez remise sil vous plaist soit pour

3448 1051 2436 123 cette ville ou pour aist au aillieurs of il vous sera le plus

3435 1139 2418 141 commode, on me veersuade que le change sur londres bassere

3444 1247 752 155 leysendant schuus

5372 1356 410 176 20 July

3356 1340 956 239 Brussel wouter van Elsen

3436 1441 2302 244 geschreven alle versche goederen hier nu sijn gearriveert

3464 1595 1122 176 Aen vanden Clooster bselve

3452 1702 802 165 ten aertsens tselve

3405 1751 1305 217 4 Aen de wed vanderborght stel

5436 1775 387 227 22 July

3380 1854 1241 208 Londen Walter & will kent

3478 1956 2386 182 sence my last of 15 r nor post come, I have receaved the

3467 2092 2369 161 goods from hull & london, the pack whites E E yeallow mark

3451 2158 2393 143 care so thin. delicate & laight, that these 3 have have not

3339 2231 2522 168 an the weight of formar 2, & feare never to sell them, the spe

3451 2355 2431 160 clothes in gennerall vere deare & know not what to say of the

4956 2437 175 87 sorte

3452 2449 2322 181 cullonds most dullish there by not  which are most

3452 2559 2306 145 wanted, for I can not sell one p, & the customers finde their

3467 2654 2412 145 cullours by others, so that I am quite out, & know not what

3439 2752 2440 136 coullours to order, they ashe fine cullours & shew their snef

3455 2862 2452 133 tobacco, & others ashe coffe cullours, & shew coffee, & I have often

3446 2955 2436 160 writt you for coffee & smif cullours & never had them yett

3457 3057 2449 162 others of pour freinds have them I never was so much bormen

3450 3206 2483 121 ated in trad: as now I am, for when I had my good for severall

4738 3234 290 91 wilched

3457 3271 2440 159 hander, I had what cullours I  butt you haveinge so manney

3451 3363 2474 106 customers that demand one & the same thing, that I finde itt vere

4644 3448 148 68 wit

3454 3444 2430 114 difficult to have from you, what I d & y ett my commissions are

3485 3543 2444 172 of late so in considerable, that itt is not word to imploye two friends

3479 3653 2393 106 whoever I must tell you that itt vexcs mee that I see that my clothes

5023 3715 184 81 mich

3481 3740 2424 110 doe not please, & that you omitt, what I  urge, which are the

3470 3840 2478 144 darck grayes, & the reddish, as by the inclosed patt, which I have ordered

3473 3934 2440 148 all a longe, & for 5 a 6 comis one, those that come from brussel

3465 4005 2409 176 dill mee, that their are great manney new cullours, which never

3463 4136 2348 151 were seen before & the finest thinghs, that can bee i magined

4245 4193 103 68 vous

3449 4208 2499 161 & so often desired you  sard ince patt, as soon as anney new cullour
