7906 4541
2601 195 426 170 33aƒ 93

655 221 1413 200 Amstm geert & valerus rover

986 309 2075 173 20 deser heb ick aen ue £203:10 9 geremit, seden gen

774 413 2350 173 ul va u de wissel op costj us heden a 1½ graegh gebleven

1132 501 1996 152 von med niets heb gegenn derte min

810 618 2076 124 6 n dit ick op London a 33:4 brejn  voor ortg

844 731 2177 120 &vverent gevorden, sulx ick sal verwagt

752 798 2273 163 te eweste hoe hed n eorgen de couw sich by

832 835 2253 241 ue sal uegulee die van londen mst &3 as

836 953 2164 161 p costn volgeste een negaende nst£100:

846 1053 2269 172 ten sakte genge clefferdi, waer vere d'accer

840 1117 2218 241 gt lest te besorgen & mij tenigge sonden, & soo

803 1232 2152 180 tesenden can ue ueoort advis ovede

802 1335 2222 162 avestant, alsoo die caende moet de bin

820 1407 2164 195 & den selven e een priccipael op sight hebbe

827 1517 2310 190 dae ontusse doet mij dese com prosum dewissel

851 1612 2266 183 ver uyeest niet stndt te tnontey, & de vhel

823 1712 2257 184 en voorden ordves te gemoet ien, cos

859 1774 1475 222 dege ditie a dieglsboten

2673 1887 432 141 23 april

663 1928 1138 245 bredael Laureijs ka

821 2049 2324 208 hem in eenen sack  30 wol gesonden om tot het laeste leke

824 2155 1952 209 te gebruycken, met recomm van het goet ofte don

2574 2240 344 192 25 d

714 2319 782 230 russel Briusseln

961 2386 2160 252 shis honore pr la cre dhir aver la ros

800 2528 2299 199 de W500 a 91 ½ sur imiranda parr la quelli alij

855 2639 2307 198 neeeu la valeur  en su

780 2754 2376 201 lhonem deew presene  brafrt aggaa

823 2882 2209 185 d'outant plus s deseret cap able de vois

846 3019 2160 155 l'endre quelque servce ce qu.  le ds

2752 3140 400 158 27 apiil

718 3137 1075 239 brugge Ras Coots

815 3248 2358 234 de ue van 25 & 19 deser ontf. voor d'oncost rekeninge

863 3395 2290 183 ue gerediteert, mij dunckt & volgens ons laest advis

830 3483 2338 165 van londen, soo waghtmen daer naer ons convoij van

866 3572 2262 190 osvende, t' welck de oorsaecke is dat Jan twyma

853 3689 2294 140 daer noch leyt seynde aen sijn boort voor my gelaede

659 3743 154 187 h

869 3790 2317 187 behalven de 3 alreede gespecrkeeerde packen noch 2 packi

852 3887 2302 190 een N1 met 12 gemengelde ordinaire coleure lakens vande

848 4001 2296 178 gemeynste soort & een wit cotten vrapper N2 met 4

835 4090 2268 188 roode cottons 4 witte ditto 2 devonder beyen, 6 witte

803 4217 2316 181 £2 amils & 2 roode ponnestons, & samen 18 stuckse  et

3395 175 2436 159 pack N2 godt seynde de selve salvo t welck verlange t

3352 236 2437 155 verstaen, ick hebbe hier is londen afgelaeden in tschip van

3348 347 2385 157 Edewaert de wint 2 packen tycken te weten JB N2 met

3353 417 2415 181 50 stucken gaeve tycken onvrij vanden tol weirt ƒ1675

3260 518 2570 197 IN2 met 82 stucken tycken voor ƒ 700:- vrij vanden tol volgens

3361 638 2442 196 kertificatie den schipper medegegeven, den selven heeft mij

3344 755 2471 176 belast te schrijven, dat ue hem sijn fran pasport gelt nevens ander

3342 846 2437 219 oncosten moet vergoeden, wat daer van syn moet is ue best bekent

3342 942 2381 215 versoecken de advis van wat passeert & aflaedinge van 3 Nt

3334 1049 2482 223 soo haert doenlyck is op dat ick het cognossement can voortt seynde

3330 1172 1476 215 terwijlen naer groetenisse blijve

5399 1356 370 168 27 april

3273 1325 1099 286 bounge Jaques fervacques

3359 1541 2432 176 alsoo de vorginie blaederen hier weder in prijs sijn toegenomen, ende

3351 1617 2429 160 men over de ƒ 30: wisselgelde soude connen maecken, soo hebbe goetge

5145 1708 669 92 van monsr. gecker

3343 1717 2465 203 dacht ue sulckxx teadvoseren, ofte noch eenigh goet by ue onvercog

3355 1822 2366 155 waere, vervolgens gelieven te reguleren a governo iedts tot ue

3352 1961 2449 179 dins sijnde gelieft liberlijck te commander terwijlen nar

3336 2043 727 217 groetenisse blijve

3283 2163 1091 254 Rott Abraham de Bra

3373 2243 2390 229 volgens den ue van 24 deser sien het pack N7 te gemoet leg gende

3357 2394 2388 156 het selve noch tot lillo de aghter gebloene schepen waeren van

3364 2474 2427 198 hul costij gearriveert, nochtans wilt dencken Jacob simpson

3356 2584 2461 191 oer by is, aen wiens boort voor mij gelaeden is een pack  N16

3282 2675 2510 220 volgus t' mede gaende cognossement inhoudend soo dobele witte

3374 2780 2449 211 kersijen te verclaeren in weirde gelyck het pack N2 laest met

3371 2897 2461 172 scaman gearriveert voorders hebbe gesien in d' amsterdemecke

3363 3015 2486 165 donderdaghe gaset dat een convoij van londen ende maes was tinne

3351 3086 2481 167 comen, ick & twijfele niet oft schipper joseph leven sal daer mede

4621 3168 241 87 claede

3360 3197 2404 158 sijn overcomen synde aen sijn boort een pack I N11 inhoudende &

3340 3313 2457 154 te verclaeren voor  t gemengelde coleure dozyntiens van a 18

3360 3387 2326 166 &  spaense gem engelde laken van a 45 met 3 halve witte

3357 3479 2375 177 cottons ieder van a 40 tsamen werdigh ƒ 1485:-& tselve

3353 3596 2351 166 nmet uytterste expeditie de doen lossen & mij toe te seynden

3383 3650 2450 195 Monst Jan Kent van londen schrijft met de laeste brieven

3368 3786 2465 125 van  dat hij te voors pack N11 s'anderdaigh soude laeden

3359 3869 2481 147 aen boort ditto lewen & dienvolgens can ick heb cognossement

3365 3979 2440 145 niet dan voor naeste postdagh ontfangen t'welck piet e

3355 4046 2425 218 salo versoocke evenwel geen beletsel & sy tot het lossen

3380 4145 2408 168 & voortsseynden van te voors pack biddende mij monge

3388 4212 2351 144 sonder fant gelieft te laeden weten ofte bydede voors packen
