7919 4541
954 221 2266 90 bee in that affaires committed or obrah vivian then I shal no

955 250 2264 148 doe itt for these gentillmen shall make no conscience to spaspe

943 359 2297 160 my monney right or ranck, pray a word & help mee herm

965 448 545 164 whilst I rest

730 486 1337 283 brussel Peere Vallyn Junios

2866 557 323 171 18 feb

936 647 2323 197 In antwoort aenden ue van 12 deser de redenen die ue alle geert

896 773 2355 153 waeromme ue my noch niet hebt voldaen sijn excusabel, dogh

950 843 2234 140 temandt die negotie doet behoorde inde tot van 4 maenden soo

969 953 2274 160 veel ten midesten connen uyt te splyten te voldoen eene alsignois

959 1039 2283 163 van £50:- gelyck ick op 13 sber laest tot ue lasten hebbe

983 1142 2273 157 gesonden aen Mons rousseau & alsoo de selve met hem gepassen

971 1218 2208 191 is in rekeninge van het iaer 1693 soo moet behoorde die soo

965 1365 2190 127 voldaen te worden om geene confusie in de boecken te maecken

993 1467 2269 106 derhalven ben ick tevreden volgens ue versoeck noch een maent

965 1504 2255 187 ofte twee te waghten midts conditie ue de voors £30:- n 3

976 1617 2267 197 ofte vier daegen aenden voors rousseau voldoet, 't welck soode

969 1744 2266 164 re fuseert my meet dienen tot een teecken twelck soo ul refuseert

969 1810 2249 162 mij meer sal incomoderen als ick ue wel kennelijck mache

981 1912 2233 128 ende genoeghsaeme reden geven van volcomen Mishoegen

979 2010 2184 124 daerom terwijlen ick in uwe gevalle al doen tegene ue

963 2134 2262 127 begeirt son en dencke niet dat gij mijn voors versoeck sult

1811 2189 208 76 blij

1422 2210 171 67 er wd

951 2187 2268 186 weygerens mij yte ofte andert segge recht uyt dat ick het ue

2925 2285 256 178 16d

748 2323 902 215 brussel vallyn senior

971 2407 2209 182 tis mij leet bij den ue van 12 deser te verstaen dat het godt

946 2539 2238 192 bebieft heeft met eene appeplesie t'affligeren, ick hope

972 2672 2289 132 het hem sal gelieven ue volcomentlijck te herstellen, ingeslote

949 2718 2320 152 een brief aen ue sone volgens den welcken ick ue laet sugeren

944 2847 2243 175 ofte ick meerder civiliteyt can gebruscken & segge opentlijck

932 2920 2248 228 uyt sulckx te geschieden tot ue versecte, want ick hebbe

2821 3014 436 104 als princi pael

928 3034 2332 189 hem noyt gekent oock hem niet gecrediteert maer ick, hebbende

932 3117 2276 170 ue wel duydelyck mij gepresenteert het selve schriftelijck te

937 3273 2291 147 herkennen, soo ick aen ue woort meficrede derhalven compt

937 3343 2298 146 het niet te pas te geggen het syne affairen syn & niet teu

956 3467 2292 119 dit is oock geensins tegens syn respeet oft credit, alsoo dat onder

943 3542 2307 152 ons is, ende tot affirmatie & maintineringe van ons contract

945 3659 2245 161 het is oock onnoodigh daer over wedersyts veel te schryven,

940 3810 2316 117 mits ue een man is van soo groote eaperienne & principalijck in

913 3865 2338 124 stiel marcautiel, soo dat ick ue eygen genmoet laet rechrer

920 3942 2316 132 wesen, hebe oock meerder reden van n gevoelen van

920 4041 2344 166 de plaisier te thoopen dat men mijn dilayeert n over de

935 4160 2329 145 oier maende om eene arme £58 te betalen op rek

924 4250 2266 108 van tgeve j 13 maenden geleden is  geloft was

5737 158 89 110 11

3509 207 2396 149 contant, ue brief van 10 lunij laest geeft mj geene meerde

3476 307 2352 183 satisfactie als desen, soo dat daer aen te referren mij oock

3469 394 2324 174 ofte ue oock niet can ontlasten, & alsoo myn int rest

3882 480 135 84 eens

3475 493 2379 180 is meer als met iemandt te handelen, daeromme hebbe ick

3438 633 2353 161 tot nu toe soo gesinuleert & geirne gewaght gelijck ick

3459 717 2395 189 noch bereyt ben te doen mits voldoende als boven & oock an

3454 800 1744 193 ders niet & governo naer groetenisse blijve

5282 877 477 229 1J

3353 896 878 216 mest w Button

3455 1020 2326 169 myslen dequit van de ƒ 20 van Jacobdie

3470 1164 2377 173 leger daer is  ½ te vael op sijn noogh & i

3460 1241 2260 208 ƒ326:¼ gesellt so is dar 5½ te lett ul det

3440 1347 2409 213 heb op 9 deser aen u ges, met een iigsslten aenden

3415 1516 2458 130 procursir volrt maer principalijk, heb ick der

3425 1578 2477 197 tredi u gesonee 29uitmitien ider van ƒ 20: voor

3420 1694 2424 175 2 saen ntrest tel laste destade hulst, sgelijk ul

3902 1813 1918 139 en ckwel en eer hen onfange

3401 1941 2467 150 heteene bewigment 1693 & het ander gineirt

3425 2003 2458 201 1694 soo ue de selven brief en quitaentieen niet hebb

3426 2110 2433 158 ontfangen soo goede terswat bij mijnst blank

3437 2247 2328 156 oft die now rentm is en seglch hem dat ick u soto

3427 2286 2433 211 2 qutt. heb gesonden, en datse ie en ck wist heb

3428 2446 2455 141 ons dat hij oversulx daer vore aen nimand

3409 2545 2454 160 andrss gelieft gelttte gee als en ue pvent

3397 2624 2398 190 soo die brief en gentien n quade haiden

3463 2728 2360 199 van soode wael connen seede lijden doer

3403 2853 2464 174 comhadt w erte vede wat daer van

3397 2965 172 134 pes

5493 2995 335 215 22 f

3347 2977 1097 230 Londen Walter & Will Kent

3396 3138 2490 197 sence my last of 12 curt re yours of 20 as to the convoyes

4238 3242 92 69 m

3394 3296 2405 156 from hul to amst that must take is cours you have

3400 3360 2457 192 fullow order therein, butt the 2 mushe cullours will never sell

3395 3513 2441 169 in my weireed, & seenge the other northrens will be with you

3422 3598 2397 199 by this time send such as will be to my patt sent last post, &

3395 3721 2436 197 I will have non others, so you may order to be send up, what

3384 3813 2500 228 shall be wanting to sayd patt, butt in case a convoy was to depart

3401 3901 2435 222 or departinge, before, the rest could be with you from the

3391 4058 2404 191 nord then pack uis what is to my patt though 5 a 6 a 7 p

3387 4126 2417 206 the white grayes I hope you can dispose to an other if cob

3422 4226 2379 166 mist take them, butt I rather had not 1b eaave & bought
