7871 4541
2777 190 502 164 24 Juny 1694

750 201 1094 150 Londen Wall & wile kent

922 269 2333 151 on the 21 curt was to you my last with copyes of my letters of 7 &

918 406 2318 131 10 ditto which am soory did not reached your handes for I finde

900 496 2310 164 by yours of 5 ditto that I have onley to exspect with the ostend

863 590 2417 148 convoy 4 pack, 3 there of with spalclothes, & a monghts all then

905 718 2349 117 not one fine cloth, principally the chest nust cullours, & some

910 813 2371 164 upon the draps of about 14 ƒ, neither one darck gray, of 8 a 9p

894 916 2376 145 so that you send mee what I doe not much want, which troubless

917 977 2345 164 mee, so I will onley have to be send mee p the vere first convoy

908 1113 2363 125 the 2 superfine chestaat cullours, & 2 ditto mixt with a litble

909 1184 2356 169 white, a vere darck chestuit drap with the 2 fine new cullnts

2442 1277 647 94 so N 14  & no more sill

1406 1282 879 103 ƒ11 a 28 N 3 of samen dato p

933 1277 2340 201 of the 7 cur, with 2 a 3 darck grayes, the nest mest

780 1406 172 98 or de

905 1383 2346 155 on other omored convoy, butt I have then vere ill, not to abseve

2850 1462 233 89 aei

924 1496 2263 157 the fine cloth with this convoy, & worse to leave beunder

922 1605 2312 154 the 5 northrens att hull  according to your formar advise

913 1695 2296 152 were readdy above 4 weeke agoe & might have been shipped

913 1782 2250 141 without the 12 p ordered 24 mey, interim itt zeems that

917 1867 2239 167 the amst convoy from hull bee arrived, trade so is vere

919 1981 2349 147 dull, co that I am not much encouraged to im order anneythingh

922 2112 2303 142 more from the nord, as yett & from london ouley what I have

916 2186 2342 165 expressed by my last, for which you have now time enough prin=

932 2297 2248 181 =cipally for the worster frises to pick & choiouse the best

898 2396 2285 199 priser & cullours & what you can not finde order them to bee

893 2485 2358 164 made principally the light cullours whereon & depend & rest

926 2641 2336 133 lett mee have some remises as desired p formar & 2 a 3 ƒ 315

914 2699 2285 187 for amst futt pray take the best trels & rather a penney

944 2825 166 140 ls

2690 2808 520 218 J July 1692

744 2837 811 274 Amst geerd Rover

930 2942 2336 189 volgens de ue van 24 & 23 pas dencke myne 2 packen voor nu versonden

922 3090 2345 164 daerentusschen met de laeste engelse brieten hebbe ick het in vengaende

895 3201 2302 152 cognossement becomen van noch een pack N53: gelaeden in tschip

909 3291 2359 156 van thomas haworth van inhoudt & weirde als N 48 t'welck vervolgen

912 3392 2329 170 oock gelieft te lichten, & over ter gouda my toeseynden, onse schepen van

903 3494 2355 151 londen naer ostende derven niet afcommen om dat 8 a 10 franse oorle

939 3582 2312 155 schepen onder Jan bart op onse eust hrujssen, het convoy van hull op

911 3682 2365 132 Rott was oock seylreede, godt will die bewaeren te is een schande dat

921 3791 2339 121 die van hollant & Engelandt gedrogen dat de fransen een schip nem

898 3868 2303 161 & daerentusschen sij doen wat sij willen op 7 pas hebbe ick ue met

902 3975 2354 145 sulg gerecommandeert den ingesloten op londen, dogh hebt ongeluck

922 4044 2305 173 gehadt dat den selven met brieven van 11 maer is voorts gegaen, & &

890 4177 2246 121 neffens de andere inse door die van tgenomen pacquet boot in

911 4274 2234 96 dee geworpen te is dene ongelegentheyt voor ons de t wij een

3499 209 2382 109 ander moeten moeyelyck vallen onse brievven addies te geven &

3498 246 2423 166 bidde in toecommende prompter expeditie, & naer groet & gelyck aende

3481 349 953 143 ingeslotene terwijle bek

5364 397 536 210 J Julij 1694

3334 449 1059 218 Leijden hendrick Hermantze

3504 533 2240 143 volgens den ue van 25 pas verwaghte ick het laken N 15 ick en

3497 672 2296 145 twijfele niet ofte gij hebt dat wel laeten heet persen gelyck ick

3469 750 2428 132 begeire dat aen alle d'andere oock geschiede nu moet gij alleen van

3469 831 2410 173 Laureijs ka N19 ontfangen, & seynt my al & seffens & als deee

3478 961 2406 138 gedaen sullen sijn, dan sult gij myne rekeninge seynden, dat ick ue

3475 1050 2379 148 dan weder eens betaele & de verven waer op gij moet letten geljck

3475 1126 2385 170 ick ue voordesen heb geschreven, dat sy 8 ten hondert laeten corten

3449 1246 574 125 waer mede blyve

5388 1267 379 194 rijuy

3321 1325 943 182 Londen Wall & Will Kent

3471 1393 2417 190 My last to you was 24 past, to which referre you, in answer to yours of

3475 1533 2287 129 8 & 12 d the ships from hull are arrived att amst: I wish I might

3476 1610 2394 171 writte as much of those for ostend, butt they are debained because o Jan

3456 1700 2372 177 bart with 8 a 10 french ships cruriseinge upon our coast, god send

3466 1802 2440 151 them well, & preseve from losse: by my formar letters you will finde

3430 1914 2472 123 what you have to provide viz flo 1 pack to containe flannels & swanckens

3458 2034 2447 91 bacjes, & the worster frises, which must come for ostend, so gett them

5357 2063 370 91 in the market

3475 2094 2416 119 eaddy by times & made such cullours, as you doe not finde, & lett them

3460 2186 2416 145 vee made up in 2 packs least the next ostend convoij should tarry to long

3457 2290 2394 148 then could I have one pack for holland, if you examen my letters &

3442 2341 2440 202 principally that of 1d you will finde out how manney sp clothes bee

3435 2459 2484 155 wantinge to compleate my orders, principally that of 20 mey last to which

3729 2561 212 90 boright

3378 2565 2379 187 IAinde as yett 2 p viz one to N beeinge N 262, & 1 toN3

3477 2640 2384 171 beenge N 274, so that there is 5 p wanting fo that order: 1 gray of

3463 2748 2429 141 13 a 14 ƒt of the order of 3 june, 2 chestant cullours of 3 ƒp to the

3446 2830 2317 154 patt N1 of 17 mey so there is 8 p wantingh of forrmar orders

3476 2923 2370 191 besides what I writt for 7 & 10 past all which you may prepare

3446 3052 2400 161 for the first convoij for ostend & doe all what you can to procure

3445 3138 2481 178 the 2 superfine chestuut culens & 1 a 2 d dro darck & browne

3438 3267 2456 141 draps with the 2 ney cullours, which 5 a 6 p must bee of 13 a 14 d

3448 3356 2459 152 with the dark grayesiso as I writt you by my last of 24 past, which

3453 3455 2453 144 must come by the vere first convoj for holland, wonderinge much

4918 3534 138 80 1h62

3454 3560 2408 168 that all this time you could not finde & brownes of 14 p they

3460 3665 2414 125 could have been made  his, I hope you shall send mee some of

3450 3769 2458 118 them by this first convoy for Rott from london, because I have

3442 3858 2481 142 so long sence promised the brownes & browne draps, butt the browne

3417 3927 2497 219 draps must, have a little white as possible, bee of a chest it brown

3722 4021 208 91 withen

3433 4074 2420 152 ground ti an eij white bis I exspect some remises for ams

3433 4149 2472 132 & for this place as writt you before & advise what passes remaidie

3428 4215 1680 106 lett 4 a 5 p be added to this patt close mixt of 61

3461 4260 2392 112 about 7ƒ 1i z 1 of 6. a6„ 6in 2 of 7 N 2 oƒ 8  & 8 ƒ a g0 mrt
