7954 4521
2630 209 431 161 29 august

787 227 1633 158 Cortrjck Mejoff de weduwe canss

959 289 1957 160 Ick hebbe den ue van 25 deser & andere ontfangen

906 403 2315 138 & aen mons Jan Baptista ue sone ter handt gestelt, die hede

941 485 2274 193 sijnde saturdagh sin orgens over moerdyck naer hollant is vertroc

939 577 2258 202 ken heeft van mij gecoght 4½ geverfde lakens & 3 poortsche, vol

937 679 2261 212 gens de medegaende facture bedragende wisselgelde ƒ 2265: 14 welck

925 830 2121 138 vervolgens gelieft te notteren, dese lakens sijn gepackt in 2 packen

963 888 2193 192 gemerck W CN1: 2 ieder inhoudende geljck aenden voet deser

932 1020 2213 129 ende sijn gelaeden in het beurtschip naer gent geaddresseert aen r

944 1114 2208 140 coeniaerd de moermeester om ue ordre daermede te volgen het beurt

921 1203 2136 187 schip vertreckt morgen sonder tant, & hebbe eendeclaratie

927 1310 2272 179 medde gesonden over het pack N 2 twelck inhoudt 7 antwerpt

946 1403 2225 186 geverfde lakens waer in voorderen dinst can doen gelieft liberlge

923 1544 1015 199 te commanderen die blijve

2570 1748 532 131 P 34 augusi

764 1720 838 189 Gend aenon &ebur

908 1762 2271 249 Ick hebbe den ul van 28 deser wel ontfangen, & alsoo het convoy grarriver is

917 1910 2254 184 soo sullen ul differente packen voor mij toegesonden woorden waer voorsop

898 2015 2272 183 goegen sull, goede occ geseet m aecken te schepe cite te seynden. besalven

918 2092 2264 142 S n. 19 & 122, dis te waegen mij suls voortseynden,  daer toe geen tijt ersuynen

917 2230 868 134 adviseerende wat passiise

2580 2319 540 214 4 t miyse

737 2417 757 149 Tilborge Wonht Segers

900 2499 2306 167 Ick hebbe ul ges dat gij naer leyden sout seynden 2n lakens 3 600 tot carnesijn

887 2590 2334 177 Ick dencke dat gij dien brief sull hebben ontf, ende die al reede versonden, soo

894 2660 2338 205 niet laet dat terstonts gesehieden, ende boven dien nogh een stuck, van ontrne

912 2769 2294 179 eenen ducaton d'elle, ende een van ontrent de 12 p d'eeee, oock toe carmosyn

884 2859 2338 175 maer draegen sorge dat se kleyn van daer vallen, want dat gros

901 2987 2244 122 van dnaer vale, can ick niet quijt woorden, oock moeten de 3600-

911 3074 2226 118 van de Hijnste wolle wesen, & gen. doeter nogh een bij tot swarr van

2891 3118 182 121 4:

908 3166 1314 138 ontrens 1M a 68 a 69 tth sijn van Duaet

2581 3281 480 148 @31 augusti

738 3272 964 173 Leyden Hendrick Harmansn

871 3388 2315 163 Ick hob ul briefvan 14 deser wel ontfangen, ick en twijffele nu niet, ofte het

896 3502 2180 125 ladeken N5, is t'sedert gedaen, soo dat ick hot selve ten eersten verwaghte

884 3584 2272 153 ka, die schrijft dat n. 6 nogh op 't getouw is, dat niet wel gedae is mijn

890 3685 2300 161 goet soo langen onder canden soute wonter segers van Tilborgh sal ul sejnden

908 3750 2324 182 & lakens, te weeten 2 „ 3600- daer van eer eene blauw, segge het alder bmynse

899 3889 2293 147 mantel blauw, op sijn violet, coses ander, carmosijn, gelijck oock de 2 andere

884 3965 2296 173 u&. sult doen verven, soo dat 3 st moeten carmosijn sijn, & 4 blauw, van

902 4077 2270 129 die van wonter segond, n.5:6 swant, maer soet carmosij moet sagsonder

897 4149 2328 147 wesen als beseeleste dat dese te veel blauwen, oft coosen p wat goet dat me

909 4271 2315 122 haer baengen ofte niet dae van maurisius wit, passieret al, soo welin rt

3429 212 2435 128 bereijden als verven, waer aen sulckx sapert, can ul wel ordeelen, wilt gij van

3422 297 2423 133 mijn veel te doen hebben, soo moet gij op ul bereijden letten, & e goet af doen

3423 398 2447 117 want men niets can vercoopen voor dae see in 't packen uijt is, e ondertussen laet mij

3425 445 794 165 weeten wat past & blijve

5225 634 575 154 C 31 augusti 1693

3298 608 549 181 BRrusel Lauys ie

3410 710 2442 171 Ick ben fier verwondert bij den ul van 27 deser te sien dat mijn laken n. 6 noge op tht

3415 808 2442 195 getouw is, te meer om dat ser nu 2 maenden geleden is, dat gij sester sijnde

3404 912 2476 179 seijdat het op 't getoue was. al is eenige van u volck sieck geweeste, soo gebbenge

3407 994 2402 167 alte maes niet sieck geweeste, & t is & was, & verlight, hoo mijne te doetn

3414 1109 2450 167 afweven, voor tot vive, sulckx dat ick seer qualijck neme, dat gij mij sier

3413 1234 2460 147 gane abuseert, daer om, laet het terstonts voorss afgeveren woorden & diaen

3411 1322 520 170 Leyden gesonden

3479 1493 109 140 m

5379 1510 393 138 31 augusti

3331 1474 1199 241 uist dher gen Roekens Jover

3430 1567 2263 187 t'sedert den mijnen van 27 deser den ue vanden selven dat ut

3410 1705 2419 176 ontfangen waerby gesien dat syke siours tobbremen noch

3404 1793 2500 187 bleef liggen als de schepen vandet het convoij van daer naer delve

3410 1903 2470 189 moesten & dat die schippers daer in geene swarigheyt maecke

3398 1983 2405 213 supponerende dat hij door het leegh waeter op het wat leyt,

3415 2095 2273 186 verhalven sal ick derisice vande ƒ 400:- selfs loopen

3415 2163 2433 196 tot dat wij naerder kennisse van hem addroitue becomen: onder

3416 2293 2414 144 =tusschen can hij met dese winden niet voorts comen alhoewel

3426 2386 2342 156 met de nieude maen water genoegh aen twat sal wesen

3441 2478 2316 187 godt seynde hem salvo, sijnde dese wyden tot couvert

3431 2596 2424 177 vande ingeslotene aende welcke voortiganck gelieft te gen

3422 2641 1258 178 blijven naer moete arsse

5533 2741 283 157 25d

3315 2719 1123 279 Lnden edward Gaydchell

3421 2835 2430 227 I have receaved in due time yours of 12 sppart from Rott

3395 2972 2469 193 which I have delivered to my cosin mr Jacobuselias Jans or, who

3405 3073 2472 168 hath answerred you haveinge inr custis & dewalf sence forwarded

3401 3154 2423 205 to mee your 3 packs, which I have consigned as you ordre of

3402 3263 2413 165 in handes of my cosen afore said, & he shall rembourse mr

3413 3420 2432 133 eustis & the wulf the charges on the goods hopeinge that he

3381 3468 2167 217 shall encorrage you for a futture trade, whilst I I rest

3321 3560 1122 209 London Jan Kent & comp

3398 3671 2493 209 my last tod you was po curt careinge remise remise for  400

3419 3786 2473 155 which I hope reached your handes I sence receaved yours of 4 & 8 ditto

3423 3928 2429 138 vwith account patt, bills of loadinge of N21. 22 & 23 all whhe

3432 3986 2411 200 & the convoyes are wel arrived att ostend desireinge you to

3424 4081 2356 178 desist further buyinge, of anney more goods for mee att london

3413 4204 2454 183 till further order o so much I exspect onley from you this
