7912 4548
945 159 2254 172 toenaenm montiere, ad daon evics ie gerepiteers voorde

964 250 2207 164 beste wat convoy sy staen te hebben & wanneer te vertrecke

952 312 2253 188 als mede tot wat prys costij daer op wort geteeckent waer mede

944 402 2221 181 nee mij een aengenaeme dinst soude doen, versoeckende voortgancke

953 492 1469 158 aen den ingeslotene naer groetenisse blijve

961 504 2233 264 itt will not be a wish to ad 3 a 4 light coft cullours

972 677 969 200 f7 a 8 of there about

2745 685 400 175 8: may

753 775 637 210 Brotel aureys Ka

948 810 2294 223 M brieft van 5 deser ontf. hermains heeft het laeken N. 14 oock becomen

932 939 2346 214 seynde 23 met flvos ƒ96:- mackt mijn goedt gedaen soo haest doenelijck

942 1016 1837 200 is sal de naeste weke nogh ƒ100- huys seynden, blijve

2789 1125 319 166 6d

946 1163 1050 157 adviseert den ontfanck deser

766 1257 803 156 Brussel Bouseau

905 1273 2336 202 n  pour plis che  du 5 & 7 cour. cy jan

939 1400 2271 163 la seconde du demire remide sur paus de N50

974 1501 2215 174 92 ½„ corvant qui van lvvez envoye la qis

977 1588 2293 194 deris ceptatien comme anssi la preiedente, aus

932 1681 2248 203 que lindorseur ma recomende vens avec

952 1796 2268 187 credit dour vr remise de £50 sur Jacob de coninck

960 1880 2310 202 ayant xad inn comtr, ie le trowe daune

945 1973 2277 165 aen notte hone 9 patarr & ma preiudie sinoir

982 2089 2261 198 conmaele tep oe magin dex aie

2819 2186 450 160 8 ey

977 2217 294 121 nett

752 2265 1016 212 meggelen van alen

983 2344 2217 212 heb den ue van 6 deser ontf als me desde dujhod

976 2488 2302 161 qued visselgelt volgen de quu daer terick leneur

972 2551 2088 168 Ioetarkent ants absent was gelyen den ½ g laken

967 2646 2139 181 en tselve doer caermisers doenr opan

948 2739 2249 176 dieseggen die faitt door ten elermet is

934 2829 2217 181 tot geomn, en dat het eon bostenick is

946 2915 2343 174 dat hij tsulle wel had connen mijden, oversul

965 3004 2262 209 is ne dat niet te velijten, en moet al eert

954 3125 2335 160 ander fouten nist betalen, e sor die cleana bit

933 3211 2346 185 eilten sal het doer j an sijn ambaght

939 3322 2349 199 laten n  en hem op sijoons cnie aen ot

907 3431 2373 187 joft magh van sijnen heoegen doer een heet user

879 3521 2413 190 het nmet heeft vestng, want sulx is door

933 3623 2246 198 diders, e&nd. enggelant absoluet niet geer

907 3686 2364 242 now daer is niet weel swarigheyt at

935 3821 2150 181 laken naer de engogaten  te betalen

963 3919 2301 155 is niet nedelijk, ick een ul wel helpen maer

959 4027 1779 199 geen cliemaken bolugheyt betalen

3373 184 660 175 brussel Rousseau

4877 206 1051 152 brusseC 11 may 1694

3517 266 2397 171 en ve soome alaen dhue cy iont revars envoylis

3498 411 2397 140 2 castues acepli vn ƒ1000 p s edalman a 72 N 124: 293

3470 484 2428 187 so vendes belastrote fs Jacobus nrosselman, avant achatte au

3560 603 2363 124 edhuy pens £300 payale argent contant adrel dacord

3491 723 2434 153 den eaud 2 mois, fritt moy la graed de . e suire ve op icu

3469 818 2422 158 il qie ot tra un lett r deschange rauttsfois quand ie frsois

3476 889 2404 137 a voyage by mest, il payort fat byen1ak ie mey

3479 1009 2431 151 p as s ja chalaudise denink 5 a 6 auel, en attenden

3462 1090 2456 192 ursone denar apies  d e double port

3474 1240 438 139 s

3370 1268 870 265 brusse ander brges

5534 1364 212 116 mey

5478 1340 49 149 si

3443 1365 2423 259 In antwoort aenden ue van gisteren inden eersten soote soo

3400 1491 2517 225 ist mij seer leet het afsterven van mons vanderborght ue man & alhoewel

3427 1585 2501 209 het alderdroewighste voor ue is, soo bidde ick ue evenwel het soo niet te conside

3446 1704 2491 162 =veren, mael ue geheelyck inde wille godts te resigneren sonder den welcke

3439 1775 2422 199 wij evenwel niet en connen & waer van wij alleen dependeren, godt wilt

3431 1866 2438 215 syne Ziele d'eenwige ruste verleenen & wij als wij volgen, de pack lakens,

3433 1942 2497 225 e geelmarck can ick niet minder als £20 geven & ti coleur laken ƒ 3:10

3443 2045 2414 261 het is mij uytterlyck leet, dat alles so nouw moet bedongen worden

3442 2174 2454 227 ondertusschen is tseher dat niemandt in tstadt beter coop geeft als ick

3438 2276 2478 190 & doen wat ick can ten respecte van ue, evenwel mach ick geene schaede

3452 2394 2463 190 doen het coleur laken is een laken van ƒ6 d'elle, alhoewel ick dat

5573 2482 341 120 genwordg

3453 2504 2376 138 voor ƒ5:10 laete & ick doen meer om ue calandisie & vrindtschap te

3454 2629 2439 119 onderhouden, als om het profyt, oversulckx belieft ue het een

3452 2717 2412 169 offl ander te hebben, ofte oock de geperste daer ue de staelen van hebt

3449 2792 2386 169 commandeert liberlyck, het sal mj aengenaem sijn soo ick we

3434 2877 1574 205 can dinst doen, die naer groetenisse blijve

3359 2996 652 227 Amstt Rover

5412 3055 368 183 18 meij

3448 3103 2435 219 In antwoort aenden ue van 7 deser, sal geirne te gemoet sien eene lyste

3415 3223 2505 225 frande schippers & schepen die naer ladiz & de straet staen te vertrecken

3431 3374 2430 140 hier syn differente persoonen van van volcomen satisfactie & groot Capitael

3422 3445 2442 142 die hn het ae assureren, soo dat men hier met alle gerustheyt can

3440 3540 2323 145 bedient worden waer tsaken dat maer genoeghsaem voortiel derhalven

5294 3638 75 48 en

3441 3617 2401 151 heeft ue ofte iemandt van ue vrinden occasie moght scher vande uytterste

3421 3698 2360 172 securiteyt & in cas van verlies prompte voldoeninge sonder slcanen,

3421 3799 2450 177 oock ondervinde ick dat men hier beter coop te reght geraecke als ue

3422 3907 2476 152 hollandt op groote reysen, de wisselop costij was voorleden maendagh

3422 3993 2448 138 mede aen bi vallen dogh d' en gelse quaemen aen trecken & broghten

3438 4099 2447 114 het op 3 heden apc midts ons de engelse brieven manque

3419 4191 2422 129 ven hebben de treckets op london onder de 32: 2 en niet wille

3438 4266 2460 124 doen alhoewel over eenige daegen a 32: is gedaen dat sal hem
