7947 4548
2831 205 373 110 5 augusti

755 221 922 168 Leuven Jan de goede

915 251 2301 214 Ick hebbe ue brief van 27 pasto op syn tijt ontfangen, &

902 376 2187 190 mede de ƒ143 van bernaert Schoreels in voldoeninge

920 477 2301 156 van alles, volgens ue dat begeirt, maer dat u het met op de hele

912 570 2257 183 settee geen gelt te willen geven ten sy ick volle quittantie geve

919 662 2302 171 daerontusschen heb ick ue genoeghsaem geschreven & aen gewel

926 825 2196 141 dat ick vande voorgaende rekeninge noch ƒ5 moet hebben

895 878 2293 183 de welcke ick ue niet quyt schelde in conscientie, alhoewel ick ue

919 985 2222 148 t'recht ue dat niet can vraegen, ick hebbe niet willen

938 1076 2271 210 wijgeren quittantie te geven, omdat ick wel wete gij een discreet

943 1166 2266 185 man syt die het myn niet en begeirt, ick hebbe geen superfijn gpes

907 1272 2305 162 volgens ue stael maer welgemeyn van 3:4 a ƒ5- want

926 1382 2203 208 ick rekene de superfijne van 6 tot ƒ 7:10 can ick ue met

959 1462 2199 181 eenigh gemeyn goet dienen laet het mij maer weten, ofte

948 1595 2216 156 eenige provisie te gend en winter comt mij vrijelyck besoecken

2660 1672 567 190 voor 3 Augusti

761 1694 677 231 Gent Herrebout

940 1764 2278 207 Ick hebbe den ue van 19 pasto op syn tyde ontfangen, & doncosten ver

905 1876 2306 143 teacken N14 ue gecrediteert, ick seynde ue ingesloten 3 wisselbriefken

912 2010 2313 107 de welcke gelieft terstont te laeten accepteren & mij wederomseynde

931 2071 2240 166 maer soo sy niet en willen accepteren soo moet gij geen prorest

930 2174 2101 134 doen, sij moeten dindagh daerbij stellen dat sij die accepteren

925 2274 2274 157 omdat het op t dagen sight is is den eenen van £30 op repu

927 2416 2262 151 de buck den anderen £25 op geerd timmermans & den derde

954 2467 2114 177 £29:10 op den pater procurator vande Jesuiten

2792 2614 366 162 7 augusti

723 2607 1025 253 Mons JBapt Masson

927 2758 2234 200 Jay reccu en soutemplachere vre du 6 passe, le ƒ500: d'ont

943 2845 2231 208 vre grace parle sont paye 21 Jan mey dernier, l mois & 17 iourt

934 2951 2293 216 , et ie ne trouve pas d'avoir receu ƒ300 un mois au paravant

928 3073 2285 151 mais bien le 25 auril 1692 paye p le S grison ie croy douttre

912 3156 2302 144 pas mais que ce ƒ300 sont donné a quelque autre et puisque

927 3256 2287 176 vous me demande patience ius qu'à mois de sptons pour payer

927 3375 2262 164 le ƒ500:- ou faire remise ure atience, et l attenvereze

1831 3457 105 62 pa

1661 3453 152 72 aure

919 3456 2250 168 suitte, & quand vre grace cette ƒ500:- il restera encor mille &

2612 3555 160 68 encor

935 3555 2271 188 dixneuf car selon vre compte vre grace m'est a present redouable

911 3639 2216 191 £253:3:2 en, ie suis trop bien afsure de vre civrlite

934 3755 2233 195 hop nestete pour preudre le moons compcon, mais mons vous

906 3811 2314 234 n'ignore pas que chaqun doit vivre ie le gaigne, et quil faut

933 3941 2278 200 bien un Grand capital pour tenir le magas in en reputation

907 4053 2305 180 & nous n'avols pas credit en angletterre, mais ce gous tiront

909 4138 2299 202 avesi tost que la merchandise est achapte, le bon dieu nous

887 4226 2231 151 donné las paix en fin qui noue puissons avoir la

3398 147 2409 188 commeee a eey a samiser py e as d rile e

5406 301 363 141 auguust

3265 280 1106 251 Mons Laurens frans perrin

3400 307 2454 278 J'ay recett en sohtemp la vre de 18 passe le quelle me surprend, d'autant

3371 496 2471 183 plus a cause que la partie que vous me devez estsi inconsiderable, et que vous

3395 532 2432 236 fois de dilays pour le payer, comment mons perrin que estime comme

3397 643 2355 165 tout le monde pour le prineipal marchand de drap du mons doit il

3388 711 2407 202 differer d'adiuster avec moy ce quel me presse si considerablement pour

3375 796 2370 204 des raisons m'excusables, cause p la mort de ma femme sincorement

3394 895 2381 218 vous devriez estre plus sensible. ie n'ay pas memoirx qu vous m'avez

3398 989 2376 232 offert quelqu argent, mais bien dans lan 1690, quand vous voudriez

3399 1112 2415 169 renvoyer le drap fillia mort, vous avez offert quelque argeitt le

3266 1136 80 127 d

3400 1203 2414 155 drap, et depuis en pon de autre chanse de vous le drap port d'exhout

3388 1274 2397 176 livres tellemont que la com la reste du compte precedente ne port que £3

3946 1366 131 58 sme

3404 1340 2409 199 17:9 en et ray bben souffertantant pour vous p la veute de vredrap

3494 1424 2332 161 oir de seu, ce que eglisse et demand seulement la msite reste que vous

3292 1496 2269 173 bugge a dimond & Jonas curtis & deves £23:13 tn tevey en 7 staguss

3320 1564 2496 193 gesien bij den ue van 26 passato aen mijn cosijn Jacobus Pleas eniongeschree

3335 1688 2438 179 dat ul geen adve en hadde van mons gaocke aen hem de 2 gemesntcontende

3371 1762 2462 165 packen sergies te senden 't gene geloove bij comt om dat hij seydde geondonneert die

3354 1834 2490 175 aen mij taddresseren volgens den sijnens van 12 Julij uijt Rostendam metwelck

3383 1937 2470 150 post hij aen ul de sevegens heert geschreven als mede aen Joan dewalf de syn bree

3355 2043 2508 146 wel heeft ontfangen en het goet voorte gesonden, den halven dunckt ue doedie

3378 2080 2470 136 niet genoegh saen tot al deschaegie de packe. een voors leas tesenden can ul

3379 2166 2472 121 de soe mij advesseren, hebbende van mons: gatchell de noodige ondre deselve hem

3390 2242 2427 147 over te leveren, ten is niet a pasent dat mons. getchellas yn het packest boot

3386 2334 2471 151 geweest dat door de franse chpens is gesoncken, om dat hij aen mij op 12 heeft gescheeer

3337 2400 2438 156 en het paekest toot den 11 wijs in gelgesteken, eghte doot daer en naer genogden

3389 2507 211 149 blef

3398 2588 2424 180 que vous m'estez redouable en argent de change, comme ie ne doubte pas

3381 2758 2468 128 mais que vous payerez a mons trivier & non pas un pattacon a 52 pate

3379 2804 2406 188 cer a ce prix laperte seroit encor ƒ12:- raison pour quoy ie vous

3374 2913 2434 191 priee de prester ce que vous m'escrive de me payer sans que ie perde

3362 3015 2403 169 je sous & ne dilayer plus long temp, le drap fillvamort estant

3372 3133 617 161 dete 3 asis livrs

3295 3253 706 210 mons Jaques trivier

5453 3291 343 174 7 anter

4774 3339 290 163 Puilles

3391 3392 1261 161 il suis honnere p la chere ved du

5161 3355 179 160 1en

5459 3415 210 102 2 mte

4144 3421 1611 128 pays a mon grace plaie son lagement que ie voye vre tenne

3391 3533 2357 90 vos fort mal a monsr le Sr masson me promit de payer a a mois de

3394 3583 525 75 oftice envers moy

3390 3592 2450 171 soer iespere que buston tiendra la parole le  bas court na pares pou

3371 3706 2428 139 du, il me semble que cette homme la n'est pas bien intentione car depuis

3399 3777 2410 148 la prise de mons ie me n'a iamais escrit, ny donné de largent, cy iogent

3375 3849 2442 175 une lettre a mons perrin le quelle iespeuz luy obligera de payer mais

3383 3941 2410 219 meurant il medoibt £38:1:1 en de change, et il e fait tant de

3379 4080 2438 147 sicanen & escrit tant de fois, present ant continnellement de me

3389 4181 2382 118 fain tenir a sfuvers £33 de change a ser depences si ie voudrois

3404 4279 2273 120 luy donner ma quittance, et ie n'ay pas vol accepter que
