7940 4541
2534 175 558 165 e 5 Jan 194

744 204 702 179 Bruggh cot6

984 304 2171 183 diet mijne listen van 22 deser den ue vanselved

954 412 2079 174 decomn, u vrant dat de geintresser imde

918 522 2271 182 geberge gord. van ilet delaye hure face

966 592 2234 137 oft cooge teme, want o die gadde

978 723 2199 109 h indie sehvere sijn blijven lien, conen wel een

963 784 2249 179 g a geewelt gestolen wordp waer van ue en

973 850 2283 177 anderere geuo u r dien iel dis ver sakesu

1008 971 2167 135 eeles neen eghie hips die van ostende de gnd. in

958 1050 2275 177 lat sulle n hebben braght en daer wel versekert

973 1153 2265 158 n elle imgvalle gedaen waere lije a de cay

936 1246 2151 144 diet langer selve te besorgen, want die

966 1328 2249 190 de peuhilley  wac e leeft gedemanieere

904 1423 2275 192 ig aenseviel ae de B ste goed. weght

903 1498 2341 177 hale, daer in .... d moen in de waerd ich dat

967 1623 2228 161 ie  verschet mijn geee sij het tol ostende oft osty

927 1681 2288 178 gebocht wordn, en mers nat is noet het htnologn

947 1786 2226 167 te woggomen et oock u 1 pack N29 uyt kend

949 1881 2198 204 van huel gelest worden & mij toegesonden het

931 1985 2254 177 Leijt boven onder de lrgh sjnde nmet sijn vertreken

951 2081 2218 164 Dahoudon an voort ge fraght des ineerrom

946 2159 2259 181 dat ue dit wiseu vee die het liggen totslijkens mij

951 2265 2240 138 piet aenstaet geghter moeten deewegens miet

914 2377 2286 184 asport vversue sijn, dat pack N 29 tn maer

956 2474 2100 163 clepn van sula dat het geeoegelijk can giseidd

943 2553 2274 169 de kallen recoardeeeindewael

982 2683 741 165 22git nlrest

2906 2790 276 219 28 d.

1052 2813 92 160 le

810 2843 1032 220 Rott Abraham de bra

889 2947 2371 187 In antwoort aenden ue van 26 deser, t'is wel, dat ue myne

950 3056 2301 196 rekeninge conr soo hebt gesloten ue hadde de 4 gecoghte

962 3199 2290 174 grijse lakens ontfangen & bij den spoelder hem des verstaende

926 3271 2279 202 gesonden om het sout waeter uyt te treden dan te droogen

941 3391 2296 173 & op te vouwen sonder persen, gelieft hem wy ders te com=

962 3502 2277 158 manderen, dat hij in het droogen de selve tot syne voorige

970 3604 2287 173 breede van a2 moet brengen & taielijck in lenghde nas

962 3693 2249 195 advenant, dat het lyden can. want oock met te veel te

2201 3798 228 80 sel yck

2107 3808 74 65 EA

957 3798 2215 196 recken, die lightelyck soude bedreven worden nu soude

932 3915 2296 208 geirne weten wat lenghde ue ieder stuck is aen gerekent

904 4005 2264 196 want die hat synde geweest merckelijck moeten syn

953 4093 2291 207 geerompen, daeromene, soo haest van ue verstaen

903 4209 2324 139 de lenghde van ieder sal ick ue adviseren hoe veel

3489 141 2447 214 de selve teleuten tre dat oytde laken tot 4 att

3479 250 2323 193 te betalen soude te hooge loopen derhalven soo

3466 374 2389 224 het ue daer voor oft minder niet can becomen, soo

3461 461 1162 196 laet dat berusten blijve

3372 590 524 208 brugge Coots

5416 589 281 183 29d

3404 672 2485 224 tsedert den mijnen van 25 deser den ue van 24 ditto ontf

3460 856 2407 122 ni sien te gemoet wat ue sal hebben geeffectrert met

3456 932 2337 219 mijn pack flannels, terwijlen ue in d eerste reyse

3459 1042 2457 236 t packen met ue hebt overgebraght, soo hadde ue als den

3435 1203 2444 192 wel wijders mogen sorgen om dandere goederen tot

3440 1300 2473 195 ostende salvo te leveren, te meer omdat ue uyt de notitie van

3434 1402 2445 214 schipper vernomen hebt dat ick daer by was geintresteert

3455 1533 2339 200 & andere vrinden wiens mancken bekent sjn, niet

3458 1687 2426 121 tegenstaende verwaghte door dit erlay geen sehaede

3451 1785 2442 156 sal syn geschiet, & dat ue voorder mijn pack N29

3432 1854 2423 234 uyt hend van fvol sult hebben geloet, twelck niet

3430 1987 2453 226 gedaete synde geschieden moet cost dat cost u goverin

3414 2136 652 198 brugge cots

5284 2130 409 182 p febb

3502 2198 2334 207 maens sedit in aen van 29 sp de ue van selven

3479 2343 2395 156 devonts daer by geirne gevient gene gecasscht

3460 2456 2405 137 is naet tin pack flam als dat dan te gemoet

3448 2559 2466 128 aen onde te wistellen ten beste mogelijck gelieft tsergen

3459 2622 2220 127 dat het rglive gebleven aen den ontfangen cint gener

3529 2749 2352 134 ergeyt worde ben eremendert & volegen dat het

3420 2787 2480 173 pack N 29 niet te vinden was, naer soo danige moytij

3435 2924 2454 131 il nochtans 2 a 3 dagen voor sijn vertreck aen boort gedaen

3451 3001 2420 187 nmet vor daght om een arrivenente daer haest yk

3467 3136 2424 135 eson nu sal dit inseerwaghtne, des teneer om

3448 3198 2425 175 dan al eeesen is dat het niet door doge sal, egher

3435 3260 2328 193 sa sijn leste doeen & tin brugge nmende

3454 3408 2390 142 alts me vours senen, den u gesteren van st 200

3461 3450 2429 200 264:6 en Cass Roht mullow en Oslend, gelieft grovasie

3431 3582 2445 173 derrenaets vnn ancoplatie te sende gen aen mij kiugge

3417 3646 472 151 blijvv
