7878 4514
2417 171 499 149 15 ap 1693

656 172 661 144 rugge wet

834 249 2195 213 sienen den ue van 4 deser sijne mijn pack mij gewordn

905 365 2220 198 ck bijn ae lange dat aeen cenvoy naer londonertreren

862 501 2135 157 caard om onfe sehpen ofte helen, en de dat met een

864 544 2242 207 mijn pack bj& N diets waer voorts gerab, sselve

795 631 2369 220 gelieft te consign, aen comess. gijlier & Alsop, sendende

839 758 2302 194 aen mij het eegnossen van terwijlen de waest

854 906 2187 141 welecan ander ue sal toesenden dieerentissen becm

857 972 2204 179 advie van mons nicve ouselvan lomdon die

839 1059 2287 210 segtt door ue aen mij tte sijn genegn omtijkn te coop

879 1144 2272 199 & die volgens orde meen 140 jun Boghsent dan

891 1273 2215 141 gaen gelt sos, maeren sorktonen opue send tsel

877 1371 2104 129 aen alsoo ick di manide beme, t stelle van ue

869 1430 2046 203 ge informeett sijnoste prusthyt me

864 1520 1590 167 hem daer over magh handele

1920 1603 1249 153 deve le gelieft in alleevert

894 1662 191 146 al

867 1729 2293 112 deter te eberye volgens ue geeld ich h daer staet

844 1802 2098 121 van cordoneen schip idt bagage tecon

877 1860 2051 176 oft il p avonturer nnu gean tet ostend

868 1942 2249 192 Ich paer Johunvijran dn hebbende voe

863 2040 2236 155 mij  er 6 inde 10 roode & 3 vrte cattons

872 2134 2131 167 8 met 10 gemengelde geney cole

860 2243 2126 162 lakens die coll ƒ 1050 22 het witt cotton

873 2364 2235 151 rappe N9 met 8 roode & 4 witt cottors

888 2447 2251 176 en &roode pennestom, daeren boven gelooe

860 2536 2175 210 noch een pack lakens vam m afiel & Alsop

859 2639 2234 213 sal by sijn rewaght advis wat past

2683 2790 402 157 16 april

726 2766 1225 224 Rotterdam Abraham de Bra

825 2834 2337 225 den ue van 24 pas is mij op syn tijde geworden verneme noch van

856 2959 2249 209 hulsche schepen niet, dogh men schrijft van engelant dat de uyt

842 3061 2276 150 =geseylde gedestineert naer costij met die onder het convoij van

851 3150 2296 183 Amst derrewaerts sullen vertrecken & alsoo de selve seylrede

869 3255 2279 185 waeren, soo behoorden sij te sijn gearriveert in welcken gevalle d'h.

853 3337 2192 232 Rover ue sullen vraegen de 4 cognossementen vande packen

856 3424 2250 208 N 10: 13: 16 & 19 die aen hun dan gelieft te seynden, alsoo

866 3566 2314 147 den coninck van Engelant is overcomen, verhope het convoij van

859 3624 2337 196 londen costij behouden gearriveert & onder anderen vry roccrlans

882 3746 2217 130 aen wiens boort voor mij gelaeden is &N7 inhoudende

878 3860 2280 123 e frisetten ieder van a 40 & 10 witte baeyen ieder van a 63

858 3925 2330 189 &samen weirt ƒ 600: ue gelieft de betaelinge vande vraght

878 4021 2275 149 van londen te minageren, want t is een cleijn pack dat

887 4101 2297 145 over de 10 uytterlijck 12 baeijen de vraght niet magh gan

841 4201 2333 162 noch hope sal mede comen sijn een pack I N8 inhoudende

4830 2272 786 117 te

3408 2338 2445 190 Aen boort Jan scott. N10 met 31 witte baeijen van a 63 weirdigh ƒ 800

4223 2462 1438 119 „16 met 2 witte baeyen van a 65 & 10 noortsche

3427 2473 523 161 aen boort ditto

4329 2564 1403 114 lakens welcke 10 stucken aen te geven voor 30¾

4334 2619 1522 156 do zijnbiens van a 18 t'samen weirdigh. „ 950

3240 2621 166 120 neren op

3252 2701 2606 136 h gedest aen boort will Colbhulst: 13 met 31 ½ witte baeyen van a 65 werdigh. „ 800

3248 2794 78 90 Eln

3439 2803 2285 148 aen boort eduwaert simpson, 19 met den selven inhoudt & van weirde sal N16

3432 2843 2430 220 aen boort william thompson. 30 met 50 witte dobbele kersijen werdigh .. „ 100

3409 2985 2449 171 aen boort ditto „ 31 met 32 witte baeyen van a 65 weirdeg. 80

3424 3085 2387 164 aen boort Peeter thompson, 37 met den selven inhoudt & van weirde als N 30
