7810 4548
2687 197 368 122 3 gber

692 218 1049 149 brussel Christiaen segers

835 269 2413 209 de 5 spaense lakens die hij geteeckent hem gelaeten als volgh

859 395 2289 198 N 296 ƒ3:6 N 314 84: 12 N 339 ƒ 3:12 N344 ƒ3:18

862 502 581 171 N 348 ƒ 4:2

2855 583 208 170 3d

704 626 1058 142 brussel de wed. vanderborght

844 645 2353 222 haer ges 2 baeijen es aen volmerinckx hebbe inde verfgegeven die

872 796 1240 179 gedaen haer sullen toegesonden

744 919 591 163 Rot debra

840 946 2415 229 tsedert mijnen van 18 pasto geene van ue, ick hebbe aen abrah van

855 1043 2358 204 niest betaelt de geordonneerde ƒ 396:10½ & blijft ue daer

821 1147 2346 199 voor gedebiteert, het convoy van hul blijft lanck tarderen

813 1257 2359 232 godet sejnt het salvo versoecke d'expeditie aenden ingeslote

848 1421 387 159 n blijve

3041 1468 71 80 C

664 1515 515 199 Londen Kent

826 1477 2449 257 sence my last of 21 ult recd yours of 16 d the convoyes from

870 1621 2362 207 hull tarrj longe god send them well, butt Jan bart beeng

836 1725 2416 176 att zea againe makes the  greater, I have recd the

833 1822 2444 204 pan clothes to which I have to replie as by the inclosed paper

835 1906 2389 225 you make itt so, that I shall never gett of manney of your clothes

832 2024 2436 160 the mush grayes northrens are amonghst them, they write from

2458 2112 75 86 6

850 2122 2431 172 bridges that the convoy from ostend will e to seth the bin

831 2223 2443 184 =landers, so if you can send with them a pack of spa clothes to

836 2336 2408 144 the inclosed instructions itt will bee well, though butt 6, & a 10 s

828 2441 2448 151 as manney as cau be readdy, which with 10 a12 broad flannels

846 2564 2420 186 dyed to these patt & in case the convoj departes before the latter

820 2620 2452 216 of this month ad to the flannels 10 a 12 perster frises, as

831 2714 2402 233 by these inetructions, for after the end of this month they

856 2847 2395 179 should finde no sale therefore if att recept here of there be

831 2973 2440 156 a convoy for holland, forward them prises, which I much rec

836 3086 2449 125 commend you to have a particular care for, their expedition

839 3155 2417 146 preserve well these patt because I intend to order severall clothes

849 3263 2398 148 duringe this winter upon the patt N4. 5 & 6, further send

842 3350 2433 170 mee a patt boocn of of anney neuw new eyllouy that comes ont

1705 3448 982 175 mache kewrde ufrjst

1372 3482 205 157 Aey

877 3484 396 162 to

844 3543 1761 250 2 p of the cull in frises to N4 of 3

1616 3694 175 135 N

868 3715 495 157 1 ditto to

1236 3819 126 92 10

1694 3873 108 116 6

1234 3895 164 119 60

907 3919 103 106 2d

1239 3972 144 104 to

897 3977 182 94 2d

1692 3952 462 195 f lanael

883 4002 2397 216 2 to N1 2 to N2. 2 to N3. 2 to N4. 2 to N5. 2 tone6

856 4167 887 180 260 N7„ 2 ½ N8

5350 200 574 159 4 sber

3330 201 1089 159 Brussel Anthonij Rousseau

3485 248 2251 206 en response a la vre de 31 passé pour vre lettre de £200:

3454 422 2422 144 sur le chevalier furnese on ne voula pas donner plus

3476 470 2445 210 que 321 en comme on a fait a 2 uso & on estime pas quelque

3449 565 2505 233 terme plus ou moins & ie ne voy pas apparence pour negotiee

3463 691 2419 184 celles a vre a 32: 2 et raison pour quoy ie vous conseille de

3455 805 2360 210 faire le meillieur chez vous pisque ie fairez mon devoir

3442 885 2464 228 pour leundi & vous aurez advis du suivre, cependant iay paye

3467 1024 1128 180 vre traite de £120 et suis

5363 1082 309 176 592

3339 1142 897 206 get wed. debuck

3484 1155 2473 260 inantwoort enden un van 3 deser sal het lakens e nwigen senden

3459 1306 2329 225 p wegens a ƒ7:7 dat is 24 ½ ƒ minder can net gaen

3460 1417 2467 215 want cost mij ƒ7: selven sal daer vereentusken

3459 1521 994 218 xo 2 uso veraghtn

3663 1647 1170 233 N 11 a 48 ½ aƒ 7:7

5327 1675 596 214 ƒ 356:92

3369 1801 602 228 Brugge Coots

3428 1914 2523 214 hebe busen van 22 x 31 p ontf bij den lesen mijn oncostred

3447 2062 2504 188 by devisien en mijn cestiisse sa het geminageenn, gelijk u.l hebt

3456 2154 2449 171 gis ick heb u te kem gegeven gelijk voor desen deweirde van

3468 2296 2489 162 mijne packen sp lakens, en dat N45 en 46 ster gemeijn goet

3482 2405 2411 138 van is in N50 alleen 2 supe fijn maet swoenlaerde

3459 2490 2442 152 ul deest de, voor f onder ƒ120: en 26baen soo lonck als

3474 2554 2493 193 ick de negotie edaen heb, is mj die minegere nde ovren

3653 2690 2273 157 de liver ue eijsenaer ote e& doobul besoly

3414 2782 2498 197 Caet daen artisel d tesen oft gen enge de kerijen sijn

3442 2893 2479 182 be laest met 5 p juck & op 15 auy lest en N43 mae 2

3436 3009 2532 132 ick ael voor desen i. u re eeeren6 a sp lakens wel e

3580 3106 2351 179 sie voor een fatie vren die vnden en dat geine

3437 3177 2508 191 laten cassen mor dt caut tot ƒ5: is wat grof

3463 3304 2486 174 N31 op 2soop ul behelfds 10 umtse labers met 20 diseen

3458 3426 2408 179 ingston ƒ 251:15 conrant gel van 3dder uso te

3446 3492 2508 202 laste de wed. incolaes d abuck in gens, eche bestship

3590 3596 2336 171 et sal ionedensolend op onfk

3435 3721 2508 154 deser wn wd courant ople maken en het adtto 2

3476 3819 502 142 1 mee
