7830 4548
2657 195 508 127 16 gber

659 197 1182 197 brussel Govaers ververs

890 251 2355 194 In antwoort aen ue aengenamen van 13 deser wegens

791 435 2446 169 de winckel goederen bj s rousseau soude geirne altehael

874 495 2367 212 leffens quyt sijn omdat dat eene saecke is van een ander

852 600 2438 174 nature & niet geirne met mijn packhuys soude mengelen daerm

839 704 2457 196 & alsoo ick wete dat ue dat partijken wel dienen can, soo het ue gelieft

862 798 2370 197 soo neemt het altemael in welcken gevalle ick deen door d'ander

852 903 2375 153 £16 p elle sal laeten vallen volgens de facture, twelck aen mij

849 1000 2400 147 een suyver verlies sal wesen & voor ue myns oordeels particulier

1392 1101 204 68 e moet

859 1100 2409 186 voordeel maer de partije moet geheel nemen op dat ick die swarig-

834 1195 2397 159 hayt & dat verlies seffens uyt myne sinnen stelle, de partyue

859 1346 2440 111 is mimers cleeyn wenschte well ue eenigen anderen aengenaesen

864 1408 1229 148 dirst te connen doen dil blyv

2895 1449 287 174 169b

675 1493 1380 197 Brussel de wedsey vanderborght

870 1590 2335 210 Ick verhope dat in teort een convoy van Engelant sal comen

823 1711 2442 144 & dat ick sal mogen d'eee hebbe tegen den winter ue dinst te

856 1798 2436 139 doen daerentusschen comt het ue gelegen ae mons roussea

835 1904 2452 141 iedts te tellen syne quittantie sal valideren biddende in vatoecasie

876 1973 1897 183 het soude mogen syn mij liberlyck te commandere

2936 2047 252 143 26d

659 2067 1195 228 brussel frans vanden heck

862 2125 2376 221 tsedert dat ick op 28 meij aen ue laest heb geschreven hadde

861 2253 2388 148 ick verwaght dat ue mij eenigh gelt soude hebben gesonden

874 2370 2362 154 & als oo sulckx niet is geschiet soo seynde ick heden mijn bewys

868 2478 2429 146 aen Mons rousseau van £40 vlaems wisselgelt twelck ae

846 2580 2412 165 hem gelieft te betaelen & sal in reken valideren & te genden

871 2659 2413 211 winten ieds tot ue dinst synde gelieft te commanderen die bljve

657 2773 879 217 Brussel henry Rijssels

3016 2811 202 145 18d

883 2859 2412 205 neme de vrijscheyt op ue te assigneren £25 uls te betaln

888 2972 2393 174 aen Mons Anthruy dat ick bidde hem gelieft te voldoe

879 3081 2410 181 soo haest ons convoy van Engelant sal arriveren sal ue tselve

864 3206 2436 151 advorteren, hopende dat ue mj niet sal vergoten debbbe

3024 3277 230 174 16 6

682 3298 1134 208 Londen Richard Southeel

890 3353 2367 228 sence mij last of 2 curt rec yours of 28 past witich that

656 3481 2636 170 doth incorridge mee to leave the tykes in your handes to ell then

862 3576 2426 219 for my best advantage upon condition dat that you will ensure

894 3685 2361 157 the debt att a 4 a 6 month so as you shall sell tot ½ 180

2794 3765 204 82 eruiwed

864 3778 2424 155 & 1½ provision, hope the bailt with  before mons, though witt

888 3890 2406 145 the convoy of which I should le vere glad to have pour advise

884 3994 2395 147 becau some esel are gott of the convoy by soorm & iare

863 4062 2393 197 courned pr ra eame wi I haveinge not contramauded by

863 4146 2367 263 mij last the order of goods in the nord though you should

3453 217 2501 69 not accept of the tykes,  supppse that you have

5008 274 117 65 m

3478 279 2465 147 given order als eaddy to bue thes bayes Phebbres & if not

3439 344 2397 154 don al readdy lett itt bee don att recept here of with

3461 436 2335 179 all speed possible for they must come by the first

3466 527 2390 209 convoij for holland or they could not serve my turne, & for

3469 638 2393 189 your remboursement as soon as I shall know when you are to

3481 723 2318 201 pad them shall remitt presentely, for I will not have bills

3455 822 2030 193 drawen upon mee, which is the needfull att present

3319 978 753 245 Londen m Kent

5413 991 441 191 16 sber

3467 1066 2350 236 sence my last of 2 curt recd yours of 21 & 28 past with

3443 1179 2465 220 accompt & patt of N46 the silver grayes are tot dule & not

3464 1317 2415 194 liverey upon the blew as I so often recommended you, I

3466 1459 2455 161 & exspect my orders compleated with this convoy principally the

3460 1534 2383 187 superfines, & gulver & others grayes to my order of 19 august

3466 1629 2442 142 lett no time be lost for the kersies from the nord to have them by

3456 1734 2396 166 the first convoy, pray fore gett not the enquisy ,I what ensurance is

3458 1865 2394 116 made upon the ship the hope, as writt before, have no mor to

3435 1937 2481 143 enlange  present  mr ostendeonvoy hath been

3454 2073 2468 108 at a & returned, & theevinde beenge contrarie is no

3413 2138 2504 182 Likeley Sebe so so one certh you thewfere all my orders

3436 2218 2452 235 can be consiley compleaated as I exspat da undestand

3448 2385 291 169 & rest

5251 2376 259 190 22d

3350 2490 666 192 vlijk causse

4694 2573 821 199 de ser ick can

3425 2620 1051 149 Manlix caen ue v

3472 2685 2390 161 eele tet contennden al rage voldoen

3520 2825 2440 158 Daut Monstert sanden van de fijn gemenged

3444 2901 2469 140 lakens, van de bloge cat mosyn st seelte is en

3433 2993 2518 142 sake sonder wijnde 0. dat ick . esseln tijt daer

3490 3124 2383 128 vam ue vars en dat ul  consideren

3374 3121 2484 185 j dat iu df usters net wel contentie

3345 3294 2590 148 longen don aer wwarde der haken ordeles noodich ul selfe

3429 3365 2503 129 vorelves n want  dif geevalle ben e

3410 3426 2532 231 det ick ul sal dien, e et d reijs waerdick

3423 3540 2249 215 maek, mijn fisse dienlande sijn meet

3487 3646 2364 180 e replghen oft seloen de buynstolen, soo ro

3452 3752 850 147 Miscus all ande

4638 3782 1285 180 ue can wel eersloeder

3581 3860 1956 170 men, en ick sal u reysen vel daer ue

3944 3957 97 97 d

4260 3943 1656 208 vebuytelt sal demsen hb

3406 4010 2299 229 halde Beal  vae brusselsonottuf

3402 4103 1509 177 dier s eilll valtaeen
