7899 4514
858 202 2302 104 reddy the 21, where as  ist was shipped the 24 I may no more

850 254 2253 187 for mee self with you for you will go yo owne way &

855 341 2253 139 now you are servpclous to ship N9 in twijman because

847 464 2300 128 itt should excoed about £25 on the £200 may S Iam not

831 539 2328 160 so neare 30 a £40  more or less in one bottene is not limited

845 652 2272 147 when I say £200 that is there of there about butt non

825 746 2281 221 £300 as you did in hazelwood & if you minde to sell my span

880 861 2252 187 clother as I order, I should have my goods better separated, way

858 958 2247 229 could not N8 be reddy for Rott & why could Inot have

840 1070 2288 201 had more of the blew grayes as well in formar packes as in N8

2147 1169 309 82 low grises

861 1175 2267 242 I have in 3 packes now had butt 2 scre grayes a 8  blouw

872 1279 2235 216 grayes & I exspected in N 8, 3 a 4 p & insteed you send order

852 1365 2275 228 other & yett gansacker had in his last parcell 7 blouw grayes

856 1461 2273 245 low prises from m. Kent I doubt so manney wite for them

867 1575 2276 218 that you will disoblige your new castomers & though I have

852 1695 2235 241 for such 6 months ago, you send what you will, as in N5

856 1809 2209 197 the cloth N 45 which no boddy will looke upon & cott butt

842 1895 2289 211 24 ƒt 6, when I write for anney good of cullours from other

868 1998 2250 203 handes I am served in all respect by you I come like a merchant

859 2086 2277 228 butt I am served like a baut pay inclosed £200 on ambrofus

849 2205 2212 208 upbon & £100 on anthrny merry procure the needfull & pas

867 2307 2270 223 to mee accompt & advises what passes, from the nord I want

851 2425 2250 197 the light cullours a bove all with thre lumer & why could not

852 2510 2259 193 one pack be had one pack readdy by one of yo letters itt was

856 2630 2281 190 readdy, & then because I send some more patt. you toohf

858 2726 2259 196 itt as if I contramanded the formar & no such mantion n

851 2849 791 178 anney of mine frest

846 2924 2303 200 leave ont of mee order of 2 april N12 of 12 a 13 ƒd5

861 3057 974 173 the other will be enough

874 3051 2251 283 hd 3 14 a5 clathes to these gald th cullours bhett maer

822 3243 1239 226 bemiset from 10111:12 a 13 ƒ

1347 3409 1727 235 I ordered the 2 april 34 clothes out of

1277 3501 1854 245 which N12 att 12 a 13 ƒ must be left behde

694 3619 110 137 2

1254 3641 1825 255 I have ordered 6 april 6 or 8 p more these

862 3763 2271 214 are for 3„ 41 a 5 more to N1 & 2 whoer cullours my

858 3862 2289 223 serve for giide butt mit be miset a N2 livelyer

899 3974 2143 245 das I have told you all close oniseture

5319 175 510 115 16 april

3268 176 1247 201 Cortrijek weduwe cansee

3367 222 2335 184 Ick hebbe den u van gisteren ontfangen met de

3323 361 2451 200 2 wisselbrieven daer bij vermelt, die sal in voorderen & we

3373 400 2427 228 voor crediteren van t' gene in avans sal wesen disponeert naer

3374 518 2426 192 un behaegen het profijtelyckxte is van hier op amstte remitte

3349 654 2472 174 en sijnde 1 sj avans voor het gelt in banco doende het banck gelt 5

3349 739 2459 185 cour gelt ofte 14 den p a 6 stuy waermnne ick ue can dienen comm

3358 850 2393 166 andeert liberlijck ue en macht geen mentie vande rest die ick

3357 933 2422 206 vande oude rekeninge noch moet hebben, t'welck bidde gelieft

3355 1024 2450 215 naerbesien & ue comende dienen comandeero llberlyck die bly

5379 1219 378 132 17 atril

3261 1165 1402 260 Turnhout Peeter Coomans

3384 1256 2391 236 get dat ick niet langer naer de tycken verstaen te waghten, &

3341 1382 2502 238 dat hy soudeseggen aen s willemsen syn consyn dat sij mij londeg

3360 1477 2416 232 souden synde alwat gy connen & hebben syer luttel ofte

3377 1572 2402 202 geen gereet soo versocke dat ue van ue goet seynt al wes

3358 1652 2474 248 het maer 30 a 40 stucken op dat ick de coccasie vansche

3344 1759 2476 229 niet en verliese verwachtende dat geken dant woort llijv

5435 1906 378 140 17 april

3273 1917 1160 293 Turnhout &illomsen

3388 2015 2424 266 ges dat ick niet langer naer detycken verstaen te waghte

3363 2087 2322 259 & soo siy met goetheyt niet wilt leveven ick tet syne

3356 2181 2514 287 oste sal overcomen & t'selve met recht sal trachten te doen

3378 2288 2360 280 seynt mij tijen sondagh al wat gereet is & bij een

3361 2380 2184 301 onterggne t'wlcke sal verwaght &le bjv

5355 2506 406 161 26 aprif

3260 2563 739 225 Londen Jan Kent

3380 2600 2446 261 Son the 16 curt remitted you  £300:- inclosed £475:- t mon

3365 2693 2432 249 in 4 bills as on the fort of this for which procure the needfull &

3379 2791 2415 249 advise mee, if be will & accepted as also if ambros apton be

3382 2890 2437 218 am amble man for there a £500:-  him now have before mee

3392 2975 2439 200 yours of 31 past as to the spa clothes ordered the 2 car must be observed

3366 3100 2416 169 the imllosed instruction, you have haveinge the patt, because I doubt the

3392 3171 2415 168 blew cullours will not yo ou fme cloth, lett each convoj carry, or bring a spack

3387 3242 2440 168 spa clothes that comes for holland & all, or the rest when that for ostend,

3380 3409 2452 114 butt god knowes when wee shall have one for ostend, onles an english: you do vere

3389 3435 2458 184 ill not to tollow order, whij not to N8 sent with the king as I have forseen & writt

3354 3519 2476 153 you so long before, & all a long said, when a convoy presents for amst Rott of

3378 3630 2421 135 ostend & you have order for spa clothes make a pack, though butt 5 a 6 p & this I

3387 3730 2417 110 said to often that I am weary to writte & yett you will not do itt, I exspected

3380 3775 2426 147 M N8 4: a 5 blew grayes as Iordered & you send one p. you never was so

3377 3874 2464 122 negligent with mee as this time. of warr, onles itt be you will please others better

3360 3949 2461 150 the ships from hull are att amst. well arrived as also scot & the other roth. strisp

3387 4069 2467 91 now wee must staye for the next convoy, to have the rest of my order from thence com

3386 4118 2423 131 pleated, I ordered to send severall sorts of pennestons, to see which walleld

3366 4208 2495 120 sall best & you send all of one prixe so that you follow more your minde

4652 4269 901 97 volght aent sjn

3409 4263 1044 100 as my direction, which vexcs mee
