7864 4548
5249 180 655 136 26 July 173

3330 202 456 145 Londen Kent

3443 205 2385 287 of sence my last of 22 curt recd yours of 10 ditto, with pour

5583 332 308 100 for which

3422 344 2401 227 remise for £300 oblond on Peeter del Canibs a 33. 3 en you

3439 483 2348 204 have credit for £180:9 p  I hope you will gett as much

3899 586 425 112 f diee or pmont

3421 543 2476 249 for the last bill, gremitte on lassels, or as good aprice for amst

3432 666 2441 184 where in pray minde my advantage above all good bills, niclo

3437 752 2391 191 =sed £206:- on se henry furnese, for which procure the

3432 869 2387 159 needfull, am exspecting the patt of the spas clothes you bought

3436 950 2434 206 & ship, for ostend which pray god send well over, for Jan bart

3448 1055 2467 191 is be returned before dunkerque, now this easterley wind will

3452 1143 2372 245 keep the ostenders att yours side, & give time to loaden a ship

3384 1282 2436 203 os of 2 more whoever what you have gott readdy for mee suppose

3433 1385 2398 188 shall be shipped with said convoy, desireinge you to proceed

3434 1470 2328 178 in buyinge all what is wantig of my order for spa clothes,

3453 1586 2363 200 addinge to them some to the inclosed patt, you had 34 a 35

3291 1747 2597 157 frises which you intedided to pack in one bale & ship for ostend

3470 1798 2418 180 which is well & desire no more of that short bill further

3464 1921 729 166 order whilst I rest

5232 1983 310 177 26d

3357 2009 693 209 Rott de Bra

3462 2063 2415 229 hebbe niet anders te in largeren als dat ick versoecke ue gelieve

3449 2239 2127 177 den ingeleyden cits voorts ganck te geven blyv

5386 2323 298 189 29 d

3335 2320 923 244 Amst geerd Rover

3462 2394 2450 219 In antwoort bij den ue van 13 deser hebbe ick den brief van st £ 200

3432 2548 2517 184 tot laste I sal Clifford met acceptatie terugge waer over ue bedancke

3455 2635 2389 170 & alsoo eenigh brieven op costij hebbe die in tbegin van augusti

3450 2746 2385 145 vervallen, versoecke de coup van wissel te willen noteren, soo

3449 2821 2430 157 herwaerts als op londen, om dat ick twijfele ofte met het arriveren

3467 2943 2466 115 vande schepen van ladiz eenige veranderinge moghte voorvallen

3464 3038 2405 144 & het mij dan wel te profitabelder soude wesen de weirde costy

3449 3157 2504 105 naer londen af te geven, al waer veel geltoock van hier is geremitt

3432 3221 2485 164 eert soo voorde lyfrente als loterye, welck laeste hier soo aen

3443 3310 2498 182 genaem schijnt dat voor ieder briefken al  £3 wort gepresenteert

3428 3416 2454 155 ick hebbe echter aen dien & dander niets dorven aencomen, het

3454 3507 2373 126 convoy van Cadiz was volgens de gaset met alle deschepen

3467 3616 2393 140 binnen, daerentusschen maeckt die geene mentie vant schip

3471 3669 2386 180 de hope schip Cornelis riversen den welcke soo de gasette van

3454 3777 2441 176 17 deser verhaelt van t voors convoy soude sijn afgekeylt

3459 3851 2398 168 & het canael doorcommende door een bemande france barck tot

3461 3943 2409 212 valais opgebraght & aloo daer by iedts ben geintresseert soo

3466 4099 2487 128 bidde sich daer over te informeren & my soo mogelyck is my morge

3454 4181 2409 152 te adviseren wat deswegens is voorgevallen als ovek vanden

3458 4259 2351 112 schepen laest naer cadie vertrocken & de 10 die sijn blijven
