7912 4507
2796 196 278 159 mey

661 194 1342 226 Amst geert & valer Rover

838 318 2279 140 d'ue aengenaeme van 30 past & p deser ontfangen voorde

842 400 2202 200 geremitteerde st £100 ƒ 33:6 ue gecrediteert, soo lanck

807 490 2305 173 william colt hulst niet en is vertrocken behoorde ue vergoedinge over

844 568 2265 141 het beschadight pack N13 te becomen, het was aen schips boort

852 674 2223 174 weder opgepackt, ende bij een gesloten, t'gene genoeghsaem heneelijck

841 749 2280 169 was & te sien soo voor die d'engelse packagie hennen, oversulckx

858 839 2256 139 bij soo veure ue geen vergoedinge can becomen, gelieft het den

858 919 2311 149 schipper te doen adverteren, soo wel om mijne pretensie open te houde

861 1018 2272 159 als omdat sulckx niet meer geschieden soude, alsoo hij die hulsche

857 1095 2200 202 vaert blyft gebruycken, coenvaerd mehve hadde R20o op

846 1195 2263 191 ue getrocken, t'is wel ue deselve heeft gelieven te verceren hy

854 1278 2273 208 sal noch andere 200 trecken die dan oock gelieft te voldoen

862 1378 2195 189 & sal ue p naesten daer toe provideren, hij schrijft de 29

851 1470 2298 215 past dat het hollants convoij tot bremen was aencomen

813 1561 2336 196 ende maer 3 legdaegen hadde, & dat hij een pack baye lakens

812 1644 2317 201 soude coopen, dogh seght niet eens dat hij hebselve daermede

833 1733 2311 197 soude comen seynde, evenwel gelyck ick hem anders geen ordr

846 1817 2299 172 hebbe gegeven, als met ieder convoij een pack te seynden, soo

855 1913 2313 177 hope dat hij sulckx sal effectueren, & t selve met t' voors convoy

875 2021 2245 157 behouden aencomen, versoeckende ue sulckx vernemende my

859 2137 2012 180 tijdelijck te adviseren die naer groetenisse blijv

2767 2202 223 174 4d

810 2219 1046 242 gremen Coeuraerd Cnchue

875 2308 2295 207 den ue van 4 past ontfangen het hollants convoij was costy

864 2424 2307 186 aen comen heeft maer 3 ligdaegen, & ue hadde een aenvanc

840 2513 2286 196 gemaeckt om een pack pay clagens te coopen het welck

827 2621 2329 173 dan dien volgens te gemoet sien met het selve convoij

851 2708 2298 189 niet wijfelende oft ue sal het genoeghsaem claer becaete

852 2822 2346 157 des te meer omdat de wint t sedert & tot nu toe coutrary waeyt

861 2927 2132 178 waer door het convoij meerder als syne ligdaegen sal

876 3005 2072 176 moeten uytwaghten, wat daer van voorder sal syn

879 3099 2257 204 gepasseert, verwaghte ick te verstaen om tot voordere

846 3185 2262 168 pkeoop mesures naer advenant te nemen in tt ordonere

862 3304 2246 188 d'heef Rover hebben ue trato vereert, gelyck osyoock

864 3357 2177 208 millen doen voor de rest afwaghtende advis va

846 3485 2224 165 t' gepasseerde biddende mijn pack te laeden in een cloeck

873 3565 1392 220 schip & ervaeren schipper bljve

2750 3613 373 214 4 mey

702 3665 1319 260 Londen Jan Kent  comp

867 3760 2341 303 of sence my lastof 23 past rec yours of 7: 11 & 14d

864 3918 2354 189 as for pennestons Ill have no more, insteed to send severaet

873 4025 2284 206 sortss, or prises for a trayall, you send all of one prit

856 4110 2328 175 as for cottons I hoave ordered you to prepare for each

846 4223 2270 149 convoir for ostend one pack to cont 12 demie p

3357 175 2424 125 h: 8 a 10 reds & 2 a 4 white from 22 to 24 pence, non

3343 253 2478 127 to exceed 24 now N10 is abourd van herenbals p want non bill

3338 351 2439 139 the next convoy after the first, the transport ships are arrived

3351 421 2423 176 att ostend hope twjman is there by, haveinge no news of him

3353 535 2405 161 in particular, I wonder joseph Leven did not come over with the

3362 602 2403 196 transport ships for Rotterdam, I have no news of him god send

3341 743 2469 164 him safe: the convoij from hull is att Rott onley N 56 arived

3365 829 2457 160 sure N66 could might have been shipped as soone as Isee the patt

3351 914 2451 181 as also of the other pack of cloth that is yett a providing shall

3344 1030 2460 193 take measures for more cloth from the north butt I must furstsee

3350 1150 2476 183 the patt. lett N12 behept with you & not shipped, before the convoy

3367 1281 2425 132 comes for ostend of an other such opportunitie be as with the

3366 1348 2387 206 dransport ships, interim all these as N8, 11 & 13 do not please

3358 1510 2457 148 in cullours, first you have order for 1 blew gray to my patt

3344 1585 2452 165 N4 of 12 a 13  & the rest under 10 p & yett you send 3

3349 1677 2443 221 fines ones as N77: 84: & 90 sure that is direebley against my

3353 1795 2372 174 orden you have order to send about 12 bbew grayes from

3359 1882 2396 179 7 p 6 to 10p & there is in these packes butt one I have

3349 1993 2397 165 writt you well 12 monthes al a long for blew grayes to my

3345 2079 2394 222 patt. N 4: 8 & 9 & for 8 a10 p. I hardeley fine one yett

3357 2174 2465 203 others have them plentie pray can you not sende such cullour

3354 2334 2456 205 fram 7 ƒ6: 8110 a 8:6 & 9 ƒ send no others for that blew

3353 2437 2431 201 gray is all demanded in an ordinair prixe I have recd the fine

3337 2573 2470 151 devouhire white baeye, 2 of them are so full of wholes &

3353 2647 2458 183 mots that they never can be sold mebosed £100: on John

3367 2751 2445 217 barcksbead £130: on Joseph Herne  £300 on William

3371 2897 652 171 scawen I rest

5488 2955 306 143 4 mey

3297 2995 671 187 Gent herrebout

3359 3023 2191 243 hem gest gelieft te antwoorden waer myne quittantien syn

3356 3143 2229 230 & N4 & 8 p wagen mij toe te seynden & dander t schepe

5602 3314 152 123 6d

3300 3309 1089 244 gent Francois herrebout

3387 3375 2084 256 gese waerom hij niet antwoort & wat sulck te seggenis

5602 3452 147 173 6d

3263 3541 527 206 bulge Coots

3339 3587 2482 228 e mijne packen N1 & 8 my cits toeteseynde oock dat ick niet wete

3348 3724 2203 225 va wat van herrebout is mits hij mij niet en antwoort
