7919 4541
2673 203 294 104 15 may

696 223 575 174 brugge Coots

829 250 2279 248 In antwoort aende ue van 10 & 13 deser voor de weirde vande

826 350 2293 178 gesonden oncost velieninge is ue gecrediteert, sal continner

826 439 2273 210 s herrebout t employeren, maer niet sonder reden wiste ick

849 543 2257 155 niet wat dencken dat hij op 4 presserende brieven met eens

868 600 2232 194 en antwoort ick wenste wel dat ick ue de ƒ349:14 court

851 698 2249 184 tot laste s de buck niet hadde geremitteert vermits men hier

873 765 2286 224 op gent a la pari uytterlijck ¼ verlies can intrecken ingellet

850 861 2306 206 £29:15:- ten laste inncolaes hoys in ostende waer voore het

856 968 2291 194 noodigh gelieft te besorgen, & mij crediteren, godt sendons

868 1028 2281 212 convoij beneffens adviaen derais & Edewaert de wint behoude

863 1125 2284 216 over, maer ben verwondert in het cognossement te sien dat het

869 1218 2263 255 pack &N1 in vraght niet is geaccordeert maer staet a lordinair

864 1341 2256 209 daer ue nocht uns voordesen mij heeft geanimeert de vraght

861 1408 2284 241 voor 8 uytterliyck 10 sont bedingen, & op dese manien soude

860 1532 2203 166 mjne oncosten van hier tot brugge te vergeefs sijn ie

878 1666 685 161 salverende bly

2838 1677 198 138 18d

674 1767 596 244 Brugge Coots

837 1819 2357 260 op 15 deser waer aen ue mijnen laesten, remitterende £29:13 op ostende

864 1944 2265 196 ten laste nicolaes hoys t'sedert geene van ue soo ons convoij naer londen

883 2045 2272 170 vertrocken is hope het selve & de schepen voor nu aldaer behouden

875 2132 2285 168 ingesloten eenen brief van st £106 n laste Jan bouret & Jan

856 2241 2340 156 londel in ostende biddende d'acceptatie gelieft te doen besorgen, thepen

855 2335 2343 146 de die persoonen oock wel sijn, men heeft ons convoij gelltt salhier 1 p

877 2405 2213 202 beswaert gelieft te adviseren oft tselve oock costij is geordoneert ick

863 2534 615 177 groetende blijve

2878 2546 200 156 18d

678 2622 935 204 Leyden Hendrick Hermantse

888 2656 2295 230 In antwoort aenden ue van 14 deser al dat van laureijs ka ue gesonde

890 2784 2293 179 wort is tot swert & van segers t een dicke tot swert & een drap de dan

892 2901 2245 147 tot swert maer d'andere 3 moeten tot carmosijn wesen, soo dat gij

879 2975 2294 161 maer 3 stucken van wouter segers moght swert maecken, betwa

1363 3054 1726 83 carmosijr waer van 2 iu cort an ue sullen gesonden worde

881 3122 2291 104 die salue tot ecancop te gnaemen sijn, laete den verver mijn

884 3165 2287 166 carmosijnen het bruynste & sehoonste colleur verven dat hij can

884 3257 2261 159 niet light & liever een stuyver meer besteden als het wel uijvalt

907 3343 2267 207 helpt mjne lakens voort want ick daerom ben verlegen & soo mogelijck

888 3436 2311 173 is maecht de drapde dames gegeet op het spoedighste omdat ick die t meet

888 3513 2261 185 noodigh hebbe dat goet blijft soo lanck oonder handen dat het my

894 3620 2261 173 verdriet daerom avanceeret voor alle andere want soo haest ick dese

903 3707 2256 163 laekens onfange  dat uck die wel bevinde sal ick der ieer aen ue

908 3815 2274 153 toeseynde waer mede naer groetenisse blijv. N332 was al inde verf als

919 3865 2219 158 oock t 400 ick heb wont segers geschreven dat hy,s, maer eent fijndich soude hebbe

2332 3922 771 117 van Aet maereen 18

701 3959 1609 148 Turnhout Jan vande venne gesonden, want

1849 3946 590 110 totswert & be geirde

885 3945 2312 248 ick moet dese weke ofte ten alderlan cesten heden 8 dage

824 4113 2386 129 een partije tjcken hebben, soo versoecke ick van ue de vrindt

868 4210 2300 132 schap dat gij mij wilt een 30 a 40 stucken seynden volgens

895 4251 2272 142 ick ue heb geseyt & t'gene meer is als ue mj schuldich is

3366 146 2441 161 sal ick cl contadl betaeen oar  e noeteere vertijn billien

3340 228 2501 188 hebben daerom schrijft mij oft ue mij 3040 ot 50 stucken can lever

3365 314 2366 179 of soo ue deselve leveren can seyntse met eenen in sortiment van

3356 411 2413 183 j 2 segels tot  3 segels toe verwaghteue advis om mij naer te

3345 526 649 136 reguleren blijv

3287 611 627 211 inheyt geert danys

5417 586 316 187 18 meij

3334 650 2411 231 Ick moet naeste maendagh oft ten een partije tjcken leven daerom moet gij

3297 832 2476 154 mij sien te leveren al wat gij cont & daeraen mach geene foute wesen, gij

3357 881 2442 183 weet wel dat ick niet gewent ben om tycken te schrijven & alsoo ick die

3343 1012 1999 150 nu hebben moet soo moet mij daer in dien dinst doen blyve

5440 1044 298 183 16 mey

3280 1102 929 192 Turnthout Jan Willemsen

3350 1163 2433 248 Ick heb den ue van pri deser ontfangen met de tycken daer bij vermelt

3318 1295 2378 229 & alsoo ick tegen naeste maendagh een partije tijcken moet leveren, soo

3337 1410 2387 195 versoecke ick ue dat gij mij de rest daer tegens wilt seynden, ofte ten

3345 1510 2463 207 minsten soo veel het ue mogelijck is & al waser iedt meer, als ue mj leve

3354 1630 2479 165 renmoet ick sal het ue niet contant gelt betaelen, my hier op verlaet

3341 1763 442 127 ende blijve

5438 1840 322 148 18 uey

3284 1817 865 225 Anden nicolaes pisel

3320 1928 1239 205 in eyteoort aenden ue van 28 past

5489 1995 202 176 de

3284 1994 1908 252 Amst mejoff de weduwe Abraham van Boucom

3341 2139 2479 208 p' ordre van mons Jan loyd van Louden heb ick gesonden aen d' heer

3342 2283 2479 155 geert & valers Rover om aen ue te behandigen een packettie cante

3363 2316 2472 182 costende courant hollants gelt ƒ 189: 12 t' welck medts ue overleverende

3353 2408 2431 178 sen hun gelieft te betaelen op sight p cas ditto somme voor reken.

3340 2511 2448 155 van voors mons loyd aen wien den ingesloten gelieft te doen behandigen

3348 2603 2479 184 soo hij costij is, soo niet syn voorts ganck te doen hebben blyvende naer

3360 2683 563 182 p oetenisse omet

5534 2690 139 156 8d

3412 2788 351 127 Rje

3286 2764 2432 214 verfulckx laet N 332 oft N 406 het gene het dinste is blouw geverft

3347 2882 2421 189 worden volgens de medegaende in strucktie & is het dunste alveede swent soo

3352 2970 2376 203 reemt het ander soodanigh dat 1wan dese 2 blouw blyven mach tly

3342 3083 576 181 N332 oft 406

5473 3163 280 191 8d

3272 3190 686 223 Amst Rover

3336 3242 2444 240 In antwoort aenden ue van 13 deser hope dese noort oosten wint

3338 3392 2474 137 t' schip van  claes branmont van bremen behouden sal overbrenge

3355 3467 2399 167 dat geirne vername ingesloten slynde ue een ander briefken van

3346 3554 2449 190 £825, synde uu gemaeckt in bancon amst te betaelen versoeckende

3334 3658 2482 168 briefken by ue behouden, alsoo den trecker mij, belooft dat daniel vande

3338 3735 2487 171 tempel die ionghman is & tot haerlem inde beghyne straet woonachey

3356 3838 2426 193 oidre sal stellen die betaelinge aen ue tijdelijck de doen doen hij

3357 3930 2383 169 s present op poelenbeurgh bij d' heer swaen wiens cassier costij de

3349 4057 2395 151 betalinge sal doen, sulckx dat ue alleen het briefken biy ul

3343 4185 2483 135 gelieft te bewaeren tot den vervaldaege ten waere hy vroeger betaelt

3363 4226 2356 154 wirder voorder hebbe heden aen ue pp post gesonden een
