7912 4541
2650 192 562 154 15 mens 1694

822 189 587 170 anne Rover

2487 238 163 120 d

926 277 2358 172 Jante vanocasso is den ue van 12p ton beantwoort

914 392 2076 146 gelelen met de lest brive van engelen

1082 464 2197 159 de convoyer van cosn tot hul zaylreede

974 556 1608 168 soo den die te geneedt sa

2793 702 406 150 15 meirt

801 714 916 156 BrusselJan Jonaert

970 831 2305 199 Aen Jonaert gesonden de N 164 ƒ ƒ4:  159 ƒ 4:

2922 963 118 99 p

980 947 2110 225 N 39ƒ 4:- N67 ƒ 4:16 N 164 ƒ 4- N 169ƒ 4

2963 1080 237 180 dsl

975 1088 959 200 N 79 ƒ 4: N 167: 4:15

813 1205 840 213 brussel Rousseau

2829 1276 386 167 16 meirt

969 1327 2275 237 Jay reccu en son temp la chere vre du 6 cour le quelle ie nay

984 1464 2241 201 pas respondu faute d'occasion, ayant paye promptement les

966 1569 2250 211 £33:6:8 en la presente n'est que pour vous supplier

977 1727 2320 154 devorr payez ƒ180 argent court a mons le conseillie

991 1793 2295 218 de lendich sig de stlenserd  pour ½ an de louage

982 1933 2244 192 de lamais en suitte a la traitte sur la quelle il faut

967 2037 2233 195 ni quittance du teneur du dit lonage a lordinaire

967 2173 2312 121 la quelle quittance vous mes envoyerez pour men

971 2261 2315 190 discharge & vous serez credite avec obligation pour cette

950 2373 2320 189 favent vous priant donner toute le civilite possible

981 2455 2304 196 a le dit sr deleudick & vous m'obligerez ni finitemen

1043 2557 344 144 ue suis

954 2625 2211 216 lasemaine prochaine i'envoyerz mou procure a le

1996 2740 56 69 te

2077 2732 175 91 bly

964 2783 2257 100 silion coutre les cux ie ne reprend vre

975 2871 2285 149 & lap lettre sur de haes touibe 24 surt la quel

964 2946 707 140 ie oben die you

2865 3041 387 151 18 meirt

797 3036 664 203 Amst Rover

973 3152 2292 195 op 15 deser was aen ue mijnen laesten tsedert verstaen, dat het

972 3272 2268 163 convoy van costij 6 deser van hul was vertrocken, & alhoewelick

973 3383 2262 186 geen advis hebbe het selve gearriveert te syn, soo verhope geen

917 3453 2285 191 ongemack sak sijn overgekomen, maer morgen hun arrivement te

956 3541 2331 196 vernemen, den brief van 114 £100: van 4eorge tliffort getrocke

943 3636 2256 230 p Janis laest ten laste Jan & fran Eyler in londen den

954 3739 2333 179 welcken, om het bewast abus, is geprotesteert faute van acceptatie

934 3814 2358 202 & op ue goetvinden andermael gerenvoyeert, alsoo den selven behorlyck

929 3940 2370 167 soude worden betaelt met de incosten, soo seynde ue hier ingesloten te

948 4064 2362 151 rugge met het protest van non acceptatie, & een protest faute van betaling

942 4136 2368 165 alsoo die acceptanten hebben geweygert te betaelen, de 4 ƒ & 6 utt

942 4233 2268 138 voor oncosten dae comme geresen, ingevolge ue mij ka de geloft

3440 228 2407 116 soude geschieden, & oock meer danreden is, destemeer, omdat de

3417 318 2441 126 faute bij den trecker selfs is begaen, derhalven gelieft het capitael

3429 421 2441 148 beneffens d'oncosten intevoorden volgens aenden voet deser, dogh soo mij

3445 476 2346 201 lufford tegende provisie van ½ ps iedt wilde seggen, moet hy weten

3445 620 2400 161 te londen sulckx costume is, alhoewel hier & costij beter coop wort gedaen

3442 716 2442 177 dogh alsoo ick niet wille sicaneren, soo ben tevreden met wat ue daer inne

3434 825 2449 147 sal doen, dan andermael dat gelt tot londen te ontfangen is present mijne con

3441 923 2434 190 venientie niet. ingesloten een anderbrief van st ƒ 200:- a 33: 2 en tot

3448 1070 2431 179 laste I saae Clifford, den welcken gelieft te laeten accepteren & my teragge

3445 1149 2130 217 seynde hope ditto Clifford eeh suffisant man is, dat geirne verneme

3349 1265 653 226 Londen n Kent

5425 1299 412 203 18 meirt

3420 1390 2397 211 My last to you was 15 curt to which referre you, & accordingley

3426 1484 2467 256 exspect some spa clothes by the first departinge convoy, which I suppose

3435 1617 2436 204 that for amst & should be gladiif a sppe fine or two new culloure

3433 1739 2456 221 were by, now have before mee yours of 27 past, where by take notice

3431 1869 2423 176 hew you father could lind no cure for his disease & that he was

3436 1937 2437 242 up the day before he dead pray advise, if he  in a sudden

3427 2077 2379 211 sby a fitl, or that he was by sheis witt & speach, tillhes dyinge

3435 2189 2420 198 & whether he did not decline instrenght ayes & sto macke, some

3424 2288 2417 222 time, of monthe ofweecks before, that so you did like forsee his

3434 2398 2440 180 approtfachinge devange, praij s lett mee have a particular acctt

3430 2532 2337 165 there of, the ships from hull are not yett arrived,

3416 2645 2459 186 neither anney news of them, god send them safe, as

3413 2745 2394 141 to the 12 northreus mr no modish to be found

3430 2852 2440 207 to content lett one or 2 blew grayes bee, if to be had

3423 3014 2471 154 which I suppose to bee, because there is blew grayps

3437 3092 2394 158 here in towe in northrens, therefore lett mee have

3440 3217 2430 129 1 a 2 bleuw grayes of 5  clothes & leave out other mo

3414 3310 2430 120 dish because doo not so nmuch want them, as well

3422 3403 2458 140 the grayes. itt zeems the coffie cullour will come in some

3419 3536 2468 185 demande in low prises, therefore ad a 6p more from

3430 3615 2421 207 7 to 10  some what leighter sonme

3428 3713 2415 224 then the patt of 25 cur & if you have sent mee

3434 3860 2444 212 29 pack with tohe amst convoy, & that the convoy for

3429 4016 2365 156 mott lailes before anney for ostend, so send some spa

3410 4094 2423 203 clothes also that way, that by so odoeinge, I can have the

3401 4222 2426 179 goods before a convoij sailes fbre ostend, & if non readdy
