7960 4521
2800 187 303 136 12 gb

745 201 967 127 doornich martin de rasse

946 240 2321 222 Jay receu en son temp la chere vre de 28 passe, et en suitte i'ay tire

941 358 2259 177 sur mons. de wulf de gand £112:4: 8 en argent courant fait

952 450 2245 169 £103:12   de change pour la quelle valeur vous est credite

942 554 2286 157 il m'a coute ½ p de perte, mais puisque ie voy vre bonne in ten

952 649 2235 193 tion ie ne veurien contradire, cependant ie serez tousiours bien

972 761 2268 198 aise, quand vous me donnerez l'occasion de vous rendre service puit

975 881 416 167 que ie suis

3036 943 89 144 ob

748 958 872 215 brussel henry de smet

937 1038 2264 186 In antwoort aenden ue van 5 deser ick hebbe gisteren ue boegeson

905 1132 2294 219 den in het pack van henrij Rijssels 4 kersyen & 2 bagen gelijck

956 1251 2241 197 aen de voet deser, ick en hadde maer dien eenen eruysbaey ofte van

956 1370 2229 169 40 maer wel meer van & 44 ick can niet verstaen, hoe dat

945 1473 2253 158 ue baeyen sonder corter vallen als die van p segers, & hebbe anders

936 1579 2288 174 gen 40 gehadt als de cruysbaeyen, de berejders seggen ondertuys=

965 1679 2283 169 =schen al wat sij dencken, wat aengaet op ue te trecken, dat is memers

951 1795 2290 179 een oudt gebruyck, dat ick placht alle 6 weken over te comen ofte te

963 1905 2220 159 trecken & die rekeninge, wist ue huysvrouwe saliger preciers te

947 1987 2292 199 onthouden, & wirdenck ordinaer het eerst & t best gehantgift, soo dat

955 2156 2296 106 ick ue bidde die goede gewoonte niet te vergeten, tgene ick laest getrocke

960 2228 2315 153 hebben was dato 13 octob soo dat ick uijd ick inpolaets van 6 wele

945 2318 2278 192 gewoon worde 2 maenden te waghten, niet voor 12 a 13 desember

905 2419 2191 170 aenstaende sal trecken tot ue governo naer groetenisse blijve

2910 2503 257 188 12 gf

743 2508 909 240 Brussel Peeter vallyn

919 2615 2335 185 In antwoort aenden ue van 10 deser geconsidereert de redenen die ue schrijft

898 2755 2282 135 sal geirne 10 a 12 dagen waghten, & dan met verlangen ue hier te

933 2816 2265 230 gemoet sien, dogh de geassigneerde ƒ 300:- aen S Rousseau moete

912 2928 2285 153 alvoorens betaelt worden, wenschende ue alle sorten van geluck

962 2998 2316 193 & contentement met het begonnen contract & een volle genoegn

938 3134 2274 170 in het voltrecken, ick ben van wolle mane facturen present te

949 3222 2287 176 veel voorsien van alle sorten, soo dat mij niet manqueert als

935 3322 2302 174 cooplieden & gelt, & ue sich verscheren magh van een volcomen

943 3442 2320 173 sortement te vinden, derhalven sien ue met verlangen te gmoet

966 3562 357 158 blijv

2903 3609 278 186 15 d

791 3588 1300 293 gent Cornelis van bavegen

927 3729 2240 195 volgens den ue van 12 deser hebbe ick gisteren aen ul

921 3867 2339 234 gesonden met de wagens op gent een packken yer

912 3967 2315 203 ƒ8p inhoudende 4 witte flannels te weten & gekeperd.

930 4120 2303 128 & 2 gecrugt die ick niet minder cangeven als aenden voot

944 4224 2299 127 deser & alhoewel die van 1 geeruyste tot 19½ geve

3501 195 2383 127 soo ls het neclle gel desoorte van 15 olts

3475 246 782 132 iport bedraeght

4614 295 1262 122 waer voor van ue aen brief

3462 297 2439 247 ken verwaght op 3 a 4 maenden te betalen & naer

3464 421 879 230 groetenisseblijve

5395 501 367 210 16 gb

3321 554 660 242 Amtt Rover

3470 639 2388 188 In antwoort aende ue van 12 & 13 deser terwijlen het ingeluck soo is

3406 696 2504 272 dat Jan priee geheel wegh & Jaques de wit gestrant is, moet ick mj never

3439 855 2460 198 andere patienteren, i& hope dat myne lakens uyt Jaques de witt noch sulle

3425 951 2468 166 te reght comen, bestaende uyt een pack  N 148 5 stucken N 1083: 84

3448 1102 2398 156 tot N1087 witte grijse lakens waer van ingesloten den staelboeck de selve

3435 1166 2386 197 soo die te becomen sijn moeten aenstonts in t'waeter gesuvert gedrooght &

3414 1237 2491 222 geperst worden ten waere gelyck men hier seght, dat t' meeste paert droogh

3405 1364 2503 207 geborgen is, het pack was met 2 witte baeyen fardelure om wonden, een 7

3430 1490 2360 199 nicblaes verlaen hadde die voor de meeste laedinge sorge heeft hadde ue

3423 1613 2435 156 comen seggen, dat hij een man op texel & vie hadde die oock naer amelant

3425 1707 2460 205 soude gaen om voor die geborgen goederen aldaer te sorgen, & derhalven al ordre

3419 1823 2404 173 was gestelt dat dan wel is, denckende sij sonder tyt verlies de geborgene

3447 1932 2368 184 goederen naer costij sullen opseynden waer op gelieft te vigileten, 3

3389 2006 2488 177 van mijne vrinden syn mede nn Jaques de wit geintresseert al Abraham van

3423 2133 2445 152 diest voor een pack met 30 witte baeyen gemerckt  N150 genomb

4277 2196 1185 155 dat ue myde oort gerecom. voorn sbrge

5493 2252 75 94 16

3417 2224 1706 198 van N2069 tot N 2098, dher benaert vermeulen

4847 2311 967 136 & anthony Rorsendael voo

3407 2346 2172 164 hebben s. pradillis daer over ges & versoght met is te concntten

3421 2487 2423 108 , my dunckt het wel de moeyte weirt waere iemant expres der -

3410 2557 2457 158 =waerts te seynden om van d'ons sich te verscheren, want, indese gevalle, syn

3424 2613 2395 168 sommige niet nauw van conseentie, derhalven recommandere ue de saecke

3408 2742 2461 197 be doen als voor eijgen & wert alle moeyte & coste ten dancke geremmtons

3416 2816 1400 182 seert van die naer groetenisse blijve

5510 2873 271 224 16d

3343 2906 950 263 damen Philippe Lurond

3403 3023 2441 252 En responce a les cheres vres de 7 & 11 cour selon tt engelbert dieudonne

3385 3220 2465 133 m'a porte £264:16½ pour ledrap a vous envoye le 28 auoust dernier, les

3403 3286 2409 189 ƒ227:7 ¼ que vous avez donne a mons Condvert sont encor a namur

3403 3425 2441 161 faute d'occasion, comme mons oudaert dit, n'ayant pas trouve a propos

3400 3508 2456 130 deasserder la partie avec la siene, cependant jay envoy aa nom de dieu

3390 3588 2475 165 & bonneau p le barque merchand pour brussel p la conduite d'engebbert

3390 3698 2457 168 diendonne addresse a Jcan martin de warnier contenant ensemble 3½ draps

3379 3816 2436 151 selon la facture cy comt portant ensemble ƒ 1577„7 ¼ de change

3389 3873 2402 190 paijable en cette ville, leetonneaus sont assortie comme au pied de la

3381 4031 2433 148 facture, ie prie et chaqueun provue d'une billiet des 3 dois ie

3393 4099 2451 176 prie dieu ets anthony de padua quil arrivent bien chez vous et

3387 4187 2444 175 quil vous garde du mal contre, comme il a pleurt a dieu, denous
