7823 4528
850 195 2189 149 Moy, & vous aurez advis du suivre, ie vous souhait

888 260 2244 153 une tre heureuse feste de pasque avec toutte vre famill

908 372 309 159 & suls

2503 354 587 199 2o meit 93

688 415 805 188 Brugeg d Coets

884 516 2221 168 dust mijn van 17 deses en uen van selven dar

882 629 2220 144 ontf, het pack N3 suen het te gemort, n alhaewel

837 707 2246 183 den P. devenes ven van laetoen is opgecomen, soo

846 754 2271 202 mort ue bij desicin, sint eevage te brengen, an ties

880 849 2250 250 mnst het packN1 te imogenlighen en voors

885 958 2217 210 serden, ck en gelvone mete dertijin een plaer

874 1040 2280 208 vande everele sullenreht verge mani

884 1147 2286 207 camhandelen wert geplegk imant om syu goet

870 1214 2245 214 te becomen soo sande en wagen minipalijk voor

860 1325 2308 232 packen ie enen sonder neiieditie van deen oft handen

858 1398 2271 242 lesse can becomij, daerom al sonde un aen diffe

894 1489 2258 216 het oe ylsi gee soo sier msi

864 1595 2226 183 dee grate te becoen datsij geen e vand

867 1694 1981 226 hill cafliten voor dat allesr goed daer van

899 1688 2255 271 geelaet, soo soudem te mireste tesame sijn

876 1820 2206 233 goet m men brengen, waer dat s otersaeh geve

849 1912 2264 224 dat de eery al sijn goet sal vercoght hebben von

856 2023 2308 184 nt dn an, en can becoen, is degraeisen nur

887 2077 2168 225 segotieden can gedae wonden, en & vver het

892 2172 1939 216 toses mndie dein wt voer s

915 2210 2243 286 vant saen is neneverger moet vllightijt

930 2334 2109 228 vaen sulx n dit omderswerlen

2495 2424 422 177 20 x

720 2508 671 165 Brederelka

876 2513 2259 233 heb e briefomen en 6 maael gesoght en geson

907 2643 2186 174 omfore tp spreln dat hij en dryhoud gulden

876 2707 2233 252 sonde telln ays om hemdaer van hier wedertge

888 2818 2151 200 svrlight die van hemoft trecht opm

887 2894 2275 221 in coremt gelt te belaen, werkt lijn goet af

918 2996 2233 221 en alssy nent lef comn tijt so ick u van huer

890 3102 2291 207 Noch een steert volsuden om daer van een

2581 3177 321 207 21d

920 3266 893 141 volliye e

713 3350 826 171 Brussel russeau

843 3344 2328 246 wane na dernire du 19 con men der gracer la

891 3482 2239 255 prn seule pis vous aviser davir negobin

899 3584 2257 228 le £200 sur le hed firiese a 73:t, vour salue e

2757 3683 419 186 23 meire

714 3763 1089 211 leyden P Hermantso

975 3812 2214 252 ck hebbe ue brief van 10 feb laest ontf tooel de 3

826 3946 2377 175 lakens daer bij vermelt ick seynde ingesloten een briefken van

869 4008 2312 247 ƒ 230:- ot op 28 deser p cassa tot amst te ontfange

879 4119 2323 219 bij d'keeren geeraert & valeriy rover, soo dat gij dat moet

905 4185 2291 185 verstont vernegotieren, om dat het moet die dach betael

3355 198 2448 112 sijn dat is aenstaende saterdach, want soo daer verandering

3338 231 2517 191 aen t' gelt comt soude het voor ue rekeninge wesen, betaelt daer

3350 311 2324 173 uyt de ververs &ue selven & seynt mij eene rekeninge toe

3334 373 2492 201 Laureijs Ra sal ue 5 fyne lakens seynden, die gij curden moet

3345 466 2482 185 doen vollen, op de minagerie om lenghde te houden het sullen

3359 591 2405 179 wesen 2 breede leysten een sluyper, oft dunne smal leyst op

3369 681 2426 208 a2 te vollen & 2 drap de dam  ¼ breet te blyven desevijf

3361 776 2432 190 moeten dobbel stael swert sijn, ende gedaen sijnde hen wonter segers

3363 866 2441 187 voorts gaen wel geperst & op gedaen gelijck de laeste, dogh gij sult

3374 979 2389 176 al maer een s'effens becomen, & gij moet een selfens sien claer

3385 1077 1853 170 te maecken & voorts te seynden waermede blyve

5249 1168 462 184 23 meirt

3294 1196 677 194 Amst Rover

3370 1272 2442 194 In antwoort aenden ue van 19 deser hebbe niet alleenelijck schrj

3316 1384 2511 199 ven gehadt van de bra voorleden woensdach maer oock van vrijda

3573 1520 137 59 oet

3366 1481 2416 208 gh confirmatie dat het convoy van hul binnen & alleen een

3361 1583 2451 176 schip met stuck goederen mede comen, genaemt thomas scaman

3351 1693 2480 169 buat de andere schepen met souck goederen gelaeden tot heell

3365 1782 2442 165 sijn blijven liggen, dogh alsoo met P in sijn laesten noteert

3358 1888 2479 150 dat noch een man met packen ofte souck goederen, genaemt Ray

3361 2009 2401 137 sontheren tot hellevoet was ingeloopen, soo geeft sulckx mij

3380 2090 2395 146 ombragie dat den selven sonder convoij is overgecomen &

3369 2186 2461 136 licht wel eenige andere op hope van t' convoj t achter haelen

3375 2271 2454 131 souden connen sijn gevolght, wat daer van is moet den tijtleere

3370 2400 2441 111 & terwijlen d'assurantie niet is geschiet geloove d'assurado niet

3361 2447 2492 165 licht sullen willen teeckenen, daerentusschen geloove morgen

3375 2586 2448 116 van hul te verstaen hoe heb daermede gelegen il, evenwel soo

3376 2664 2404 127 als meden van het convoij naer costij waer mede hope oock

3382 2778 2408 124 eenigh goet sal v vercrogen verwondere mij dat de amst

3382 2853 2454 191 laterdaeghse gaiet mentie maeckt dat Jan scholt oock binne

3363 2949 2479 157 is t'welck alsoo van Rott niet wort ges owaer moet syn

3355 3062 2469 171 hebbe heden op ue getrocken 28 deser p  as te betaelen

3391 3162 2408 190 ƒ250 court hollants gelt un d'ordre van hendrick

3366 3267 2474 178 hermantse t'welck gelieft te voldoen & iedts tot ue daen

3371 3366 2016 185 voorvallende te commandere de blije

5446 3437 339 178 24 uer

3274 3452 957 221 Rott Ab de bra

3385 3543 2463 183 volgens den ue van 20 deser sien mijn pack N1 te genwet

3379 3703 2482 151 t. is mij het dat d'anders schepen sijn achteruyt geseylt

3376 3745 2456 190 eghter soude gerust dat ick seherljck wiste de selve noch tot

3385 3856 2424 155 suil laegen, dogh dat  soontheren alleen tot hebbe

3379 3987 2403 154 voet is ingesloten geeft mij veel achterdencken &

3361 4047 2428 145 preese aloft sonder convoij es comen seylen & wel

3389 4170 2414 106 eeni ge andere henm soude sijn gevolght op hope het

3405 4255 2410 109 convoy te achterhaelen, biddende hem eens gelieft des
