7940 4528
2727 194 416 126 13 octobe

719 191 897 213 brussel francois de haes

937 240 2246 191 ick wete niet wat dencken, wat ue voorheeft dat ue het bewys van ul

935 410 2256 134 meert laestleden nu 6 maenden hout van veertigh ponden aen monr

918 490 2229 198 rousseau noch niet ten vollen hebt betaelt, op die manniere can men

948 576 2246 152 met niemant negotieren, & ick bidde ue syn wij vrinden laet crij vrinden

933 727 2197 146 blijven, doet gij sulckx om my te affronteren, ue doet seer qualijck oste

914 779 2129 181 geschiet het foute van gelt, soo is het oock niet wel gedaen, dat men

866 878 2247 192 temandt syn goet comt a fcoopen, met beloften van in 5 a 6 maenden

922 976 2176 150 te betalen is het nu geschiet patientie ten minsten voldoet de rest van

902 1064 2233 227 t briefken, & adviseert my op wat tyt dat ue sal accepteren te betale

902 1179 2146 184 t' gene noch resveert synde ƒ 560:- wisselgelt in een oft twee

916 1261 2141 218 briefkens op de omdaer van een eynde te maecken, willend e hope

919 1362 2195 212 dat ue die vervolgens dan sal voldoen, waer over ue antwoort

921 1503 740 174 verwaghte & blyve

2734 1552 294 191 13 oct

757 1607 744 202 Brussel Rousseau

903 1671 2198 278 J'ay la chere vre de 6 cour il est bien que le sr walravens a paye

940 1833 2069 208 ƒ 385: margent court, vous estant debite ƒ355: 8 de change

953 1936 2271 185 pour le ie ne peu rien apprendre encor de Sr Jean Hudson, ie vous envoye

905 2027 2219 141 icy ioint s'assignations, comme au pied de cette ie craigne quil ne seront

912 2162 2261 110 pas si promptement payé que ie desire, non obstante ie me sel sur

916 2256 2204 136 vre bonne condet discrete conduite vers mes chalants, si le Sr ververs

934 2295 2236 202 veut rabattre quelque peu de chose vous luy laisserez faire s'il vous

913 2445 2241 191 laist, de smet refusera vous luy presenterez quelque iours d'attendre

897 2531 2217 180 et s'il l'argent de S vallyn ne soit pas prest fait le accepter

924 2643 2196 196 sur quelque terme comme cette que vandenheck a marque soit

914 2738 2177 193 eschue, iespere quil payera promptement & qua la fite

928 2849 2277 176 le Sr. dehals aura satisfait la restant du vieux, ayant luy escrite

933 2950 2223 175 auiourd huy une lettre fort urgente, excuse moy toute ces que

920 3041 2282 168 ie vous sues si importan ie vous prie de me commander me double

2848 3159 262 156 13d

749 3177 906 190 brussel frans Jacobs

907 3233 2262 240 in antwoort aenden ue van gisten sal het noodigh besorgen voor

928 3349 2256 184 ue remise van ƒ650 cour gelt ten laste saude donck en & ue daer

917 3474 2229 176 voore credite danckbaertheyt crediteren, can ick ue eenige dinstdo

3118 3486 116 132 ele

938 3555 2210 176 met eenige packen kerseyen baeyen fte frisaerden sal het

913 3660 2180 209 ue voor eene cleyne provisie over laeten & in alle oseahen

906 3789 678 178 phoonen dat ick ben

3355 195 908 227 Brussel Rousseau

5387 237 471 181 14 sber

3416 320 2366 234 iay vous ay envoye a hier s'assignations, iespere que

3419 471 2443 171 vous trouverez bon suscez pour moy en les affaires, depuis

3420 563 2375 193 ayant enter edu que le Sr Hudson estoit en ville, iay le

3433 695 2426 186 cherce et enfin trouvé il ma receu avec tout honnestete  promis

3398 834 2290 129 de payer vre pretention en 5 a 6 iours, quand il pretand

3409 906 2425 187 dl estre de retour de Malin ou il dort estre a ce soir iaurez

3411 1018 2425 146 soing pour allors ie ne marquerez pas de luy aller trouver

3428 1096 2388 207 quand il sera en ville, car ces amis sont les mienes et il me

3389 1221 945 174 feront service ie suis

3342 1319 876 163 Brussel walrevens

5443 1285 331 188 15d

3417 1432 2353 184 volgens ue ordre van 1 deser hebbe ick gisteren p beurtschip

3412 1548 2326 148 ue toegesonden een pasxkengemerckt CW in houdende4

3393 1615 2363 184 witte flannels te weten 3 gelyck ue gehadt hebt & een

3413 1737 2347 174 tander bedragende courant gelt ƒ 195:4 ick en twijfele

3392 1818 2422 194 niet oft sij sullen tot ue contentement wesen, want het goet

3395 1950 2351 182 soo goeden coop te geven can men geen profijt doen edts

3403 2033 1658 174 anders tot ue dinst commandeent die blijve

5427 2116 281 203 19 d

3348 2117 853 188 gent wed nicolaes de buck

3348 2204 2482 204 4 In antwoort aenden ue van 17 deser, ick hebbe present geene 3600 carmosijne

3366 2329 2455 220 lakens, dan sal in t cort eenge gerest hebben & ue staelen seynden a soverno

3397 2445 198 129 blijve

3318 2466 887 295 Buge Aoriaen Seoers

5520 2507 237 226 29d

3424 2623 2397 213 Ick hebbe den ue van 17 deser wel ontfangen met de 2 wisselbriefkens daer by

3381 2776 2449 131 gementioneert voor voore ick op synen tijde het noodigh sal besorngen, ende

3397 2872 2439 150 ontfangen hebbende, ue daer voore crediteren, ben seer verwondert te lesen

3375 2923 2418 193 t'gene ue schrijft van 12 kersyen die ick ue niet soude hebben willen

3386 3024 2440 215 crediteren, dat is immers een grof abuys a 14 augusti 1692 heeft mons

3382 3122 2384 169 vander borght ue schoondaeder een partije goet van mij gecoght daer

3376 3251 2420 169 onder 40 witte kersijen, sonder dat hn, ofte ue ergens van mentioneerde

3387 3317 2401 203 soo dat die gehaele partie te boeck wist bestelt op rekeninge van mons

3386 3435 2356 174 vanderborght gelijck dat de maniere is, nochte ue nochte mons vander

3379 3542 2403 125 borght en hebben mij iedts geseyt van 12 kersyen voor ue rekeninge daer

3369 3622 2440 221 uyt te hebben  sulckx dat het mij niet trestaet aen iemant te vragen

3371 3712 2459 231 wat hij niet syn gecoght goet wilt doen, t' is waer, dat dat iaer ul schoon

3374 3837 2444 263 valder my heeft geseyt, als wij tsamen rekenden, dat gj 12 kersyen

3370 3933 2436 246 van hee uyt dat pack hadde ontfangen, dan het ick geantwoort

3371 4048 2426 217 dat het my indifferent was, ofte ue ofte hij mij dee betalde maer

3394 4149 2359 187 alsoo die kersyen altemael op syne rck stonden, dat het om het

3408 4285 2216 124 wel soo wel waere dat ue aende schoonvaeder die 12 stucke
