7330 4534
577 201 2427 96 noyt gesproken, ofte mijns wetens oyt gesien ende door wiens inductie

2051 232 97 72 den

579 265 2422 162 sulckx geschiet is mij onbekent, alleenelycks gelijck aen syn B hel met

528 369 2502 136 mijnen voorgaenden hebbe geschreven, wat mij was geadverteert, twelck is

572 452 2428 179 geschiet door den procureur herreijns, de wilken soo ick nu verstaen soot de

1696 532 1360 85 & daer door bij ick geintignideert gece t van

391 577 2572 139 andwnthade inde procedure alhier heeft gedient ick verwachte dat sijn l pdit

385 678 224 109 gedagh

610 649 2428 141 beletsel in teort sal week doen nemen, op dat ick geen voorder moeyelijckhejs

372 742 226 99 had de

386 752 2650 147 de betalin onderworpen woorde, maer myne huere met gerustheyt betalen mach, waer

1033 833 432 89 van tijt tot tijt

384 883 2686 121 te vee syne ly myn seer prompt sal vinden daerentussen vereysschen eenige repara=

382 946 239 142 oft di Lay

513 975 2541 135 tien geen uytstel, synde met de laeste storn differente lecken in t'schalien dach

566 1020 2464 191 genaeyt, sonder andere van te vooren voorgevallen sulckx, dat de schalie

590 1127 2475 172 decker op dach moet, alsoo het seermerkelijck door regent, ende de solderingen

589 1252 2465 129 beschadight, ick hebbe die reparatie oversien, ende is naer myn duncken met

601 1327 2451 190 ƒ8 a 8 guldens te remedieren, oock ontrent t  aen gelasen de vernieunt

529 1456 2514 179 moetten woorden, ende niet houden connen staen t welck mijn oosdeelseal is

585 1532 2404 142 voor dit iaer gelieve sijn Ed te ordonneren, dat ick sulck x doen als

586 1605 2478 177 voor eijgen, ofte ten oversooen van iemant van ue bediende al hier verwacht

579 1770 2471 121 te verstaen, to het sijnt minsten van mijne gedachten geweest dat dit cas

571 1823 2476 153 oyt soude hebben voorgevallen, echter betrouwe my dat sjn . op de

525 1974 2505 140 discretie van syn ED niet qualijck can afnemen, dat ick soecke alle

547 2054 2436 140 morgelyckeyt te ontgaen, alhoewelten respecte van syn B doen sal

2627 2138 80 70 P

2126 2126 389 73 verwacht

566 2183 2492 144 t' gene eenighsins van een eerlijck huerlinck can vereyet woorden, terwijlen

545 2253 1233 198 blijve naer aordiale grroetenisse

2560 2299 398 221 23 Juny

376 2358 1212 254 brussel mons Rousseau

581 2484 2488 181 i'ay receu les cheres de 14  19 & 20 cour, ie voy que tout mes assignations

570 2610 2498 182 sont satisfait ce qu'il m'est fort agreable, & principalement vre prompte

552 2704 2438 153 tude & procurant la valleur de mes quittances, pour les quelles vous est

569 2814 2477 187 debite ƒ 94  3 argent de change vre traitte de ƒ300 argent de courant

576 2914 2489 156 ne m'est pas encor presente, il sera paye avec tout d'honneur si vre grace

556 3059 2501 170 a d'occasion de tirer ker londres sout mesme p  £400:- cela me pourins

1615 3122 571 75 seront agreables

578 3128 2487 145 accomoder, si non vos remises me accoedderont selon vre commodite. grace

574 3255 2454 136 a dieu de suis satisfait de S gancheret, qui m'a paye en personne & cette

574 3360 2421 124 ville & quand il voya que son credit, estoit caducque, il le  evounia

585 3485 2404 113 cent mill poullies lesquelles i'ay respondu du maniere qu'il estoit

559 3556 1006 157 Enfin bienaise de le retirer

2626 3591 386 182 23 Juny

389 3661 915 153 London Jan Kent & comp

554 3676 2504 246 conce my I writt you 19 cur & advised yotu att large the needfull about

568 3849 2497 146 the Spanish cloths I desire, sence haveing non from you, can not dilaye

543 3932 2481 154 to oxpres you my resentiment I have to see the nothrens cloathes you to

541 4035 2517 152 zent mee, at first their g ennevally sort deare, & bat that I can not self

554 4165 2511 103 one priice the 5 shillingh cloths, here not so good of forgnar the 4ƒt cloths

567 4191 2494 174 the 4st cloths here lire cours dozens, now there in I monst have patieuce

3344 183 2478 99 & tadie as the markett doth afford supposeing Iam served as eheap a5

3343 280 2457 116 an other, butt do finde cullours that I bid not demanded doth vex mee the

3312 393 2521 108 Most, my order was to you 6 march, gecording to which I should have had 8 darck

3299 452 2481 175 grayes as the patterne here under, and thery is butt 3 p, though dat cullour wee

3271 589 2534 133 want most I alsoo writ sed and send the inclosed patternes for mode cullours

3313 670 2447 162 beeng a drap instead where of, you send mee al ever mode cullours, so that I

3303 780 2502 177 finde 12 p, of which 6 is enough for a whote yeare now you hare to provide

3300 854 2520 223 for mee 3 packx of northrens cloathes, according to the instructions sent

3325 980 2431 210 you 5 may last where in N.8. and N.10 are also mode cullours, though

3264 1089 2515 195 Must upon thered, leave out the cullour of N510 & lett me have imall

3298 1199 2423 181 2p N. 8 yett more upon the red, and if not wel to be had, send darck

3295 1296 2478 191 grayes instead, observing to sent mot of the darket sort as N1 „ 2, 3 in the

3275 1400 2509 196 laid instruction, for I do not love to see cullours & goods that I can

3296 1502 2477 160 not sell, this as mr Roosendael Saith, that you have to much to do

3288 1596 2466 201 & there fore all things do not go as they should go, and in the meane

3291 1706 2479 181 while when the goods are here wee are plegued to putt them of when

3300 1825 2526 203 they are not well conditioned in cullours or in prices, soo pray M Kont

3313 1923 1703 214 lock particulerly ofter my affairs whilst I rest

5259 2142 409 177 23 Juny

3154 2122 1175 229 Amst Geert Baler Rover

3323 2275 2454 171 IIn antwoort aende ue van 19 & 20 deser, wegens geassureerde is t wel als oock

3288 2367 2459 168 t gene ue seght nopende de provisie, sal geirne verstant dat lameert annis costij

3265 2461 2548 200 sal sijn aengecommen, & mijn pack sos, gelost ende herrewaerts versonden, dat pack

3299 2570 2538 183 heeft malheureus geweest, synde met het voorgaende rotterdams convoij gelaeden

3307 2687 2429 189 geweest in t'schep van eene eswilder die door ongeluck wiert inde pout

3252 2773 2585 208 gestooten, soo dat het tot londen is moetten herdroeght ende opgedaen woorden

3232 2875 2530 171 & geljck met de laeste engelse brieven nu verstaen sijnder 3 stucken lakens

3279 2991 2525 138 daer gebleven, oversulckx soo alreede niet is verclaert, soo gelieft in plaets van 6

3281 3078 2505 176 maer 5 spaense lakens aen te geven, beneffens 12 dosijntiens ende 1 witten balj

3296 3207 2533 156 werdich ƒ 950::- in plaets van ƒ 1050 doch in gevalle alreede verclaert waere

3281 3272 2408 177 geen veranderinge te doen, de negotie is hier volcoomen stil, can mijne

3244 3394 2517 151 ardasse syde niet vercoopen, alles waght naer den uijtslagh van namen &

3285 3523 255 168 blijve

5340 3499 400 217 26 Juny

3164 3602 900 193 Loonden Jan Kent & comp

3282 3628 2481 189 Psence my last of 23 curt receaved yourf of 287 ditto with invoyce of the

3265 3686 2563 297 Kersies, in the pack N.55 which is well & I hare not much to the bayes

3294 3851 2431 180 where bought for I hope that the fronsh shall bee forsed to leve namur

3296 3914 2475 192 & realy wee have badde nof I take no this of the inbaryo so that I have

3273 4054 2491 142 tot little inlarge ouley dolir you te shit no more goods thisl by take off

3270 4138 2497 120 excesir fomme opporsieurrie tir preleut forholland at last wirr Jan Rotte

3343 4250 2376 129 re cammeed you mours the coutend of my to 2 cast lettres wel I ronesed

3236 4286 1320 81 nre un ca bill incbosed & ja du maistez en cessted
