7858 4534
868 226 2157 117 voor het dozijn laken & root ulaert van 17

2672 230 490 193 ƒ 228:12½

849 285 554 146 gber laest

821 296 2238 227 et voor de 2 deventerse baeyen van 31 Jann 93:-

857 434 2311 242 waer inne ick ue voorder can dienen ƒ 221:12½

873 572 1496 173 commandeert lhberijck die blijv

2640 665 472 155 4 april

675 668 1218 234 brussel henrij de smet

849 733 2293 234 de goederen met t' lalste convoij gearriveert

847 846 2226 247 sijn dese weke gecomen, maer omde waerheyt te

849 949 2151 193 seggen, soo gereet vercoght als gelost, soo dat ick

2951 1023 98 88 81

862 1033 2254 200 weynigh overschot hebbe dat het deseyne moeyte soude

846 1158 2217 163 weirdigh syn van ue overcompste, des te min omdat de

859 1270 2280 148 noortse goederen, noch niet en sijn aengecomen, dogh die worden

867 1366 2216 123 in t' cort verwaght als mede noch een convoij van londen, daer

863 1448 2256 139 entusschen hebbe heden op ue getrocken alloo het myne voyagie is

864 1544 2247 190 ƒ300 wisselgelde die gelieft te betaelen aen mons ant rousseau

822 1631 2332 179 & iedt tot ue dinst voorder voorvallende, liberlyck te comanden

2929 1744 137 103 d

857 1749 417 128 die blyve

2788 1788 217 134 4d

667 1751 1020 254 brussel Henrij Rijssels

870 1867 2285 178 de versche goederen van londen sijn nu gearriveert, can ick ue diene

868 1965 2257 202 gelieft liberlyck te comanderen de noortsche goederen worden oock

825 2069 2332 153 in't' cort verwaght daerentusschen alsoo mjne voyagie al eenig

885 2160 2278 181 doegen verloorten is hebbe ick heden op ue £30 vlaems getrocke

884 2250 2244 171 te betaelen aen Monsr sonthony rousseau versoeckende de selve

856 2376 2272 153 gelieft te verceren t'sal mij seer aengenaem sijn soo ick ue

840 2439 1455 153 lengen in sal connnedienen bljve

2792 2509 174 141 4d

694 2519 1459 196 Brussel seger vander Borght

855 2582 2273 185 de goederen met t'laeste convoij van londen gearriveert

867 2708 2329 186 syn gisteren hier aengecomen, ick hebbe daermede veel gemeyt

875 2794 2257 149 kaen goet becomen principaelijck alderhande grijsent oock

865 2876 2200 153 sonder andere eenige fijne volgens de medegaende staelen

879 2967 2187 162 can ick ue met die oft diergelycke eenigen dinst doen het

886 3073 2216 183 soude mij aengenaem weten, de peijsen staen daer by op

867 3174 2244 126 heb alderminste in hooghgelt te betaelen, hebbe oock vale

860 3299 2302 159 fijne schoone engelse laeckens ontfangen witte pack lakens

880 3350 2258 215 del. dogh onse noortse goederen blijven noch achter wenste

868 3459 2329 165 wel ue conde dinst doen, daerentusschenden cours ordinair

853 3579 2271 190 van mijne voiyagie is verschenen daeromme gebruycke

865 3695 2197 151 de vryicheyt mons rousseau met mijn bewys by ue te

879 3764 2150 167 seynden, versoeckende aenden selven gelieft te tellen

871 3893 2260 135 a 15 ofte ƒ600 hooghgelt sijne quittantie sal tegens

853 3960 2341 143 mij voldoeren & ue comandt sullen mij aengenam wesen

859 4056 2184 156 die naer groetenisse bljve de prijsen van de staele syn

889 4122 2312 179 N 47 14:8 N 29 ƒ 41 & N 40 1 4:12 N 22 ƒ 3:12 N4414: 8 N16

861 4246 2247 123 N11 £ 5:10 N14 ƒ 6:15 N 3: „ 5:8 N 45 ƒ 7:4 „ N 12 :6:9

5297 185 410 113 4 april

3295 184 1182 142 Brussel Bouter van Elsen

3380 290 2382 142 alsoo ons convoij van londen gearriveert is heb ick al

3376 346 2439 164 eenigh versch goet gecregen, soo spaense lakens, en gelse roode

3386 441 2411 204 pack lakens &  dogh de grove goederen vanden norden blyven

3359 530 2376 182 noch tarderen als ue over compt, bidde ue mij te willen comen

3390 622 2439 173 besoecken sal ue trachten wel be dienen, daerentusschen midet het

3394 720 2445 168 mine voyagie is & dat ick selfs niet en come soo seynde ick mons

3378 810 2379 215 Anthon rousseau by ul versoeckende aenden selven voor mij

3372 908 2408 223 £40 vlaems wisselgelde gelieft te betaelen mij sal vrindtschap

3385 1007 2425 228 geschieden & waerinne ue can dienen versoecke ue gunste die haer

3341 1138 727 169 groetenisse blijve.

5396 1171 217 190 4d

3275 1248 816 240 bBrussel Chriss Segers

3368 1286 2482 255 ons convoj is van Londen gearriveert & de goederen hier aengecom

3386 1442 2442 166 on, hebbe eene partije pack lakens roode lakens, deventer baeyen

5298 1539 322 83 on juwsts

3360 1540 2480 180 tveele spaensche lakens ontfangen, van de principaelste coleuren

3384 1636 2471 213 hebbe aen monsr vander borght ue schoonvaeder eenige stalen geson

3390 1736 2469 191 =den, hij sal ue deselve laeten sien, wenschte ue daen hem eeni

3366 1832 2498 209 aen dinst conde doen het noorts goet blijft tarderen, alsoo men

3372 1927 2497 187 van dat convoij noch niet en hoort, alsoo het nu mjne voyage

3380 2034 2487 171 is soo hebbe mons rousseau byus gesonden, comt het ue gelegen

3389 2120 2465 199 aen hem 2 aƒ300 voor mij tellen, mij sal vrindt schap geschie

3394 2230 2410 195 den & sijne quittantie sal degens mij volideren die naer groet

5604 2341 220 149 4d

5276 2360 146 138 J

3263 2332 1042 250 brussel meter vallyn Jn

3501 2359 1286 204 in antwoort haenden ue van 14 pack

3362 2406 2496 264 ick en twijffele niet oft ue heeft het stuck flanel in t pack van

3360 2545 2457 210 mons de smet wel ontfangen, volgens mijnen brief met de

3371 2624 2424 222 facture vanden selven dat m, de goederen van londen sijn t

3378 2749 2469 185 meesten deel gearriveert, maer het convoij met gemein goet als

3399 2834 2459 191 noortie dozijnen, geperste bayen, soisaerden & flanels blyven

3392 2913 2496 218 tarderen tegens een ieders vemoeden, doghwy moeten daer in patiend

3376 3038 2449 164 tie hebben, ick hebbe al een ontfangen eene partije pack

3379 3125 2421 176 lakens roode lakens & spaensche, & om de waerheyt te seggen by

3406 3232 2420 211 naer soo gereet vercoght als gelost, evenwel seynde ick ue eenige

3381 3337 2410 184 taelen vande niemeste coleuren met de prijsen daer by ue

3400 3441 2391 158 daer mede connende dienen, gelieft te comanderen ofte soo

3391 3529 2370 183 het debit niet te seer vereyscht een weynigh aensien, tot dat

3399 3650 2482 143 d'andere convoijen behouden sijn, als wanneer het sortiment van

3397 3728 2458 224 alle volcomender sal hebben, daerentusschen is het nu mijn

3391 3838 2474 187 voyagie seynde gewoon ontrent alle maenden eens over te comen

3391 3935 2480 201 dogh vermidts d'offairen mij nu niet toelaeten soo behandegh

3408 4040 2476 180 Mons Rousseau ue desen, comhet ue gelegen hem iedte te

3265 4144 2547 199 pr uylie sijne quittantie sal ue valideren in rekeninge

3375 4257 830 103 met ul dinaer
