7926 4541
923 187 2292 117 boort ick hebbe myne 5 lakens tot Rost moeten incoonen

894 239 2170 196 & betaelen, & schieter wat over soot sal ick wat hebben

911 357 2276 157 nevens andero, dat voor mij des de satalderis omdat mijne

911 433 2268 165 5 lakens geheel in wesen sijn & waeren door hem op ancolant

908 529 2325 171 soo gevonden & dat andere die luttel ofte weynigh van t hun

917 653 2288 220 gesalveert s daer van profiteren, tgene ditto Corm dirckkele

916 724 2234 255 genoeghsaem had connen voorcomen, ick hebbe van hem

904 836 2259 270 geen ander brief als den ingeslotene dat hy seght die

923 920 2298 241 lakens gesonden te hebben die brief is bij ue volgens ick genoegh

920 991 2230 243 saem can aehterhalen bijden ue van 24 xber laest die

932 1115 2232 193 saecke is misoo doetals voor eygen, & verseynt den ingesloten

2804 1271 364 218 22 mert

763 1319 1352 219 Londen Mr Wall & Will Kent

947 1470 2297 184 sence my last of 18 cur non from you so desire to be referred

929 1581 2330 161 theremito, & that the sp clothes be provid accordingley & to be bought

919 1713 2311 160 3 a 4 p bleu grayes more to the patt N183 of 13 cur of 6 ƒƒ68

921 1775 2277 216 to 17 & 8ƒ besides 2p ofsaid blew grayes amonghts tha

923 1903 2308 201 northrens 5 ƒ clothes ordered to be send to hull & is they al

912 2032 2293 169 be readdy bought that is ordered, so gett 3 a 4 blew grayes ½

922 2138 2280 224 of 4 & ½ of 5 p clothes with 1 a 2 stone grayes tobec

908 2240 2256 245 pack of 5p to be forwarded without loss of time pr

934 2394 2276 190 the first convoy for holland att hull, from whene that

918 2464 2274 230 for amste is weell arrived pray remitt mee, for

896 2590 2237 177 no more for amst butt for this place att price

909 2703 2274 172 curtt because the ex will fall more spall

918 2829 2270 177 appearence when the ships from spaine shall arrive

901 2933 2301 186 with silver yett remitt not ander 33 ƒt mort 32:11 e

909 3040 2178 152 & rather a 3 uso to have someting en exspectation

934 3153 1385 178 to know what passes remaine

728 3286 772 184 Brussel Rousseau

2817 3304 381 161 23 meirt

928 3365 2267 187 la vre de 18 court m'est fort agreable vous remerciant de vre

925 3483 2335 193 promptitude a le payement de mons de lendich vous estant credite

888 3627 2347 150 en suitte, cependant ie vous envoye es ioint le obligation de ƒ250:

939 3687 2246 187 a la charge de francois de aues le quelle ie ne veu doubter

931 3816 2279 145 nesera pas paye a son esceance estant le 24 conrt & 6 iours

927 3922 2329 145 mais puisque iay d'assurance sur la maison de la mere, en cas

943 3969 2271 223 quil ne paye pas il faudra attende iusqua lautre lettre

909 4079 2330 183 bera Essue, non obstante vous le fairez protester & cas

923 4200 2252 156 de non payement et tenit chez vous s'il vous plaist

3471 204 2421 137 on me dit que les affairs de Sr vallyn ne vous pas

3459 285 2455 184 bien avec sa belle mere, mais pourtent quelle sera oblige apre

3439 385 2429 209 tout de luy satisfaire ce que me fait broire que i'aurez c'ien

3447 433 1586 221 iusque le temp la, revous salve & surs

5202 565 619 194 25 mand 94

3390 560 513 180 eudllhiev

3476 676 2379 205 3dert wijnen van 22 deser bijden ue van selven de te

3551 831 2358 156 de verwonderinge gest dat ue su laet conserte

3486 983 2441 130 en den wisselbrief van goerge clofford, om het cepitael

3453 1040 2451 136 te ontfangen retourneert naer londen  saer soude icken hier

3457 1151 2454 175 op ousebeniff nidt gedoorgen sijnde oock teem alle

3460 1261 2466 172 eaciere van handez wart op wat prelees

3460 1364 2475 168 het vocbij mits gefondeent, vnreen gepoote she

3479 1446 2418 186 wisse brief nret e srecken op stael s quiesen

3452 1557 2447 199 betal  hier tye sijn verveel redon svallege

3432 1693 2485 120 doch dateden dan soo geseien decesen syn

3437 1765 2510 173 ƒ8: n n 2 packesien over tergende ick geoet

3458 1895 2463 171 sj elvovende die epoeditiunu wel demins

3471 1978 2450 161 ten wan mit het arrive et vaan 5 hulse selve

3562 2104 2341 142 goud  die van de se plaelt advoitue

3487 2220 2323 162 veirde geladen doe½ daer if aso a vereyg

3385 2301 1169 263 Londen Wall & Will Kent

5492 2372 244 154 28d

3432 2397 2399 183 sence my last of 22 cur non from you, this cheafley to repeate

3436 2560 2454 190 & express in short what spat clothes I desire to be sent mee, as

3427 2634 2483 213 exspresed by my formars att first thee order of 29 xber last, I loos

3420 2764 2413 189 upon to be compleated by the pack N30 & 32, so that there is

3418 2909 2431 130 to come to the order of 4 cur some to N1, which quantibief

3434 3031 2391 140 now enlarge to 6 a 8 p, though not all to gether inst the

3429 3099 2436 181 dame cullour for some may be anney leighter & in priee

3434 3206 2426 178 of 6 ƒ:6: & 6 77 ƒ to 8 a 9 1 8 tthe rest of the order may

3441 3322 2444 167 come to 4 a 5 p more, on the 8 ditto 2x on 13d. 5 p. on the

3431 3451 2422 163 18d 5 a 6 p on the 22 3 a 4 p which in all come sto 25

3444 3530 2478 188 &20 p to mage up 2 packes att least, where in pray be punctuell

3433 3659 2463 153 thal I may have them p the first as well over holland as ostend

3443 3749 2449 185 as I have writt you before, mr Rover of Amst writtes mee to

3443 3913 2461 172 have returned to you the bill on John & franc Eyles to receave

3435 4012 2406 142 the vallew without charges, where with I am not vere well

3429 4103 2398 138 satisfied, whoever please to receave, & charges my acctt forthe

3419 4239 2361 132 charges, pray remitt mee no more for holland acx butte
