7947 4569
2669 232 352 131 n Jy

668 267 960 175 londen gij les n als op

1001 285 2121 192 sence my last of 23 past have yours of 16 ditto with

841 388 2212 166 a remise of 14 £ 100 a 33:10 en ondavid white, which is

847 484 2291 182 accepted, & by interim past on your creditt accordingley to your

863 586 2333 221 inclosed accompt curtt which I have ballanced with stl £2:10:9

857 666 2236 226 att 33:4 et & brow made you debbor for, on my accompt, for

857 788 2183 214 ballance of which send you inclosed s £28.5 2 uso on

865 904 2214 218 pmr nicolaes oursel & £47:12:10 en a ½ uso on mr. John

876 999 2242 204 kens & comp. as please to note in conformitie that so, butt

870 1100 2295 236 your & my accompt bee even, because I intend not to in order

1593 1224 55 55 p

886 1194 2273 231 anney goods bill winter provision in exspectation, what succeed

887 1283 2227 195 our armies shall produce us for a present in no trade here,

861 1372 2203 270 I am glad the tykes are with you, I question nott butt

897 1466 2256 231 will sell to content, for though the dutier bee high, those

874 1564 2261 214 that want them, must payd them accordingley, when in I can

879 1710 2202 167 further server you command freeley os desireing your

902 1805 2217 187 answer to know if you finde no error & have noted all in

892 1909 1010 183 conformitie whilst Irest

2854 1967 254 209 11 Juny

813 2044 895 215 Rott Abraham de Bra

873 2122 2300 220 den ue van 29 past op syn tijde ontfangen het c onvoy van londen

922 2250 2268 165 tardeert tegen vermoeden, heeft lanck beneffens gravesande gelegt

906 2325 2261 171 naer windt waghtende & alsoo die dese weke aveel westeljck heeft

916 2412 2192 216 geweest hadde wel behooren op te schieten godt seuon behouden

907 2528 2258 175 dat geirne vernemen, recommanderende ue de goede sorge & expeditie

917 2615 826 192 aende ingeslotene blyve

2775 2610 325 220 11 Juny

729 2702 1042 210 bremen Coeur Mehue

928 2802 2221 208 bij mijnen lasten van 4 deser heeft ue ordre tot incoop van noch

931 2921 2179 139 een pack eys lakens van 42 stucken met t'eerste convoij neer

929 2991 2155 189 imst  de seynden dogh niet bovende R 10½ & besteden

943 3085 2185 178 heden heb ick het pack N1 ontfangen t'selve geopend & dae

928 3196 2213 170 lakens niet naer verwaghten bevonden omdat sij te light

932 3288 2288 207 ende te dun vallen daer bij te bruyn in coleur & niet levendigh

908 3413 2176 176 genoegh, soo moet ue daer in voortien, want het levendige

918 3519 2195 177 coleur breede & principaelijck de dichte doet die vercoopen

928 3608 2281 167 sijnde het dun goet geensins gewilt, plackt mijn swaegen

941 3707 2221 196 jaliger dh touwer hadt voordesen schoon goet van ue

954 3800 2278 181 ende ick hebbe dat geluck bij ue noch niet gehoetdaeren

946 3921 2211 148 bidde daern particulierlijck sorge te draegen, want ick

941 4033 2251 198 soude geirne met ieder convoij een pack hebben tot 4

961 4117 2203 202 packen in t'geheel, derhalven verwaght ue adois

945 4208 2226 187 om wijders mijn mesures te nemen principalijck met

947 4301 1817 126 don nienwel vel naer groeten  uly

5402 207 385 172 1Juny

3270 220 1000 188 Londen John Kent & comp

3310 240 2511 284 son the 4 cur remitted you s £900 which I hope reclhed your handes

3350 403 2399 179 sence rec yours of 19 23 & 26 past, for which have no much to

3354 509 2459 162 answer bieng in exspectation & desire to have the goods att this side, pray

3346 578 2427 237 god send all well over if the amst convoy att hull be butt one man

3321 679 2429 194 of wary ship 2 packs of cloth & one of bayes & if 2 man of warr

3335 788 2445 204 ship all that way though no great matter, if one pack of bayes

3338 885 2446 199 & one of cloth comes for rotterdam to devide the risico, whoewer

3338 983 2401 268 my order beeng to ship the most p the first convoy: itt zeems

3350 1076 2362 234 those of duynkerque are aremed to attuck our convoyes from

3343 1211 2409 217 londen, I shall in order no more goods till att this side what al

3330 1314 2341 208 readdy shipped & is to be shipped as well from hull as london

3338 1403 2406 252 & in the meane while hope some good succes to our armies to

3333 1541 2411 195 take our measures accordingley for winter provision, inclosed 2

3337 1615 2375 240 billes acepted £100 on tristram butler & ƒ100 on John

3358 1725 2399 214 dimaistre, which last indorsement is pro forma, I have draw

3333 1848 2462 208 in you £66:19:11 att sight payable payable to mr tierens

3348 1927 2425 222 & bruger £47:12:10 en att ½ uso to nm beniam gylek

3351 2024 2437 256 alsos, & £50: to m mattyfens akingeman of mme desire

3354 2123 2410 258 iny the inclosed letter be delivered to hmm, where in Icauserve

3353 2285 1072 222 you freely command gress

5432 2298 327 225 12 Juny

3268 2386 902 238 Turnhout Robert

3365 2415 2367 252 gss soo hij de soorten van ƒ 13 tot ƒ 12:10 & die van ƒ 16 tot ƒ 15:10

3353 2572 1773 263 wilt leveren de onders schepen stucken soude seynde

3878 2691 375 135 38 2ser

3871 2765 376 146 15 gul

3866 2857 329 130 10 9 2s

3862 2890 389 190 29 ¾ gl

3881 3013 326 134 10 d 2s

3887 3084 324 140 69 31

3870 3142 398 158 14 e grl

3910 3260 290 129 61521

3892 3305 383 183 14 gl

3847 3421 235 168 9 6p

5371 3498 334 138 13 Juny

3287 3495 581 234 AM. heprebout

3302 3524 2427 269 gep aen herrebout t'pack N1 soude laede in lorw bertens

3346 3688 2321 153 voor vraght niet meer dan 14 a 15 ƒ t te accorderen

3344 3768 2246 222 houd n 120p de verclaering coots tob brugg sal doen
