7508 4514
2455 162 483 151 30.: 92

540 167 749 187 London Rifler & alsos

677 254 2469 209 In answer to y of 30 hast I hae glad y. receaned at leaste the 2 bales of toher

684 386 2390 187 I wilh I you had thom sthl ses for trech is tisen hare 20. N C. so I can get

663 491 2409 147 oa tykes under 10. A5 a p: more at the least, theare bye all is should as

717 615 2382 134 oun so mes as comes comes from the laire so that norh une p. nuschbeen

700 696 2390 192 braugh to marqu thes 4 weykes I have engagied som for you by a

706 802 2436 190 mare t bespoken some by en other buth I shall wandatt least 4. weiy hat

711 900 2410 143 time to complead yo order where as att en orther time I could have tham in

697 998 2425 258 3. dapes wardinge. as for wollen goads I can demaned non rett for the tassons

688 1115 2433 279 for melas a ledgid but shall doo god bctino belinge to whent nott bringe iff

699 1210 2405 305 wee have anney demanded, withs for the winter season is fo ittell ouin

718 1324 2351 279 considerable, that itt is not wort to shinck on itt me fran. Van

695 1456 2384 217 Asyn 1s dead longe goo is widdy lasch payid s5: 8„ 8 en att 34.2:-

708 1579 2388 228 £9:17„7: uls. because shiseeays the debt was £155. 15„ 8en. on which your

717 1690 2339 273 have drotone £150:- so the rest can bee wot £5„15:8:- with if soo

693 1794 1595 233 please to recte fie accordinghey & whaere in Io

570 1913 1024 217 Londen Samuel Blewit

2616 1961 405 173 30 sber

667 2078 2434 207 DS: in answer to yo of 27 past, tyhes are risen senco I have sent you

724 2197 2291 170 the last, because thread is risen by 20 pe thereby is so fasta

726 2317 2373 147 demand for that commoditie att present, for all parts, that non

739 2384 2355 175 have no been brought to marhett these 4 weeks, so that t

726 2482 2303 132 not compleate your order so soone as I exspected, neither the

725 2581 2338 225 ossortiment, & so exact to your direction, whoever I shall doe

730 2675 2383 211 all I can to send the bale pr first convoij & advise you by timert

738 2810 2398 136 what passes, where on you may depend, if in the meane while anney

1424 2896 224 92 n sent

1502 2907 1404 178 inye to your service freely command

549 2906 901 206 thingh forther

2797 3025 161 181 do

544 3034 1298 234 Londen Jacob Raynardson

691 3147 2344 247 In answer to yours of 11 curt, the recommandabion of my cood

721 3252 2373 231 frennd mr Abraham Vivian is vere agreable tol mee

692 3376 2378 229 I seroo you so, that you might & if the opportaunititie

721 3459 2414 224 did present to serve you, you should bee sensible, that he hath

721 3574 2420 174 recommended you to a tyue norrespondent, en cheaves supposeing

727 3686 2412 216 you meane stalian are vendable enough here, though a quantit

723 3803 2417 201 from 100 to 500 baryells, butt a fertame price can not bee advised

745 3935 2360 146 because they must bee soen, & yodd accordingley to goodness

2178 4020 122 71 pie-

1578 4016 59 105 s

734 4039 2335 167 that they wee well conseved in their  yeald from

1132 4150 1960 170 a baruill, aleppo & sinirna galles are vere deare here

763 4195 192 160 10s

3705 551 411 166 1 toN1

3180 600 52 110 1

3995 657 443 149 8A to N.1

3189 701 70 106 2

3669 699 271 183 of

3180 792 70 116 9

3690 789 924 211 1to N.2 of 9 a 10 3

3170 907 86 112 4

3694 909 904 163 1t0„ 3 „11 a 16 „

3160 996 100 107 5

3683 1025 640 174 1t0„ 4 of 81

3172 1079 99 121 6

3685 1103 729 170 160„ 4 of ƒ10p

3159 1201 1219 199 all liveley upos to „ 4 of 111

3131 1277 1283 227 the blew no dull 1to . „ 5 of 8 ƒ

3153 1358 1455 221 cullours close n to .„ 5 of 12 a 13 ƒ

3726 1442 799 175 to„ 6 of 7:6 en

3150 1539 499 152 mixt & no long

3686 1545 771 180 160 N. „6 of 8 ƒ

3150 1613 244 181 wolly

3617 1669 303 220 ƒ190:
