7960 4528
2778 204 354 130 6 sber

737 193 1205 216 Londen Jan Kent & comp

967 266 2226 221 S Sence my last of 5 cur recd. yours of 19 past with bill of

942 393 2199 212 loadinge & invoyce of N26 aboard Corn markens, with I suppoce

952 488 2217 187 with the rest arrived att ostend, sure you had time enough for the

916 634 2318 178 frieses beence you had itt for the spesclothes now patience, lett then

942 683 2271 196 come for Rotterdam, or amst  p the first depasting & if this come

924 786 2064 183 in time to be hadded 2 a 3 white or light grayes if to be had

936 838 2113 214 wonder you make no mention of the convous att hull of oh

925 933 2251 219 holland wee had last night a violeut stoim out of the nord west

942 1107 2126 193 ifitt hath been so att zea will cause losses, god preserve iis

920 1202 2208 211 for wee can not regaine much, all thinges are so undersold by

913 1287 2238 244 gaysacker that he must needs be cheaper served from you, or

924 1391 2258 234 I can not understand itt, for I have seen goods sold lheapep then

897 1564 2210 135 mine cost mee though boath from you interint, j care

910 1623 2083 173 no much these dangerous timm to sell much Irest

2782 1752 261 173 8d

755 1752 1260 233 Leuven Hessinghs Procureur

909 1862 2321 157 wy snu 7 octob dit voors n copye dat ick ue op 20an sust

925 1964 2249 168 laest heb geschreven ue biddende mij te antwoorden oft ue de

933 2106 2205 95 voors brief hebt ontfangen ofte niet wat ue daer in doen

943 2191 2254 145 sult ofte gedaen hebt twelck waghte te verstaen & blyv

754 2297 780 189 brussel walravens

1548 2336 296 131 aen den

947 2349 2230 202 tot antwoort vanden ue van gisteren, ick hebbe noch eene

1577 2472 285 95 ende belif

946 2471 2192 208 partije flances geeyek gij gehadt hebt & ingesloten & staelen

920 2595 2176 185 vande gekeperde swaer van N24 tot 18 & 7 & 11 tot 19 st

916 2671 2263 224 d'elle te coop syn hooghgelt, can ick ue daer in dienen, ofte in iedt

952 2830 2199 141 anders ick sal ue soo wel doen al oft gjselfs hier waert tot

941 2935 806 162 ue govemoblijvende

775 3039 1181 228 Rotterdam Abraham de bra

2922 3072 302 188 12 8be

938 3199 2322 177 In antwoort aenden ue van 8 deser de weirdge van ieder pack

881 3290 2389 171 is ƒ 1325:- & niet de 2 te saemen a governo, ick ½ ben rekwondeit

922 3398 2244 138 die schepen van hul soo lanck tarderen, bidde die ƒ 74: p

947 3503 2247 129 daniel de la motte cito in te voorderen ende mij den ontfanck te

939 3579 2271 112 adviseren, omdat ick daer uyt iedt moet betalen aen de qie

938 3685 2223 165 daer mede wat haestigh syn d'ingeslotene gelieft voortsganck te

942 3766 1455 186 geven terwijlen naer groetenisse blijve

2977 3800 267 180 12 oct

762 3862 1134 190 Londen John Kent & comp

937 3923 2219 212 sence mj bast of 8 cuf non from you, I understand that the

943 4039 2312 180 nott convoye for london is sbill att this side, so that you hae

935 4149 2250 145 time enough fort the frises amorghts with I question not butt you

927 4215 2297 162 shall finde the cohite erayes I desire you not to cese the rott

3456 265 2395 120 kinde to mee, you might, have sent a pack soy the ostend convoy, butt

3452 388 2440 156 itt zeems you minde more your new freinds then the old, I know you have

3430 438 2346 177 sent severall frises by this convoy for ostend, & by my haveing non,

3435 549 2381 157 loose the opportunibie, therefore loose no opporthnitre to ship them, tt

3447 641 2406 180 vee understand, that convoyes are to come from london to de macke for

3441 743 2431 215 the king, if so send theen p first I wonder wee heare notting h from

3435 823 2389 218 the nord. inclosed £250:- on S Joseph Kerne & £102:19: on

3434 941 2314 252 lierens & eruger procure the neewfull & advise

3411 1061 1191 224 what passes I s

3339 1518 761 233 gent franc herrebout

5584 1626 299 152 128bel

3437 1662 2346 235 alsoo den hevalier Coots mij hadde geschreven, dat mijn pack & N26

3437 1766 2426 244 soterdagh by ue soude hebben geweest had ick heb selve gisteren te waegen

3420 1893 2427 213 verwaght nu wete niet waer aen sulckx haeppert ee, omdat ick

3439 1989 2427 186 heb selve niet en verneme, & van ue daer over geen schrijven, soo haest het

3420 2126 2409 207 selve bij ue gearriveert is laet togh geen tyt verliesen het p waegens voorts

3429 2204 534 144 te seynden blijve

3344 2290 799 225 gent Jan Belleman

5548 2343 319 195 12 sber

3411 2452 2476 255 llsoo onserenten tot laste het comptoir van d heer van weldene p deser syn

3401 2556 2480 237 vervallen, ende dat hij voordesen die betalinge hier in antwerpen seer prompt

3404 2660 2390 241 dede, soo bidde hem daer over eens gelieft aen tespreken, ende mij te adviseren ofte

3410 2756 2401 240 wat daer in te doen, ende soo hij de betalinge, hier niet willt doen, ofte

3409 2848 1440 165 ick ue myne quittantie soude seynden blijve

3328 2936 682 227 gent dh Jan Elbo

5562 2946 203 181 10 d

3411 3077 2414 219 alhoewel dat ue op mijnen laesten niet heeft gelieven te antwoorden

3394 3146 2447 250 soo nochtans schrive ick andermael tot ue wegens de reste aen mij compe

3393 3254 2426 275 sterende tot laste d'erssegenaemen van Joff de weduwe Jaques Philips

3396 3394 2472 237 guns terwijlen dat ue van die saecke gemoneert is, & betalinge daer

3376 3471 2450 203 op heb besorght, soo versoecke ick omcosten te ontraen ny de voordere vol

3408 3600 2456 187 doeninge gelieft te  besorgen, ende ten mirsten aen antwoort te laete

3707 3673 232 85 hiee ooc

3411 3692 2340 219 doecomeie iedtr tot ue dinst voor vallende gelieft maer te commandeeren

3339 3782 714 137 die blijve

3339 3851 812 162 Londen Pierens & Conger

3422 3916 2207 155 22 &o 27 auy lest weas acn a 71 letn sedert den uevan

5632 3971 156 162 11d

3433 4037 2324 133 16 d. ontf & heeft de t Jan sie ulvele dier op sijn loreyten naer

3395 4142 2471 116 ngge gesordn. a... cost geaggedien everen, doch

3428 4212 2416 132 dt sijn vocarta nadee heeft sijn fatper door abserte

3431 4262 2226 136 vandjle geen het ost camij  e
