7645 4514
778 228 2398 109 tykes so cheas & no are to bee had att that price, except upon

791 254 2347 169 gecompt as I have them, & so as I have bought now 250 p again

785 365 2376 156 nantised the valew to have them in mar & april next. to you onoh

803 419 2344 179 to sell accordingley, I have sent your bill for £12. 5 p on bars

804 513 2361 185 contales to Erridges to be rec in time here a lettle trave, whoever pray

805 649 2303 125 send mee in answer here of pattarne bovk of the newest & strangestt

795 721 2309 148 cullour that are with you, to bake my measures accordingley I rect

677 832 2425 153 34½ sa fir coots advises mee that att the returne of our osterndish

715 952 77 70 5u

660 911 2467 210 : convoy the is to convoy van herentals & Jonge more for lomdon

685 994 2489 195 d4 & t0 leeth them in 3 wekes, with the rest because itt is supped

801 1103 1098 160 a bergo will come to march

2732 1194 341 121 22 xber

902 1219 96 89 dn

633 1187 1010 220 Rott Abraham de Bra

765 1222 2358 229 bij den ue van 19 deser geirne gesien het arivement van heb convoj

752 1335 2405 221 tt schepen van londen daeronder de schepen waerinne ick intrest hebbe

805 1410 2334 200 de 2 packen in hubert canssen sijn op den dagh van sijn vertreck van

816 1508 2350 156 londen, aen sjn boort gelaeden, sulckx de selve buijten twijfel bove

802 1613 2341 175 liggen, dus hope die heden oft morgen van costij herwaerts sullen

765 1707 2404 184 vertrecken, als mede het pack N 22, waer toe by desen seer preci=

828 1794 2339 185 ptantelyck versoecke alles wort aengewent wat doenlijck is, al soude

804 1888 2333 141 het oock iedts extraordinair costen, want dese goederen moeten, met

833 1946 2333 170 den winter aendeman, ofte souden tot naesten winter moeten blye

826 2032 2267 187 bij liggen, & ick vreese voor vorst, waer door de schgpen de rivieren

802 2115 2233 184 wedhy soude gesloten worden soo bidde ick ue laet hier inne niet

826 2209 2321 160 versuynt worden & costen wat het wel dat die packen mogen morge

1927 2286 171 67 ende

820 2285 2280 164 ae lagcchesten weghgeraecken, nochtant d'een naer d'ander niet

803 2365 2340 185 op tehouden, maer d'expeditie te doen soo haest die ter handt comen

820 2453 2339 166 want de kersdagen sullenevenwel hier noch al behetsel geve

804 2559 2269 172 ingesloten het cognossement voor N 23 & 24 verobligeert mij

801 2619 2353 216 morgen te laeten weten wat mernne sal sijn voorgevalle moet

806 2732 1408 151 rier imne verwaghte te verstaen blijve

2913 2797 140 151 d

603 2831 1090 243 Amstmgen & vales Rover

848 2921 1361 216 In antwoort aenden ue van 19 deser

2892 2983 133 153 d

649 3047 905 224 Londen & Southeel

799 3106 2380 252 Ex responce a la vre de 2 cour il'est vray que vous n'est pas oblie

901 3291 66 75 de

807 3272 2357 190 pour prendre pour vre compte le ballot N5, i'ay la charge pour

781 3340 2383 176 vous faire gaigner quelque chose avec la valeur de vre rembour cemen

802 3419 2368 197 et comme la partie est si inconsiderable ie ne pouvois pas m'ra

828 3511 2295 191 =giner que vous voudriez avoir replique le mondre chose mais

808 3604 2333 232 pour la difference, qu'il sont plus cheres que les precedentes

814 3715 2339 159 il vous plaira scavoir, que le fille est enchiri 20 peet

820 3831 2353 177 que les quities sont a present a plus haute pries que ceux d'ans

816 3869 2352 214 N5, estant le price court, comme au pied de cette, et que i'ay eu

826 3965 2354 176 celles du N5 au price marque au cause que ie les avois engage passé

814 4072 2321 178 3 mors, dans une partie de 400p, et nantise la valeur allors

809 4134 2371 209 pour em fort petit interest, et celles que ie vous envoye dans N4

3380 175 2485 112 ont estez achapte d'une person, que estoit qen necessite, tellement qui

3362 245 2441 114 d'icelles du N4 ni celles du N5 sont aut prix cotur mes des chazards

3388 307 2444 148 vous asseurant sur la parolle d'une honnest home que ie les a paye

3375 421 2454 137 comme ie vous les marque dans la facture, tellement, quil me fauld

3360 464 2491 200 roit vous servire pour rien pour reducer les prices selon vre desire

3370 556 2476 193 vous priant de laisser passer comme il est, et de ballancer nre compte

3377 679 2470 125 en suitte, comme pour comencer une novelle pour le primtemps'il

3358 770 2401 164 plaist a dieu, pour les 2p ¼ groot lead c'est pour une preuve p lause

3374 857 2461 175 que les aultre le demandent ie me seroit fort agreable si vre grace

3370 935 2470 195 m'auroit si bien servi cette anne, que ie n'aurois pas plus de raison

3358 1083 2427 143 pour me complaindre que vous de cette valle de quitties, car ie vous

3386 1133 2370 187 afseure que ie n'ay iamais receu de plais draps d'espagne plus

3361 1226 2385 162 miserables que ceux de vre personne, et que de 23 p. qui vous avez

3365 1345 2479 141 achapte il y en a encor 14, et i'avois demande 3 moche de 3 ditfe

3368 1438 2473 107 rente prices et vous les envoye tout d'une, ce que me ne donne pas

3373 1507 2410 127 d'assortiment demande. Jacob van Herentals parta d'icy le p cour

3354 1587 2514 128 estoit a bruge le 7d quand le gels l'empescha bien improviste pour

3363 1670 2464 171 posser a ostende tellement qu'il a manque bedernier convoy mon le

3367 1731 2491 211 quel a son revour de londres faira encor un tous avec l'ay et quelque

3379 1819 2445 152 aultres, tellement que i'espere qu'il sera bien tot che vous, pour vre

3377 1903 2499 187 creps mon cosm Elias ne souhait pas estre interessé son principal emplois

3372 1988 2367 160 estant dans les dentelles et ayant m' informez vous ne trouverez pas icy &

3369 2063 2445 144 bonne tmote en commiision tellement quil ne sera pas aprtr de gravoider

3293 2155 2331 190 Gent Roys de Bucksey J'attend vre arprobation la dusill z exver

4079 2184 1724 97 a pat barne book ot in newesh & strangles cullours

3353 2244 2449 152 In antwoort aenden ue van 19 deser gesien dat ue niet te pas en comt

3309 2308 2537 206 te betalen mijn getrocken brief van ƒ 415:8¼ & daer omme mij toeseynt

3373 2406 2471 154 2 brieven van ƒ 534„13 t'samen, doch alsoo ul heeft ver uytgeloeten

3360 2501 2430 145 het ½ blouw laken van 2 Junij laest soo seeynde ue wederom den brief

3386 2616 2430 127 van ƒ264 u130p 4 maenden beneffens eene rekeninige versoeckende mij

3373 2674 2410 146 een ander brief van ƒ 349 uck in plaetse op 4 maenden gelieft te

3365 2794 2457 108 seynden om daer mede affor te syn, wenschende dat ick ue wat meerder

3385 2851 1901 165 dinst conde doen blijv, desen verwaghtende ue dinaer

3289 2953 1101 231 tvervolgh van du maistre brief

3386 3020 2487 202 reccu la vre de 2 cour, il est bien que vous n'estez pas concerne avec blachle

3394 3168 2466 110 & cole: pour faire passer d'icy en france et de france pour icy quelque marchan

3382 3217 2437 157 dise, faut de pasport de part & d'aultre, et bela cause tant de fraises & ruio

3389 3299 2403 207 quil voudroit une affaire de fort grand profit pour entre prendu l'entre

3376 3409 1049 171 ou le sortie a governo ie suis

5432 3450 228 178 230

3289 3518 1012 193 Brussel Christiaene Sogers

3370 3598 2495 187 In antwoort aenden ue van 20 deser ick seynde ue briefken wederom, soo peete

3363 3763 2497 101 bergere dat accepteert can het ue mij wederseynden, & ick sal het in voor dene

3388 3788 2425 126 soo hij het betalen wille het ie nu over al ontdoeyt, soo dat het laeste

3392 3887 2429 141 pack ce nu moet sijn geworden, dat de gemeyne baeyen cort val can ick

3363 3955 2476 149 niet gebeteren, als men aen d'engelse sulckx schrijft seggene sij dat de saemen

3377 4084 2491 122 niet voor niet gemaeckt wort, ue moet meer profijt aen die baeijen doen als

3361 4172 2353 121 ick oft anders soude heb geen negotie sijn, blyve naer groetenifse
