7817 4548
2779 194 433 146 p gber

700 203 1070 174 bredael laureje ka

857 263 2421 251 maer dat ick ue met flor heb gess heb ick uy noch bedaen

858 388 2317 201 soo gij naer Amst gaet, soo coopt daer 2 oft 3 baelen

876 533 2277 154 vande alder fijnste tegovische wolle om wit goet te maecken

861 632 2385 137 & gaet bij dh geeraerd Rover die sal de selve betaelen gij moet dat

848 705 2389 163 soo doen dat ick hem daer van geene provisie moet geven want gy

854 803 2380 171 cont die wol wel coopen contant betaelen & den vercooper als dan

856 886 2359 178 om gelt by hem bewijsen want anders soude hij provisie van

835 968 2382 208 incoop rekenen & als die wolle oock voorde winter niet by ue waer

858 1063 2427 187 soude mede al niet veel wesen, maedan moet gij sien die wol terstont

854 1166 2348 206 naer bredael te schicken, adviseert mij morgen wat gij doen

844 1279 1521 184 sult om my vervolgens te reguleren

2927 1266 285 222 57d

668 1420 1063 225 leyden gerri, vromans

861 1435 2400 278 In antwoort aenden ue van 28 pas. de 3 bakens daer ick van

809 1555 2454 220 hebbe geschreven maeten seer schoon hoogh blouw wesen niet

830 1653 2417 187 blecker als dese staelen & soo nochtans soo seer violettende als

839 1734 2433 242 mogelyck is maer ie mach daer voor geen ƒ 17: besteden informeert

834 1885 2454 159 ue bij hendrick hermantze waer hy syne blouwe lakens laetverven

846 1955 2439 165 wont die betaelt maer ƒ 21: p stuck & die syn soo schom als due

831 2110 2457 128 & ick die niet sehoonder en vrage, daeromsoo ue dat niet can minagere

830 2178 2433 134 soo soecke die niet want die verver die mijn lakens van hermant de versft

848 2256 2441 156 doet het wel soo haest dese 3 gedaen syn moeten die heet geporst

841 2361 2426 156 worden soo dat sj wel blincken want ue voorgaende swert goet moet

844 2469 2375 117 ick al doen herperssen, daerom moet ue wel letten dat deseblouw

843 2550 2438 144 stijf geperst sijn, segge wel blincken in geele toilletten & sonder

806 2632 2453 155 tijt verlies gesonden over heurden naer tolborgh aenden voerman

820 2717 2438 193 aert van gorp, oock moet ue sorge draegen dat de lakens syn van

821 2880 2435 106 draet ben, want den fijnendratt doet de lakens vercoopen beten

837 2918 2463 154 als de wolle adviseert mij wat passeert om my volgens te reguler

844 3060 2428 143 want also ick dit goet niet can hebben voor t fodesende weder,

845 3118 1580 171 can het mij niet dienen agoverno blijve

623 3221 943 262 Amst geerd Rover

3017 3287 265 176 tr

887 3310 2376 225 In antwoort aenden ue van 29 pas. tis wel dat hetteen

810 3498 2451 151 lengen dat Jan bart de schepen van londen naer costy soude

850 3590 2401 108 hebben genomen, ick wil hopen dat die van hul naer costij

838 3695 2444 100 sullen wel comen sy laegen zeylreede om dnst dese volle maen

835 3738 2445 145 af te comen, den heere wiltse behouden reys verlienen, daer lyn

831 3831 2407 164 voor mij gelaeden 3 packen indey differente schepen te weten

829 3913 2421 154 in tschip van robeit lumley  N104 in dat van gea dick

840 4023 2413 129 beinaert wilkinson  N1 & in tschip van george duck N2

830 4112 2461 173 aen te geven & te verclaeren gelyck aenden voet deser dogh laet e

855 4193 2420 176 kerljen gen erreur meer geschieden als voor desen want my dat val

3470 192 2444 132 uijt den wegh loopt, oock soo die scnepen arriveren midt

3449 267 2466 154 alle uytterlycke spoet gemaeckt worden cost wat het wel an

3451 337 2388 156 die goederen voor het riesent weder hier te hebben bly

3457 441 2450 155 over Rott oft tergouda waer op particulier gelieft teletten

3476 532 2417 210 geloove dat laureijs ka van bredael costj sal comen & gelt

3423 611 2466 202 noodigh hebben om te betaelen 2 a 3 baelen wolle twelck

3464 716 2418 178 sult gelieven te betaelen aendesyn ordre aenden vercooper vande

3460 803 2019 216 wol & sal het ue advies het noodigh provideren

3476 1049 2468 265 Robbert Lumily Nb N 104 met 50 witte kerijen die plaghten voor

4193 1185 1749 123 6 dobbel aengegeventworden veirt ƒ 1650: sijn

3475 1252 2468 149 Len ider a 18 a 39 xbo uen perij al nk laet die op a 16 tadriceken want rijs een inst

5721 1354 212 99 best

3461 1369 2223 124 Bernard inthinson  N1 met 40 ditto weirt „ 820:-

3470 1448 2465 188 & george dk  N2 met 24½ witte bayen van a 65 wart 680

3335 1629 1228 199 leuren Adriae everaerts

3495 1744 2429 181 In answoot ae dan van 30 p altens heeft mij denuse

3425 1859 2529 188 dan ƒ49:5 betaelt volge degu hem medegeg

3450 1967 2329 165 hede heb ick aen hem gelve  het love lake

5413 2065 529 161 ƒ 202:13

3514 2054 1259 192 N 97 a 48½ a ƒ4:4

3468 2144 2451 189 condant gelt dvelk net t twijfele oft sal te seer

3489 2227 2476 218 wel bewast ue sende het e ul willen vant en dick hebben, maer

3439 2362 2443 187 in generae s Pgeintene de blouw Sodbel, fijn van

3413 2466 2522 187 drade & dt niet te dick, oock en dt stijft geperst

3468 2566 2469 188 ae naer mijn ordeel iodit voorsten van alle de qualiteijs

3498 2696 2419 110 die e van eenblou soude begenen. wegen soo prlijs

3465 2762 2407 188 is niet monder als briede stalenstelle want dat

3506 2872 2421 139 eat van de moglijk, & dat ne bij de stalen maer

3464 2958 2488 182 een ordall de coleum & fijnts faudraet, maer als

3469 3050 2421 176 ul resent s dan can ul daen te stusk weat is gelieft, en

3450 3146 2350 172 maeghans wel eenst oft  loven1gesloten de

3460 3258 2435 165 versecht e stalen dewelket uet geperst sijn ofte op dooge

3479 3359 2441 179 noer wel in stck voor het carme sijn soude ick ue N100

3469 3465 2468 192 oft liver N 1229 shaden en voord geverte N86 & 94

3479 3601 2479 172 oen dat bij de sulle mij die wel aenssta jievenael doen

3417 3648 2310 197 dat u gelieft dat hoogh gelt heeft wat u seggen

3443 3767 2187 172 Den wel verren van fijn spainselakeng

3466 3875 2329 192 100 ƒ 6:10: 436 ƒ 4:15:553¾ ƒ 6:5: 397: ƒ 4:15:

3464 3937 2528 218 1229:st: 87 ƒ3: 18. 498-ƒ 5:15: 83. ƒ 3:18 -79:6:10

3493 4061 2484 248 544 ƒ4:2- 86— ƒ3:18—81—4:8—94:ƒ4:12
