7919 4548
2705 208 334 130 21 meij

674 219 1115 167 Londen icolaes oussel

851 254 2341 206 den ue van 28 pasto ontfangen, ue remise van £100 a 33:10

850 368 2293 180 tot laste Jan bouret & blondel naer ostende om acceptatie

853 482 2249 177 gesonden hebbe bij de soo stuckken tycken voor ue gereet

788 515 2363 256 sal de rest tegen de naeste weke sien te becomen & ue dan toeseynde

868 631 2225 196 van t' vervolgh advis geven & iedts voorders tot ue dinst commande

862 749 1223 220 verwaghten blijve naer groetenisse

2746 776 337 175 21 Mey

701 886 697 203 brussel Rousseau

849 946 2297 262 i'ay la chere vre de 18 court avec la remise de £80 sur Jacob

854 1066 2340 219 de coninck pour la quelle vous sera credite, mais me recommande

863 1162 2206 180 a la continnation de vre bonne grace ie medirez iay envoye

872 1258 2157 201 vre petit lettre sur ostende a mon amis de bouges ie croy quil se

861 1405 874 195 servira sans perte ie suis

2798 1476 303 137 21 mey

718 1498 1070 229 Londen Jan Kent & comp

878 1550 2213 268 S sence my last of 14 curd recd yo of 2d. tis strange you will

883 1672 2267 206 not observe my orders in shipping my goods, I alla long order you, te

873 1769 2222 202 keep mj goods packett as houre with you till convoyes are come

856 1887 2280 191 & that then you can ship them accordingley & that itt be enough

879 1970 2275 187 to have so mething by way of holland I say some sp. clothes, when

892 2067 2290 191 there is no convoij for ostend, now that for ostend will saile before

881 2166 2226 199 that of Rotterdam & yett insteed of one pack that way though

884 2292 2279 153 butt 6 a 8 p you ship 32 spa clothes & without anney appeavence

894 2379 2217 151 of a convoy charges over holland are above 3 p more then over

894 2509 2278 120 ostend, & that I desire spa clothes that way, & onley now & then

886 2548 2302 175 to have an assortement soone few p or a pack & yett younde if not

904 2650 2257 203 I hope you shall have reshipped N11 a 12 as last ordered, I hev

850 2760 2312 156 receaved the cottons in N6 & 9 the reds are so light & ill dyed

902 2898 2194 126 that I'll never be able to sell them, neither the pennestons,

904 2933 2272 215 I never had wors cottons from you, sure they are deaver then

898 3050 2270 143 the last yeare the devoushure bueyes is so ill conditioned, full

906 3140 2312 170 of mill holes, motts, stopped, that theire is not one yd good on

901 3273 2293 132 so can make no monney of that, where fere intend to returne itt

898 3352 2267 149 that so your owne cyes will be witness that non of you have

911 3475 2257 127 lookt that bay over or seen & that itt hath not been other wise

910 3532 2266 172 when itt went from you, I have writt you that I shall order

914 3612 2286 178 more goods northrens cloth butt that I must first see the patt.

897 3719 2308 177 of them that are underhand therefore proceed non billyou

914 3800 2250 186 have sent mee the patt. of the remainder, that I might

895 3946 2300 134 send you orders according, yett 3 a 4 white grayes one or 2

896 4044 2325 141 silver grayes & 4 browne modish. may be bought from 4 to 5 ƒ

909 4127 2298 113 a yd. when you indge cottons to be cheayest buy & o demie p

913 4224 2278 120 to make 3 packes from 21 to 25 pence a goad each patt

923 4283 2254 145 to contane 10 demie red & 3 whites, the reds to be the best

3348 165 2492 146 not under 23 gince for red 2 of adees good cullour bust buy

3334 251 2361 135 them not till you see the best time & henniworths advise allo

3357 322 1764 171 how worster frises sellnow & if plektie I rest

5461 483 295 104 2 mey

3252 446 636 187 Brussel rousseau

3346 465 2403 245 depuis ma derniere d'hier receu la vre du 20 d il est bien ele

3339 595 2402 204 le S' ansillion a paye i'espere que lesr vaelyn faira de mesme

3347 707 2388 184 ce que ie sera bien aise d'entendre, et iay vos a remise de £270

3347 782 2337 205 18 k hur Corcelles de newpoort & £83„4„ 2 en sur van

3347 887 2439 222 tours de brugges payable en auvers ie procurerez le necaissaire

3342 981 1509 201 et vour revez credite puisque ie suis

5420 1043 355 155 23 mey

3273 1099 1124 241 Cent troincois herrebout

3263 1111 2553 292 ick & sedert den ue van 14 deser vandagh tot dagh verwaght te verste

3287 1237 2508 240 wohoe het ue met den cassier van d'heer van weldene hebt gemaeckt

3337 1344 2460 178 over mijne quittantie destemeer omdat andere worden betaelt & soo bidde

3330 1429 2415 185 ick ue presseert die saecke wat & schrijft mij positivelyck wat daer in

3339 1519 2347 202 te doen, want ick anders andere mesures moet nemen de 3 packen

3346 1644 612 162 ontfangen blyv

5432 1668 298 199 23d.

3261 1718 856 276 gent JB de sadelier

3368 1793 2302 228 In antwoort aenden ue van 19 deser daer sijn 4 stucken creppen

3314 1931 2481 200 vercoght uyt de casse & N14 & staen ick in tractaet voor de rest, soo

3325 2008 2462 183 ingevalle het selve in een dagh oft uwee sijn effeet niet neme sal ick de

3347 2114 2462 198 selve ue toeseynden thij waegen soo b'schepe geene occasie presenteere

3352 2233 1085 174 a gverno naer groetenisse bblijv

5483 2230 283 194 23d.

3254 2317 882 237 drmonde Joris pleegh

3352 2408 2430 241 tsedert dat ick ue brief van 26 meirt laestleden heb ontfangen & t' gelt

3328 2551 2422 183 van Joffr bega volgens de gegeven quittantie heb ick verlanght us te sien

3325 2660 2484 173 maer gij vergeet mij teenemael & al comt ue over gij doet mij deere niet van

3349 2756 2490 167 my te comen besoecken, ick hebbe nu groot sortement van alderhande goedere

3335 2843 2392 145 als ue belieft ick sal ue wel dien en tondertusschen recommandere ick ue

3350 2937 2458 161 hertelijck de gesonden quitantien op den ontfanger vande stad bhedende

3356 3014 2455 176 daer in niet te vermijmen want ick noch al veel achterssel hebben moet

3345 3127 842 163 bbyverde naer groetenisse

5341 3180 356 213 23d.

3282 3248 622 190 brussel de hulder

3344 3340 2412 213 t sedert dat ick ue laeste brieven van 5 feb & 14 meirt laest heb ontf

3353 3497 2364 129 & dat den heer raedt de champs hier is geweest is onse saeckie op syn

3344 3585 2412 145 retour naer brussel alhier geassopieert, welcke accord mots partije in

3343 3649 2420 142 t'cort staet over gesonden te worden om daer van een aen inden raedt te

3337 3773 2484 129 hebben & als dan ieder sijn costen te betalen versoeckende mijne reken

3341 3897 2462 145 gelieft gereet te maecken sal ue comen voldoen & voors aete gedan

3323 3994 2475 158 synde adviseren wat d oncosten van d heer rappoteur sijn, beaeffensve

3323 4069 712 173 rekeninge blijve
