<?xml version="1.0" encoding="UTF-8"?>
<alto xmlns:xsi="http://www.w3.org/2001/XMLSchema-instance"
      xmlns="http://www.loc.gov/standards/alto/ns-v4#"
      xmlns:page="http://schema.primaresearch.org/PAGE/gts/pagecontent/2013-07-15"
      xsi:schemaLocation="http://www.loc.gov/standards/alto/ns-v4# https://www.loc.gov/standards/alto/v4/alto.xsd">
   <Description>
      <MeasurementUnit>pixel</MeasurementUnit>
      <OCRProcessing ID="IdOcr">
         <ocrProcessingStep>
            <processingDateTime>2022-02-04T12:20:50.037+01:00</processingDateTime>
            <processingSoftware>
               <softwareCreator>READ COOP</softwareCreator>
               <softwareName>Transkribus</softwareName>
            </processingSoftware>
         </ocrProcessingStep>
      </OCRProcessing>
   </Description>
   <Layout>
      <Page ID="Page1" PHYSICAL_IMG_NR="1" HEIGHT="4541" WIDTH="7830">
         <TopMargin HEIGHT="0" WIDTH="7830" VPOS="0" HPOS="0"/>
         <LeftMargin HEIGHT="4541" WIDTH="0" VPOS="0" HPOS="0"/>
         <RightMargin HEIGHT="4541" WIDTH="0" VPOS="0" HPOS="7830"/>
         <BottomMargin HEIGHT="0" WIDTH="7830" VPOS="4541" HPOS="0"/>
         <PrintSpace HEIGHT="4541" WIDTH="7830" VPOS="0" HPOS="0">
            <TextBlock ID="region_1638968835434_9389"
                       HEIGHT="4222"
                       WIDTH="2519"
                       VPOS="160"
                       HPOS="703">
               <Shape>
                  <Polygon POINTS="703,160 3222,160 3222,4382 703,4382"/>
               </Shape>
               <TextLine ID="region_1638968835434_9389l1"
                         BASELINE="896,312 1006,301 1117,291 1227,285 1338,279 1448,275 1559,272 1669,270 1780,270 1890,270 2001,270 2111,270 2222,272 2332,272 2443,272 2553,272 2664,270 2774,268 2885,265 2995,261 3106,254"
                         HEIGHT="158"
                         WIDTH="2241"
                         VPOS="188"
                         HPOS="881">
                  <String ID="string_region_1638968835434_9389l1"
                          HEIGHT="158"
                          WIDTH="2241"
                          VPOS="188"
                          HPOS="881"
                          CONTENT=" ferward them that you are gett to send the amst &amp;"/>
               </TextLine>
               <TextLine ID="region_1638968835434_9389l2"
                         BASELINE="864,416 978,403 1093,393 1207,384 1322,377 1436,372 1551,366 1665,364 1780,360 1894,360 2009,358 2123,358 2238,360 2352,360 2467,360 2581,362 2696,362 2810,364 2925,364 3039,364 3154,364"
                         HEIGHT="216"
                         WIDTH="2322"
                         VPOS="263"
                         HPOS="849">
                  <String ID="string_region_1638968835434_9389l2"
                          HEIGHT="216"
                          WIDTH="2322"
                          VPOS="263"
                          HPOS="849"
                          CONTENT="Rott convoyes go trive to one of ostend, so that I am be supplyed"/>
               </TextLine>
               <TextLine ID="region_1638968835434_9389l3"
                         BASELINE="874,510 985,500 1097,491 1208,483 1320,476 1431,470 1543,464 1654,460 1766,456 1877,454 1989,452 2100,450 2212,450 2323,450 2435,452 2546,452 2658,456 2769,458 2881,460 2992,464 3104,468"
                         HEIGHT="150"
                         WIDTH="2261"
                         VPOS="380"
                         HPOS="858">
                  <String ID="string_region_1638968835434_9389l3"
                          HEIGHT="150"
                          WIDTH="2261"
                          VPOS="380"
                          HPOS="858"
                          CONTENT="with sp clothes att all times with fewer or manney if you will"/>
               </TextLine>
               <TextLine ID="region_1638968835434_9389l4"
                         BASELINE="898,592 1010,585 1122,578 1234,573 1346,569 1458,565 1570,562 1682,560 1794,558 1906,558 2018,556 2130,556 2242,556 2354,556 2466,556 2578,556 2690,556 2802,554 2914,554 3026,552 3138,550"
                         HEIGHT="148"
                         WIDTH="2272"
                         VPOS="462"
                         HPOS="881">
                  <String ID="string_region_1638968835434_9389l4"
                          HEIGHT="148"
                          WIDTH="2272"
                          VPOS="462"
                          HPOS="881"
                          CONTENT="butt to have all att one is to loose the trade as now itt goeth for "/>
               </TextLine>
               <TextLine ID="region_1638968835434_9389l5"
                         BASELINE="876,692 987,683 1099,675 1211,668 1323,662 1435,658 1547,656 1659,654 1771,652 1883,651 1995,650 2106,650 2218,650 2330,652 2442,652 2554,652 2666,652 2778,652 2890,652 3002,650 3114,648"
                         HEIGHT="174"
                         WIDTH="2268"
                         VPOS="584"
                         HPOS="860">
                  <String ID="string_region_1638968835434_9389l5"
                          HEIGHT="174"
                          WIDTH="2268"
                          VPOS="584"
                          HPOS="860"
                          CONTENT="though the convojes arrive att bridges the officiers then maked att"/>
               </TextLine>
               <TextLine ID="region_1638968835434_9389l6"
                         BASELINE="892,800 1001,789 1111,779 1221,771 1331,765 1441,760 1551,756 1661,754 1771,754 1881,752 1991,752 2100,754 2210,754 2320,756 2430,756 2540,756 2650,757 2760,756 2870,754 2980,752 3090,748"
                         HEIGHT="218"
                         WIDTH="2231"
                         VPOS="648"
                         HPOS="875">
                  <String ID="string_region_1638968835434_9389l6"
                          HEIGHT="218"
                          WIDTH="2231"
                          VPOS="648"
                          HPOS="875"
                          CONTENT="fo, that then is sometimes 3 pact weeles before wee can have"/>
               </TextLine>
               <TextLine ID="region_1638968835434_9389l7"
                         BASELINE="876,888 988,881 1100,875 1213,868 1325,864 1438,862 1550,859 1662,858 1775,856 1887,854 2000,854 2112,854 2224,854 2337,856 2449,856 2562,856 2674,856 2786,856 2899,856 3011,856 3124,856"
                         HEIGHT="135"
                         WIDTH="2277"
                         VPOS="767"
                         HPOS="861">
                  <String ID="string_region_1638968835434_9389l7"
                          HEIGHT="135"
                          WIDTH="2277"
                          VPOS="767"
                          HPOS="861"
                          CONTENT="one pack as yett I have not one p. &amp; others that have them sell"/>
               </TextLine>
               <TextLine ID="region_1638968835434_9389l8"
                         BASELINE="904,1004 1013,995 1123,987 1232,980 1342,974 1451,970 1561,966 1670,962 1780,958 1889,956 1999,954 2108,952 2218,950 2327,950 2437,949 2546,948 2656,948 2765,947 2875,946 2984,946 3094,944"
                         HEIGHT="187"
                         WIDTH="2223"
                         VPOS="854"
                         HPOS="886">
                  <String ID="string_region_1638968835434_9389l8"
                          HEIGHT="187"
                          WIDTH="2223"
                          VPOS="854"
                          HPOS="886"
                          CONTENT="as for the good from hull wee must have patience, god send"/>
               </TextLine>
               <TextLine ID="region_1638968835434_9389l9"
                         BASELINE="892,1106 1003,1097 1114,1087 1225,1080 1336,1074 1448,1068 1559,1064 1670,1060 1781,1058 1892,1055 2004,1054 2115,1052 2226,1052 2337,1050 2448,1050 2560,1050 2671,1050 2782,1050 2893,1048 3004,1048 3116,1046"
                         HEIGHT="207"
                         WIDTH="2257"
                         VPOS="966"
                         HPOS="875">
                  <String ID="string_region_1638968835434_9389l9"
                          HEIGHT="207"
                          WIDTH="2257"
                          VPOS="966"
                          HPOS="875"
                          CONTENT="them better licks &amp; well to arrive, butt the sea is fo full of"/>
               </TextLine>
               <TextLine ID="region_1638968835434_9389l10"
                         BASELINE="896,1204 1005,1196 1115,1188 1224,1181 1334,1176 1444,1171 1553,1168 1663,1164 1772,1161 1882,1159 1992,1158 2101,1156 2211,1156 2320,1154 2430,1154 2540,1154 2649,1154 2759,1154 2868,1154 2978,1154 3088,1152"
                         HEIGHT="224"
                         WIDTH="2226"
                         VPOS="1041"
                         HPOS="878">
                  <String ID="string_region_1638968835434_9389l10"
                          HEIGHT="224"
                          WIDTH="2226"
                          VPOS="1041"
                          HPOS="878"
                          CONTENT="french capers that theij take of all convoyes often something"/>
               </TextLine>
               <TextLine ID="region_1638968835434_9389l11"
                         BASELINE="890,1302 1001,1294 1113,1287 1225,1280 1337,1274 1449,1270 1561,1266 1673,1263 1785,1260 1897,1258 2009,1256 2120,1256 2232,1254 2344,1254 2456,1252 2568,1252 2680,1252 2792,1252 2904,1250 3016,1250 3128,1248"
                         HEIGHT="182"
                         WIDTH="2267"
                         VPOS="1154"
                         HPOS="874">
                  <String ID="string_region_1638968835434_9389l11"
                          HEIGHT="182"
                          WIDTH="2267"
                          VPOS="1154"
                          HPOS="874"
                          CONTENT="so the best way is to devide the risics accordingley advise what "/>
               </TextLine>
               <TextLine ID="region_1638968835434_9389l12"
                         BASELINE="886,1406 930,1400 975,1395 1020,1391 1065,1386 1110,1384 1154,1380 1199,1378 1244,1376 1289,1374 1334,1372 1378,1370 1423,1368 1468,1366 1513,1364 1558,1362 1602,1360 1647,1355 1692,1352 1737,1348 1782,1344"
                         HEIGHT="201"
                         WIDTH="932"
                         VPOS="1269"
                         HPOS="869">
                  <String ID="string_region_1638968835434_9389l12"
                          HEIGHT="201"
                          WIDTH="932"
                          VPOS="1269"
                          HPOS="869"
                          CONTENT="passes lhils I trest"/>
               </TextLine>
               <TextLine ID="region_1638968835434_9389l13"
                         BASELINE="850,1510 963,1499 1077,1489 1190,1481 1304,1474 1418,1466 1531,1461 1645,1456 1758,1450 1872,1448 1986,1446 2099,1444 2213,1442 2326,1442 2440,1444 2554,1444 2667,1446 2781,1450 2894,1452 3008,1456 3122,1460"
                         HEIGHT="233"
                         WIDTH="2306"
                         VPOS="1331"
                         HPOS="833">
                  <String ID="string_region_1638968835434_9389l13"
                          HEIGHT="233"
                          WIDTH="2306"
                          VPOS="1331"
                          HPOS="833"
                          CONTENT="my writeing will not yett do as formarley hope itt shall come"/>
               </TextLine>
               <TextLine ID="region_1638968835434_9389l14"
                         BASELINE="886,1590 912,1587 939,1583 966,1581 992,1579 1019,1578 1046,1575 1072,1574 1099,1572 1126,1570"
                         HEIGHT="129"
                         WIDTH="277"
                         VPOS="1502"
                         HPOS="866">
                  <String ID="string_region_1638968835434_9389l14"
                          HEIGHT="129"
                          WIDTH="277"
                          VPOS="1502"
                          HPOS="866"
                          CONTENT="again"/>
               </TextLine>
               <TextLine ID="region_1638968835434_9389l15"
                         BASELINE="866,1680 977,1670 1088,1663 1199,1656 1311,1650 1422,1645 1533,1640 1645,1637 1756,1634 1867,1634 1979,1632 2090,1632 2201,1632 2312,1632 2424,1632 2535,1632 2646,1634 2758,1634 2869,1636 2980,1636 3092,1636"
                         HEIGHT="213"
                         WIDTH="2261"
                         VPOS="1504"
                         HPOS="848">
                  <String ID="string_region_1638968835434_9389l15"
                          HEIGHT="213"
                          WIDTH="2261"
                          VPOS="1504"
                          HPOS="848"
                          CONTENT="Eaword of your opinion of mr nicolas oursel if might"/>
               </TextLine>
               <TextLine ID="region_1638968835434_9389l16"
                         BASELINE="874,1778 935,1774 997,1769 1059,1765 1120,1762 1182,1759 1244,1755 1305,1754 1367,1751 1429,1748 1491,1746 1552,1745 1614,1744 1676,1742 1737,1742 1799,1742 1861,1740 1922,1740 1984,1740 2046,1740 2108,1740"
                         HEIGHT="191"
                         WIDTH="1268"
                         VPOS="1645"
                         HPOS="857">
                  <String ID="string_region_1638968835434_9389l16"
                          HEIGHT="191"
                          WIDTH="1268"
                          VPOS="1645"
                          HPOS="857"
                          CONTENT="some trust some fent £100:-"/>
               </TextLine>
               <TextLine ID="region_1638968835434_9389l17"
                         BASELINE="2788,1820 2814,1819 2840,1817 2866,1816 2893,1814 2919,1814 2945,1814 2972,1812 2998,1812 3024,1812 3050,1810 3077,1810 3103,1808 3129,1808 3156,1808"
                         HEIGHT="173"
                         WIDTH="399"
                         VPOS="1715"
                         HPOS="2772">
                  <String ID="string_region_1638968835434_9389l17"
                          HEIGHT="173"
                          WIDTH="399"
                          VPOS="1715"
                          HPOS="2772"
                          CONTENT="2 april"/>
               </TextLine>
               <TextLine ID="region_1638968835434_9389l18"
                         BASELINE="718,1930 761,1925 805,1918 849,1914 892,1909 936,1903 980,1898 1023,1893 1067,1889 1111,1885 1155,1882 1198,1879 1242,1876 1286,1872 1329,1869 1373,1868 1417,1866 1460,1865 1504,1864 1548,1864 1592,1864"
                         HEIGHT="230"
                         WIDTH="908"
                         VPOS="1759"
                         HPOS="702">
                  <String ID="string_region_1638968835434_9389l18"
                          HEIGHT="230"
                          WIDTH="908"
                          VPOS="1759"
                          HPOS="702"
                          CONTENT="Leyden Hermantse"/>
               </TextLine>
               <TextLine ID="region_1638968835434_9389l19"
                         BASELINE="886,2006 1000,1995 1115,1983 1230,1972 1345,1963 1460,1956 1574,1949 1689,1944 1804,1938 1919,1934 2034,1930 2148,1928 2263,1926 2378,1926 2493,1926 2608,1926 2722,1926 2837,1928 2952,1928 3067,1930 3182,1934"
                         HEIGHT="244"
                         WIDTH="2325"
                         VPOS="1800"
                         HPOS="868">
                  <String ID="string_region_1638968835434_9389l19"
                          HEIGHT="244"
                          WIDTH="2325"
                          VPOS="1800"
                          HPOS="868"
                          CONTENT="Ick hebbe op 23 pas ue gesonden een briefken van ƒ 250-"/>
               </TextLine>
               <TextLine ID="region_1638968835434_9389l20"
                         BASELINE="890,2096 999,2086 1109,2075 1218,2066 1328,2058 1438,2051 1547,2044 1657,2036 1766,2032 1876,2026 1986,2022 2095,2018 2205,2014 2314,2012 2424,2010 2534,2010 2643,2010 2753,2010 2862,2012 2972,2014 3082,2016"
                         HEIGHT="181"
                         WIDTH="2226"
                         VPOS="1929"
                         HPOS="872">
                  <String ID="string_region_1638968835434_9389l20"
                          HEIGHT="181"
                          WIDTH="2226"
                          VPOS="1929"
                          HPOS="872"
                          CONTENT="om tot amst te ontfangen &amp; gij hebt mij daer niet op"/>
               </TextLine>
               <TextLine ID="region_1638968835434_9389l21"
                         BASELINE="870,2186 982,2176 1095,2168 1207,2159 1320,2152 1432,2144 1545,2138 1657,2132 1770,2126 1882,2122 1995,2118 2107,2114 2220,2112 2332,2110 2445,2110 2557,2110 2670,2110 2782,2112 2895,2114 3007,2118 3120,2122"
                         HEIGHT="233"
                         WIDTH="2279"
                         VPOS="2011"
                         HPOS="854">
                  <String ID="string_region_1638968835434_9389l21"
                          HEIGHT="233"
                          WIDTH="2279"
                          VPOS="2011"
                          HPOS="854"
                          CONTENT="geantwoort oock &amp; wete ick niet oft gij eenigh goetvoor"/>
               </TextLine>
               <TextLine ID="region_1638968835434_9389l22"
                         BASELINE="890,2274 999,2264 1109,2255 1218,2248 1328,2242 1437,2238 1547,2232 1656,2228 1766,2226 1875,2223 1985,2222 2094,2220 2204,2220 2313,2218 2423,2218 2532,2218 2642,2218 2751,2218 2861,2218 2970,2218 3080,2218"
                         HEIGHT="230"
                         WIDTH="2223"
                         VPOS="2110"
                         HPOS="875">
                  <String ID="string_region_1638968835434_9389l22"
                          HEIGHT="230"
                          WIDTH="2223"
                          VPOS="2110"
                          HPOS="875"
                          CONTENT="mij hebt becomen van laureijs ka, wanter segers sal ue"/>
               </TextLine>
               <TextLine ID="region_1638968835434_9389l23"
                         BASELINE="884,2372 993,2362 1102,2354 1212,2346 1321,2339 1431,2334 1540,2329 1649,2324 1759,2321 1868,2318 1978,2316 2087,2314 2196,2312 2306,2312 2415,2312 2525,2312 2634,2312 2743,2314 2853,2314 2962,2316 3072,2318"
                         HEIGHT="198"
                         WIDTH="2221"
                         VPOS="2223"
                         HPOS="867">
                  <String ID="string_region_1638968835434_9389l23"
                          HEIGHT="198"
                          WIDTH="2221"
                          VPOS="2223"
                          HPOS="867"
                          CONTENT="oock 4 stucken seynden, tot carmosijn &amp; swert gij moet"/>
               </TextLine>
               <TextLine ID="region_1638968835434_9389l24"
                         BASELINE="872,2478 983,2469 1094,2460 1206,2452 1317,2444 1429,2437 1540,2432 1651,2426 1763,2421 1874,2417 1986,2414 2097,2410 2208,2408 2320,2408 2431,2406 2543,2406 2654,2406 2765,2408 2877,2410 2988,2412 3100,2416"
                         HEIGHT="206"
                         WIDTH="2260"
                         VPOS="2313"
                         HPOS="856">
                  <String ID="string_region_1638968835434_9389l24"
                          HEIGHT="206"
                          WIDTH="2260"
                          VPOS="2313"
                          HPOS="856"
                          CONTENT="het mijn goet voor alles af doen dat ick haest gerief"/>
               </TextLine>
               <TextLine ID="region_1638968835434_9389l25"
                         BASELINE="892,2572 1005,2562 1119,2553 1233,2545 1347,2538 1461,2531 1575,2525 1689,2520 1803,2516 1917,2512 2031,2510 2144,2508 2258,2506 2372,2506 2486,2506 2600,2508 2714,2510 2828,2514 2942,2517 3056,2522 3170,2528"
                         HEIGHT="178"
                         WIDTH="2314"
                         VPOS="2409"
                         HPOS="874">
                  <String ID="string_region_1638968835434_9389l25"
                          HEIGHT="178"
                          WIDTH="2314"
                          VPOS="2409"
                          HPOS="874"
                          CONTENT="ben t wat beter op t'scheiren letten, alsoo het al te lauck"/>
               </TextLine>
               <TextLine ID="region_1638968835434_9389l26"
                         BASELINE="890,2674 997,2663 1105,2653 1213,2645 1320,2636 1428,2629 1536,2622 1643,2618 1751,2613 1859,2610 1967,2608 2074,2606 2182,2604 2290,2604 2397,2604 2505,2605 2613,2606 2720,2609 2828,2612 2936,2614 3044,2618"
                         HEIGHT="159"
                         WIDTH="2189"
                         VPOS="2515"
                         HPOS="872">
                  <String ID="string_region_1638968835434_9389l26"
                          HEIGHT="159"
                          WIDTH="2189"
                          VPOS="2515"
                          HPOS="872"
                          CONTENT="van wol blijft &amp; mij dunckt gij geyne een sne scheirens "/>
               </TextLine>
               <TextLine ID="region_1638968835434_9389l27"
                         BASELINE="884,2758 997,2745 1110,2734 1223,2726 1336,2719 1449,2711 1562,2706 1675,2701 1788,2698 1901,2695 2014,2694 2127,2692 2240,2692 2353,2692 2466,2692 2579,2694 2692,2696 2805,2698 2918,2700 3031,2702 3144,2704"
                         HEIGHT="181"
                         WIDTH="2294"
                         VPOS="2603"
                         HPOS="866">
                  <String ID="string_region_1638968835434_9389l27"
                          HEIGHT="181"
                          WIDTH="2294"
                          VPOS="2603"
                          HPOS="866"
                          CONTENT="minageert drenge ue occasie bij van meerder werck &amp; daerom"/>
               </TextLine>
               <TextLine ID="region_1638968835434_9389l28"
                         BASELINE="896,2838 1007,2826 1118,2818 1229,2809 1340,2802 1451,2794 1562,2790 1673,2786 1784,2782 1895,2778 2006,2776 2117,2775 2228,2774 2339,2774 2450,2774 2561,2776 2672,2776 2783,2778 2894,2780 3005,2782 3116,2784"
                         HEIGHT="160"
                         WIDTH="2253"
                         VPOS="2697"
                         HPOS="880">
                  <String ID="string_region_1638968835434_9389l28"
                          HEIGHT="160"
                          WIDTH="2253"
                          VPOS="2697"
                          HPOS="880"
                          CONTENT="moet aij daer op letten, allen tijde lakens die gij sult"/>
               </TextLine>
               <TextLine ID="region_1638968835434_9389l29"
                         BASELINE="888,2924 1000,2912 1112,2903 1224,2893 1337,2886 1449,2880 1561,2875 1674,2870 1786,2867 1898,2864 2011,2862 2123,2862 2235,2862 2347,2862 2460,2862 2572,2864 2684,2866 2797,2868 2909,2872 3021,2875 3134,2878"
                         HEIGHT="147"
                         WIDTH="2280"
                         VPOS="2810"
                         HPOS="870">
                  <String ID="string_region_1638968835434_9389l29"
                          HEIGHT="147"
                          WIDTH="2280"
                          VPOS="2810"
                          HPOS="870"
                          CONTENT="ontfangen van laurejs ka sijn voor dobbel stael coston"/>
               </TextLine>
               <TextLine ID="region_1638968835434_9389l30"
                         BASELINE="884,3008 997,3000 1111,2992 1225,2984 1339,2978 1453,2972 1566,2967 1680,2962 1794,2958 1908,2956 2022,2954 2135,2952 2249,2952 2363,2952 2477,2952 2591,2954 2704,2956 2818,2959 2932,2962 3046,2967 3160,2972"
                         HEIGHT="190"
                         WIDTH="2306"
                         VPOS="2867"
                         HPOS="869">
                  <String ID="string_region_1638968835434_9389l30"
                          HEIGHT="190"
                          WIDTH="2306"
                          VPOS="2867"
                          HPOS="869"
                          CONTENT="swert &amp; die van segers voor stael blouw swert even"/>
               </TextLine>
               <TextLine ID="region_1638968835434_9389l31"
                         BASELINE="880,3106 992,3096 1105,3088 1218,3079 1331,3072 1444,3065 1557,3061 1670,3056 1783,3052 1896,3050 2009,3048 2121,3048 2234,3048 2347,3048 2460,3050 2573,3052 2686,3056 2799,3059 2912,3064 3025,3068 3138,3074"
                         HEIGHT="170"
                         WIDTH="2291"
                         VPOS="2963"
                         HPOS="864">
                  <String ID="string_region_1638968835434_9389l31"
                          HEIGHT="170"
                          WIDTH="2291"
                          VPOS="2963"
                          HPOS="864"
                          CONTENT="=wel ieder stuck ten minsten 3 ofte 4 lorden aende doen"/>
               </TextLine>
               <TextLine ID="region_1638968835434_9389l32"
                         BASELINE="872,3208 985,3197 1099,3190 1213,3183 1326,3176 1440,3171 1554,3166 1667,3162 1781,3159 1895,3158 2009,3156 2122,3156 2236,3156 2350,3156 2463,3158 2577,3160 2691,3164 2804,3167 2918,3171 3032,3176 3146,3182"
                         HEIGHT="141"
                         WIDTH="2306"
                         VPOS="3098"
                         HPOS="856">
                  <String ID="string_region_1638968835434_9389l32"
                          HEIGHT="141"
                          WIDTH="2306"
                          VPOS="3098"
                          HPOS="856"
                          CONTENT="de carmosynen moeten de schoonste sijn die connen geverft"/>
               </TextLine>
               <TextLine ID="region_1638968835434_9389l33"
                         BASELINE="890,3290 1004,3283 1118,3275 1232,3270 1347,3264 1461,3260 1575,3256 1690,3253 1804,3250 1918,3248 2033,3248 2147,3248 2261,3248 2375,3248 2490,3249 2604,3252 2718,3254 2833,3257 2947,3260 3061,3264 3176,3268"
                         HEIGHT="122"
                         WIDTH="2318"
                         VPOS="3209"
                         HPOS="873">
                  <String ID="string_region_1638968835434_9389l33"
                          HEIGHT="122"
                          WIDTH="2318"
                          VPOS="3209"
                          HPOS="873"
                          CONTENT="worden &amp; soo haest al een stuck ofte 2 gereet is aen"/>
               </TextLine>
               <TextLine ID="region_1638968835434_9389l34"
                         BASELINE="880,3380 992,3371 1105,3364 1218,3358 1331,3353 1444,3348 1557,3346 1670,3342 1783,3340 1896,3340 2009,3338 2121,3338 2234,3338 2347,3338 2460,3338 2573,3338 2686,3340 2799,3340 2912,3340 3025,3340 3138,3338"
                         HEIGHT="147"
                         WIDTH="2290"
                         VPOS="3260"
                         HPOS="865">
                  <String ID="string_region_1638968835434_9389l34"
                          HEIGHT="147"
                          WIDTH="2290"
                          VPOS="3260"
                          HPOS="865"
                          CONTENT="wouter segers toe te seynden, soo wel die van laureys ka"/>
               </TextLine>
               <TextLine ID="region_1638968835434_9389l35"
                         BASELINE="898,3462 1011,3453 1125,3445 1238,3440 1352,3436 1465,3432 1579,3428 1692,3426 1806,3426 1919,3424 2033,3424 2146,3424 2260,3424 2373,3426 2487,3426 2600,3426 2714,3426 2827,3424 2941,3424 3054,3422 3168,3418"
                         HEIGHT="175"
                         WIDTH="2300"
                         VPOS="3321"
                         HPOS="882">
                  <String ID="string_region_1638968835434_9389l35"
                          HEIGHT="175"
                          WIDTH="2300"
                          VPOS="3321"
                          HPOS="882"
                          CONTENT="als die ven hem selven, adviseert wat passeert blijve"/>
               </TextLine>
               <TextLine ID="region_1638968835434_9389l36"
                         BASELINE="2730,3538 2755,3536 2781,3534 2807,3532 2833,3532 2859,3531 2885,3530 2910,3530 2936,3530 2962,3531 2988,3532 3014,3534 3040,3536"
                         HEIGHT="156"
                         WIDTH="343"
                         VPOS="3450"
                         HPOS="2714">
                  <String ID="string_region_1638968835434_9389l36"
                          HEIGHT="156"
                          WIDTH="343"
                          VPOS="3450"
                          HPOS="2714"
                          CONTENT="2 april"/>
               </TextLine>
               <TextLine ID="region_1638968835434_9389l37"
                         BASELINE="990,3546 1022,3542"
                         HEIGHT="94"
                         WIDTH="72"
                         VPOS="3466"
                         HPOS="968">
                  <String ID="string_region_1638968835434_9389l37"
                          HEIGHT="94"
                          WIDTH="72"
                          VPOS="3466"
                          HPOS="968"
                          CONTENT="l"/>
               </TextLine>
               <TextLine ID="region_1638968835434_9389l38"
                         BASELINE="710,3626 751,3620 792,3616 833,3611 874,3605 916,3601 957,3597 998,3593 1039,3588 1080,3586 1122,3581 1163,3579 1204,3575 1245,3571 1286,3568 1328,3565 1369,3563 1410,3559 1451,3557 1492,3554 1534,3550"
                         HEIGHT="244"
                         WIDTH="860"
                         VPOS="3448"
                         HPOS="691">
                  <String ID="string_region_1638968835434_9389l38"
                          HEIGHT="244"
                          WIDTH="860"
                          VPOS="3448"
                          HPOS="691"
                          CONTENT="Amst Rover"/>
               </TextLine>
               <TextLine ID="region_1638968835434_9389l39"
                         BASELINE="892,3702 1005,3696 1119,3688 1232,3684 1346,3678 1459,3673 1573,3669 1686,3664 1800,3661 1913,3658 2027,3656 2140,3654 2254,3652 2367,3650 2481,3650 2594,3648 2708,3650 2821,3650 2935,3650 3048,3652 3162,3654"
                         HEIGHT="180"
                         WIDTH="2305"
                         VPOS="3536"
                         HPOS="873">
                  <String ID="string_region_1638968835434_9389l39"
                          HEIGHT="180"
                          WIDTH="2305"
                          VPOS="3536"
                          HPOS="873"
                          CONTENT="den ue van 30 pasto ontfangen, ben ue danck baer voorde"/>
               </TextLine>
               <TextLine ID="region_1638968835434_9389l40"
                         BASELINE="898,3786 1009,3782 1120,3778 1231,3773 1342,3770 1453,3766 1564,3761 1675,3758 1786,3754 1897,3751 2008,3748 2119,3746 2230,3742 2341,3742 2452,3740 2563,3738 2674,3738 2785,3738 2896,3738 3007,3740 3118,3742"
                         HEIGHT="178"
                         WIDTH="2253"
                         VPOS="3674"
                         HPOS="880">
                  <String ID="string_region_1638968835434_9389l40"
                          HEIGHT="178"
                          WIDTH="2253"
                          VPOS="3674"
                          HPOS="880"
                          CONTENT="genome moeyte int besorge van acceptatie vande bewuste"/>
               </TextLine>
               <TextLine ID="region_1638968835434_9389l41"
                         BASELINE="896,3876 1010,3869 1125,3862 1239,3856 1354,3852 1469,3846 1583,3842 1698,3840 1812,3838 1927,3835 2042,3834 2156,3832 2271,3832 2385,3830 2500,3830 2615,3830 2729,3830 2844,3830 2958,3830 3073,3830 3188,3830"
                         HEIGHT="167"
                         WIDTH="2325"
                         VPOS="3741"
                         HPOS="878">
                  <String ID="string_region_1638968835434_9389l41"
                          HEIGHT="167"
                          WIDTH="2325"
                          VPOS="3741"
                          HPOS="878"
                          CONTENT="brieven &amp;&amp; voor d'expedittie van mijne brieven op engelant"/>
               </TextLine>
               <TextLine ID="region_1638968835434_9389l42"
                         BASELINE="890,3966 1004,3955 1118,3946 1232,3939 1346,3932 1460,3927 1574,3924 1688,3922 1802,3920 1916,3918 2030,3920 2144,3920 2258,3922 2372,3923 2486,3925 2600,3928 2714,3930 2828,3932 2942,3934 3056,3936 3170,3938"
                         HEIGHT="132"
                         WIDTH="2309"
                         VPOS="3855"
                         HPOS="875">
                  <String ID="string_region_1638968835434_9389l42"
                          HEIGHT="132"
                          WIDTH="2309"
                          VPOS="3855"
                          HPOS="875"
                          CONTENT="werwaerts d'ingeslotene wijderes recommandere, men heeft"/>
               </TextLine>
               <TextLine ID="region_1638968835434_9389l43"
                         BASELINE="890,4042 1006,4038 1122,4032 1238,4027 1354,4023 1471,4019 1587,4016 1703,4012 1819,4010 1935,4008 2052,4008 2168,4006 2284,4006 2400,4008 2516,4008 2633,4010 2749,4014 2865,4016 2981,4021 3097,4026 3214,4032"
                         HEIGHT="163"
                         WIDTH="2356"
                         VPOS="3932"
                         HPOS="874">
                  <String ID="string_region_1638968835434_9389l43"
                          HEIGHT="163"
                          WIDTH="2356"
                          VPOS="3932"
                          HPOS="874"
                          CONTENT="gisteren van Rott niet vernomen dat wegens de schelling"/>
               </TextLine>
               <TextLine ID="region_1638968835434_9389l44"
                         BASELINE="850,4140 965,4134 1081,4125 1196,4119 1312,4113 1427,4108 1543,4104 1658,4100 1774,4097 1889,4096 2005,4094 2120,4094 2236,4094 2351,4096 2467,4098 2582,4100 2698,4104 2813,4110 2929,4116 3044,4121 3160,4128"
                         HEIGHT="154"
                         WIDTH="2343"
                         VPOS="4026"
                         HPOS="833">
                  <String ID="string_region_1638968835434_9389l44"
                          HEIGHT="154"
                          WIDTH="2343"
                          VPOS="4026"
                          HPOS="833"
                          CONTENT="eenige prolongatie soude syn geordoneert, tt welck redenis"/>
               </TextLine>
               <TextLine ID="region_1638968835434_9389l45"
                         BASELINE="1952,4148 1980,4145 2009,4143 2038,4140 2066,4140 2095,4138 2124,4140"
                         HEIGHT="85"
                         WIDTH="208"
                         VPOS="4078"
                         HPOS="1932">
                  <String ID="string_region_1638968835434_9389l45"
                          HEIGHT="85"
                          WIDTH="208"
                          VPOS="4078"
                          HPOS="1932"
                          CONTENT="dight"/>
               </TextLine>
               <TextLine ID="region_1638968835434_9389l46"
                         BASELINE="874,4230 988,4222 1103,4217 1218,4212 1332,4208 1447,4204 1562,4200 1676,4198 1791,4196 1906,4194 2021,4192 2135,4192 2250,4192 2365,4194 2479,4194 2594,4196 2709,4200 2823,4202 2938,4206 3053,4210 3168,4214"
                         HEIGHT="142"
                         WIDTH="2327"
                         VPOS="4109"
                         HPOS="857">
                  <String ID="string_region_1638968835434_9389l46"
                          HEIGHT="142"
                          WIDTH="2327"
                          VPOS="4109"
                          HPOS="857"
                          CONTENT="dat heden tot ⅓½ p avans op costij niet hebbe gegevn"/>
               </TextLine>
               <TextLine ID="region_1638968835434_9389l47"
                         BASELINE="884,4328 997,4323 1111,4316 1224,4312 1338,4306 1452,4302 1565,4298 1679,4296 1792,4292 1906,4290 2020,4288 2133,4288 2247,4288 2360,4288 2474,4288 2588,4290 2701,4292 2815,4294 2928,4298 3042,4301 3156,4306"
                         HEIGHT="153"
                         WIDTH="2302"
                         VPOS="4220"
                         HPOS="869">
                  <String ID="string_region_1638968835434_9389l47"
                          HEIGHT="153"
                          WIDTH="2302"
                          VPOS="4220"
                          HPOS="869"
                          CONTENT="alsoo gelooft wort, soo geen prolongatie en u gegeven"/>
               </TextLine>
               <TextLine ID="region_1638968835434_9389l48"
                         BASELINE="2068,4376 2093,4374 2118,4373 2143,4370 2168,4368"
                         HEIGHT="83"
                         WIDTH="135"
                         VPOS="4303"
                         HPOS="2047">
                  <String ID="string_region_1638968835434_9389l48"
                          HEIGHT="83"
                          WIDTH="135"
                          VPOS="4303"
                          HPOS="2047"
                          CONTENT="9"/>
               </TextLine>
            </TextBlock>
            <TextBlock ID="region_1638968840162_9392"
                       HEIGHT="4208"
                       WIDTH="2616"
                       VPOS="174"
                       HPOS="3284">
               <Shape>
                  <Polygon POINTS="3284,174 5900,174 5900,4382 3284,4382"/>
               </Shape>
               <TextLine ID="region_1638968840162_9392l1"
                         BASELINE="3410,286 3531,277 3652,267 3773,260 3895,255 4016,250 4137,246 4259,244 4380,242 4501,242 4623,242 4744,242 4865,244 4986,244 5108,246 5229,246 5350,246 5472,246 5593,246 5714,246 5836,244"
                         HEIGHT="124"
                         WIDTH="2458"
                         VPOS="171"
                         HPOS="3394">
                  <String ID="string_region_1638968840162_9392l1"
                          HEIGHT="124"
                          WIDTH="2458"
                          VPOS="171"
                          HPOS="3394"
                          CONTENT="dat den wissel voorden gever meeder sal avaneeren daerentuss"/>
               </TextLine>
               <TextLine ID="region_1638968840162_9392l2"
                         BASELINE="3382,378 3506,366 3630,354 3755,345 3879,338 4004,332 4128,328 4252,326 4377,326 4501,326 4626,326 4750,328 4874,330 4999,333 5123,336 5248,338 5372,342 5496,344 5621,346 5745,348 5870,350"
                         HEIGHT="101"
                         WIDTH="2517"
                         VPOS="290"
                         HPOS="3367">
                  <String ID="string_region_1638968840162_9392l2"
                          HEIGHT="101"
                          WIDTH="2517"
                          VPOS="290"
                          HPOS="3367"
                          CONTENT="geen prolongatie sijnde &amp; dat geen merckelijcke veranderinge eded "/>
               </TextLine>
               <TextLine ID="region_1638968840162_9392l3"
                         BASELINE="3412,472 3531,455 3651,442 3771,431 3891,422 4011,417 4131,414 4251,412 4371,412 4491,414 4611,417 4730,421 4850,426 4970,430 5090,434 5210,439 5330,443 5450,446 5570,448 5690,450 5810,450"
                         HEIGHT="145"
                         WIDTH="2431"
                         VPOS="360"
                         HPOS="3395">
                  <String ID="string_region_1638968840162_9392l3"
                          HEIGHT="145"
                          WIDTH="2431"
                          VPOS="360"
                          HPOS="3395"
                          CONTENT="cours hebre waerts en is soo gelieft op londen voor mij stl"/>
               </TextLine>
               <TextLine ID="region_1638968840162_9392l4"
                         BASELINE="3400,576 3521,559 3642,546 3763,535 3884,525 4006,519 4127,516 4248,512 4369,512 4490,512 4612,514 4733,516 4854,520 4975,525 5096,530 5218,535 5339,540 5460,544 5581,548 5702,552 5824,554"
                         HEIGHT="128"
                         WIDTH="2455"
                         VPOS="471"
                         HPOS="3384">
                  <String ID="string_region_1638968840162_9392l4"
                          HEIGHT="128"
                          WIDTH="2455"
                          VPOS="471"
                          HPOS="3384"
                          CONTENT="£450 a £200 tegeven, in gevalle onder de 33:8 cont te recht"/>
               </TextLine>
               <TextLine ID="region_1638968840162_9392l5"
                         BASELINE="3410,660 3528,650 3647,640 3766,631 3885,624 4004,618 4123,613 4242,608 4361,606 4480,604 4599,602 4717,602 4836,604 4955,606 5074,608 5193,612 5312,616 5431,622 5550,629 5669,636 5788,644"
                         HEIGHT="210"
                         WIDTH="2408"
                         VPOS="517"
                         HPOS="3395">
                  <String ID="string_region_1638968840162_9392l5"
                          HEIGHT="210"
                          WIDTH="2408"
                          VPOS="517"
                          HPOS="3395"
                          CONTENT="geraecken, alsoo volgens de cours van wisselde naeste wele my"/>
               </TextLine>
               <TextLine ID="region_1638968840162_9392l6"
                         BASELINE="3372,766 3495,752 3618,740 3741,730 3864,721 3988,712 4111,707 4234,702 4357,698 4480,696 4604,694 4727,694 4850,694 4973,696 5096,698 5220,702 5343,704 5466,708 5589,714 5712,719 5836,724"
                         HEIGHT="160"
                         WIDTH="2498"
                         VPOS="627"
                         HPOS="3354">
                  <String ID="string_region_1638968840162_9392l6"
                          HEIGHT="160"
                          WIDTH="2498"
                          VPOS="627"
                          HPOS="3354"
                          CONTENT="eenighsins voordeeligh wildienen wel eenige houderde op londen"/>
               </TextLine>
               <TextLine ID="region_1638968840162_9392l7"
                         BASELINE="3400,860 3521,844 3642,831 3763,822 3884,813 4006,804 4127,800 4248,796 4369,793 4490,792 4612,792 4733,793 4854,795 4975,798 5096,802 5218,808 5339,814 5460,820 5581,826 5702,834 5824,842"
                         HEIGHT="179"
                         WIDTH="2455"
                         VPOS="709"
                         HPOS="3384">
                  <String ID="string_region_1638968840162_9392l7"
                          HEIGHT="179"
                          WIDTH="2455"
                          VPOS="709"
                          HPOS="3384"
                          CONTENT="noodigh hebbe, o dat hier onder de 33:10 a 2 uso niet can"/>
               </TextLine>
               <TextLine ID="region_1638968840162_9392l8"
                         BASELINE="4310,858 4337,856 4364,856 4391,856 4418,856 4445,856 4472,856 4499,856 4526,856 4553,855 4580,854 4608,852"
                         HEIGHT="73"
                         WIDTH="327"
                         VPOS="796"
                         HPOS="4295">
                  <String ID="string_region_1638968840162_9392l8"
                          HEIGHT="73"
                          WIDTH="327"
                          VPOS="796"
                          HPOS="4295"
                          CONTENT="dewegens"/>
               </TextLine>
               <TextLine ID="region_1638968840162_9392l9"
                         BASELINE="3402,946 3522,936 3643,927 3763,919 3884,912 4004,906 4125,902 4245,898 4366,896 4486,894 4607,894 4727,894 4848,895 4968,897 5089,900 5209,904 5330,908 5450,913 5571,918 5691,926 5812,932"
                         HEIGHT="148"
                         WIDTH="2443"
                         VPOS="825"
                         HPOS="3385">
                  <String ID="string_region_1638968840162_9392l9"
                          HEIGHT="148"
                          WIDTH="2443"
                          VPOS="825"
                          HPOS="3385"
                          CONTENT="te seght comen, wat passeert verneme geirne als mede soo"/>
               </TextLine>
               <TextLine ID="region_1638968840162_9392l10"
                         BASELINE="3380,1056 3500,1039 3620,1024 3740,1012 3860,1003 3980,996 4100,990 4220,988 4340,986 4460,986 4581,986 4701,988 4821,992 4941,995 5061,999 5181,1004 5301,1008 5421,1012 5541,1016 5661,1019 5782,1022"
                         HEIGHT="192"
                         WIDTH="2433"
                         VPOS="893"
                         HPOS="3363">
                  <String ID="string_region_1638968840162_9392l10"
                          HEIGHT="192"
                          WIDTH="2433"
                          VPOS="893"
                          HPOS="3363"
                          CONTENT="de hulsche schepen comen te arriveren sal p naeste kennisse"/>
               </TextLine>
               <TextLine ID="region_1638968840162_9392l11"
                         BASELINE="3386,1160 3484,1145 3582,1131 3681,1121 3779,1112 3878,1105 3976,1098 4074,1094 4173,1091 4271,1088 4370,1088 4468,1088 4566,1088 4665,1088 4763,1090 4862,1092 4960,1094 5058,1096 5157,1098 5255,1098 5354,1100"
                         HEIGHT="175"
                         WIDTH="2002"
                         VPOS="1000"
                         HPOS="3369">
                  <String ID="string_region_1638968840162_9392l11"
                          HEIGHT="175"
                          WIDTH="2002"
                          VPOS="1000"
                          HPOS="3369"
                          CONTENT="geven van mijne goederen aldaer p costij geloeden"/>
               </TextLine>
               <TextLine ID="region_1638968840162_9392l12"
                         BASELINE="5210,1248 5237,1251 5264,1252 5291,1254 5318,1254 5345,1254 5372,1254 5399,1253 5426,1252 5453,1252 5480,1252 5507,1250 5534,1250 5561,1250 5588,1250 5615,1250 5642,1250 5669,1252 5696,1255 5723,1257 5750,1260"
                         HEIGHT="189"
                         WIDTH="570"
                         VPOS="1107"
                         HPOS="5195">
                  <String ID="string_region_1638968840162_9392l12"
                          HEIGHT="189"
                          WIDTH="570"
                          VPOS="1107"
                          HPOS="5195"
                          CONTENT="2 April"/>
               </TextLine>
               <TextLine ID="region_1638968840162_9392l13"
                         BASELINE="3318,1338 3377,1330 3437,1322 3497,1316 3557,1309 3617,1302 3676,1295 3736,1289 3796,1283 3856,1277 3916,1272 3975,1267 4035,1262 4095,1258 4155,1256 4215,1252 4274,1250 4334,1249 4394,1248 4454,1248 4514,1248"
                         HEIGHT="248"
                         WIDTH="1235"
                         VPOS="1137"
                         HPOS="3294">
                  <String ID="string_region_1638968840162_9392l13"
                          HEIGHT="248"
                          WIDTH="1235"
                          VPOS="1137"
                          HPOS="3294"
                          CONTENT="Londen ichard Southell"/>
               </TextLine>
               <TextLine ID="region_1638968840162_9392l14"
                         BASELINE="3388,1438 3509,1422 3631,1409 3752,1398 3874,1390 3995,1385 4117,1381 4238,1380 4360,1378 4481,1380 4603,1380 4724,1382 4846,1384 4967,1387 5089,1389 5210,1390 5332,1392 5453,1392 5575,1390 5696,1387 5818,1382"
                         HEIGHT="270"
                         WIDTH="2461"
                         VPOS="1236"
                         HPOS="3372">
                  <String ID="string_region_1638968840162_9392l14"
                          HEIGHT="270"
                          WIDTH="2461"
                          VPOS="1236"
                          HPOS="3372"
                          CONTENT=" sence my last of 2 past non from you rec. yor pack of creps butt see"/>
               </TextLine>
               <TextLine ID="region_1638968840162_9392l15"
                         BASELINE="3398,1528 3514,1517 3631,1506 3748,1498 3865,1490 3982,1485 4098,1481 4215,1478 4332,1476 4449,1474 4566,1474 4682,1474 4799,1476 4916,1476 5033,1478 5150,1480 5266,1482 5383,1483 5500,1484 5617,1486 5734,1486"
                         HEIGHT="160"
                         WIDTH="2368"
                         VPOS="1380"
                         HPOS="3383">
                  <String ID="string_region_1638968840162_9392l15"
                          HEIGHT="160"
                          WIDTH="2368"
                          VPOS="1380"
                          HPOS="3383"
                          CONTENT="not great hopes to do you the exspected service in that coms. for ap"/>
               </TextLine>
               <TextLine ID="region_1638968840162_9392l16"
                         BASELINE="3406,1618 3523,1610 3641,1603 3758,1597 3876,1592 3993,1587 4111,1582 4228,1580 4346,1576 4463,1574 4581,1572 4698,1572 4816,1570 4933,1570 5051,1570 5168,1570 5286,1571 5403,1572 5521,1572 5638,1574 5756,1574"
                         HEIGHT="207"
                         WIDTH="2384"
                         VPOS="1472"
                         HPOS="3389">
                  <String ID="string_region_1638968840162_9392l16"
                          HEIGHT="207"
                          WIDTH="2384"
                          VPOS="1472"
                          HPOS="3389"
                          CONTENT="yett have not sold one p please to buy formee to send p first"/>
               </TextLine>
               <TextLine ID="region_1638968840162_9392l17"
                         BASELINE="3372,1724 3491,1713 3610,1703 3729,1696 3848,1688 3968,1683 4087,1678 4206,1674 4325,1670 4444,1668 4564,1668 4683,1666 4802,1666 4921,1668 5040,1668 5160,1670 5279,1673 5398,1676 5517,1679 5636,1684 5756,1688"
                         HEIGHT="183"
                         WIDTH="2416"
                         VPOS="1556"
                         HPOS="3356">
                  <String ID="string_region_1638968840162_9392l17"
                          HEIGHT="183"
                          WIDTH="2416"
                          VPOS="1556"
                          HPOS="3356"
                          CONTENT="convoij for ostend one pack to cont &amp; demie reds clothes of £8:-"/>
               </TextLine>
               <TextLine ID="region_1638968840162_9392l18"
                         BASELINE="3422,1816 3540,1807 3659,1800 3778,1792 3896,1786 4015,1782 4134,1778 4252,1776 4371,1774 4490,1772 4609,1772 4727,1774 4846,1774 4965,1776 5083,1778 5202,1780 5321,1784 5439,1786 5558,1790 5677,1792 5796,1796"
                         HEIGHT="204"
                         WIDTH="2405"
                         VPOS="1669"
                         HPOS="3406">
                  <String ID="string_region_1638968840162_9392l18"
                          HEIGHT="204"
                          WIDTH="2405"
                          VPOS="1669"
                          HPOS="3406"
                          CONTENT="d 4 ditto of £8:10, &amp; 4 of £9:- a £9:10 &amp; 4 of £10:- not"/>
               </TextLine>
               <TextLine ID="region_1638968840162_9392l19"
                         BASELINE="3390,1920 3510,1909 3631,1900 3752,1892 3872,1886 3993,1880 4114,1876 4234,1872 4355,1870 4476,1869 4597,1868 4717,1868 4838,1870 4959,1872 5079,1874 5200,1878 5321,1882 5441,1886 5562,1890 5683,1894 5804,1900"
                         HEIGHT="192"
                         WIDTH="2442"
                         VPOS="1776"
                         HPOS="3376">
                  <String ID="string_region_1638968840162_9392l19"
                          HEIGHT="192"
                          WIDTH="2442"
                          VPOS="1776"
                          HPOS="3376"
                          CONTENT="excoeding to be 16 p demie reds of good qualitie &amp; loveley cullours to"/>
               </TextLine>
               <TextLine ID="region_1638968840162_9392l20"
                         BASELINE="3386,2010 3504,2005 3623,1998 3741,1993 3860,1988 3978,1984 4097,1982 4215,1980 4334,1978 4452,1976 4571,1976 4689,1976 4808,1976 4926,1978 5045,1980 5163,1984 5282,1986 5400,1990 5519,1994 5637,2000 5756,2004"
                         HEIGHT="182"
                         WIDTH="2402"
                         VPOS="1871"
                         HPOS="3370">
                  <String ID="string_region_1638968840162_9392l20"
                          HEIGHT="182"
                          WIDTH="2402"
                          VPOS="1871"
                          HPOS="3370"
                          CONTENT="i the inclosed patt, neatley handled &amp; well pressed wrap with a with"/>
               </TextLine>
               <TextLine ID="region_1638968840162_9392l21"
                         BASELINE="3398,2112 3519,2105 3641,2098 3762,2092 3884,2088 4005,2084 4127,2082 4248,2080 4370,2080 4491,2080 4613,2080 4734,2082 4856,2084 4977,2085 5099,2086 5220,2088 5342,2090 5463,2092 5585,2094 5706,2094 5828,2094"
                         HEIGHT="175"
                         WIDTH="2461"
                         VPOS="1987"
                         HPOS="3383">
                  <String ID="string_region_1638968840162_9392l21"
                          HEIGHT="175"
                          WIDTH="2461"
                          VPOS="1987"
                          HPOS="3383"
                          CONTENT="cotton of 20 a 21 pence a goad on receapt of your Invoyce shall "/>
               </TextLine>
               <TextLine ID="region_1638968840162_9392l22"
                         BASELINE="3394,2214 3516,2203 3639,2194 3761,2188 3884,2182 4006,2178 4129,2174 4251,2174 4374,2174 4496,2174 4619,2176 4741,2178 4864,2182 4986,2184 5109,2189 5231,2192 5354,2196 5476,2200 5599,2204 5721,2207 5844,2210"
                         HEIGHT="166"
                         WIDTH="2480"
                         VPOS="2093"
                         HPOS="3379">
                  <String ID="string_region_1638968840162_9392l22"
                          HEIGHT="166"
                          WIDTH="2480"
                          VPOS="2093"
                          HPOS="3379"
                          CONTENT="remitt the valew, butt this must come p the first convoy for ostend"/>
               </TextLine>
               <TextLine ID="region_1638968840162_9392l23"
                         BASELINE="3412,2322 3532,2310 3653,2300 3774,2293 3895,2285 4016,2280 4137,2277 4258,2274 4379,2274 4500,2274 4621,2274 4741,2277 4862,2280 4983,2284 5104,2287 5225,2291 5346,2296 5467,2302 5588,2306 5709,2312 5830,2316"
                         HEIGHT="190"
                         WIDTH="2449"
                         VPOS="2191"
                         HPOS="3398">
                  <String ID="string_region_1638968840162_9392l23"
                          HEIGHT="190"
                          WIDTH="2449"
                          VPOS="2191"
                          HPOS="3398"
                          CONTENT="omles red cloth was deare now &amp; that you supposed will be cheaper "/>
               </TextLine>
               <TextLine ID="region_1638968840162_9392l24"
                         BASELINE="3414,2434 3518,2424 3623,2413 3728,2405 3833,2398 3938,2391 4043,2386 4148,2382 4253,2380 4358,2378 4463,2376 4567,2376 4672,2376 4777,2378 4882,2379 4987,2382 5092,2384 5197,2388 5302,2392 5407,2396 5512,2400"
                         HEIGHT="201"
                         WIDTH="2131"
                         VPOS="2279"
                         HPOS="3397">
                  <String ID="string_region_1638968840162_9392l24"
                          HEIGHT="201"
                          WIDTH="2131"
                          VPOS="2279"
                          HPOS="3397"
                          CONTENT="m a month or 2 so referre itt to ys experiencey I rest"/>
               </TextLine>
               <TextLine ID="region_1638968840162_9392l25"
                         BASELINE="3308,2582 3363,2571 3419,2563 3474,2556 3530,2549 3586,2542 3641,2537 3697,2531 3752,2529 3808,2524 3864,2522 3919,2519 3975,2516 4030,2514 4086,2512 4142,2510 4197,2508 4253,2505 4308,2503 4364,2500 4420,2496"
                         HEIGHT="214"
                         WIDTH="1151"
                         VPOS="2394"
                         HPOS="3284">
                  <String ID="string_region_1638968840162_9392l25"
                          HEIGHT="214"
                          WIDTH="1151"
                          VPOS="2394"
                          HPOS="3284"
                          CONTENT="Londen Jan Kent &amp; comp"/>
               </TextLine>
               <TextLine ID="region_1638968840162_9392l26"
                         BASELINE="5326,2528 5352,2530 5378,2533 5404,2535 5430,2536 5457,2536 5483,2536 5509,2536 5535,2535 5562,2534 5588,2534 5614,2532 5640,2532 5667,2531 5693,2530 5719,2530 5745,2530 5772,2530"
                         HEIGHT="155"
                         WIDTH="476"
                         VPOS="2416"
                         HPOS="5310">
                  <String ID="string_region_1638968840162_9392l26"
                          HEIGHT="155"
                          WIDTH="476"
                          VPOS="2416"
                          HPOS="5310"
                          CONTENT="2 aprill"/>
               </TextLine>
               <TextLine ID="region_1638968840162_9392l27"
                         BASELINE="4472,2540 4512,2540"
                         HEIGHT="97"
                         WIDTH="72"
                         VPOS="2464"
                         HPOS="4455">
                  <String ID="string_region_1638968840162_9392l27"
                          HEIGHT="97"
                          WIDTH="72"
                          VPOS="2464"
                          HPOS="4455"
                          CONTENT="N6"/>
               </TextLine>
               <TextLine ID="region_1638968840162_9392l28"
                         BASELINE="3374,2684 3495,2669 3616,2655 3737,2643 3858,2634 3979,2624 4100,2617 4221,2611 4342,2606 4463,2602 4585,2600 4706,2598 4827,2598 4948,2600 5069,2602 5190,2604 5311,2608 5432,2613 5553,2618 5674,2623 5796,2630"
                         HEIGHT="255"
                         WIDTH="2452"
                         VPOS="2472"
                         HPOS="3358">
                  <String ID="string_region_1638968840162_9392l28"
                          HEIGHT="255"
                          WIDTH="2452"
                          VPOS="2472"
                          HPOS="3358"
                          CONTENT="S. sence my last of 3 sull rec yours of 14 d god send the"/>
               </TextLine>
               <TextLine ID="region_1638968840162_9392l29"
                         BASELINE="3382,2766 3504,2757 3627,2746 3750,2739 3873,2730 3996,2724 4119,2718 4242,2714 4365,2708 4488,2705 4611,2702 4733,2701 4856,2700 4979,2700 5102,2700 5225,2702 5348,2704 5471,2708 5594,2712 5717,2717 5840,2722"
                         HEIGHT="175"
                         WIDTH="2489"
                         VPOS="2597"
                         HPOS="3366">
                  <String ID="string_region_1638968840162_9392l29"
                          HEIGHT="175"
                          WIDTH="2489"
                          VPOS="2597"
                          HPOS="3366"
                          CONTENT="ships from hull wel over I want vere much the modish northrens"/>
               </TextLine>
               <TextLine ID="region_1638968840162_9392l30"
                         BASELINE="3350,2862 3474,2850 3598,2838 3722,2828 3846,2818 3970,2811 4094,2804 4218,2800 4342,2794 4466,2792 4591,2790 4715,2788 4839,2788 4963,2788 5087,2788 5211,2790 5335,2792 5459,2794 5583,2798 5707,2800 5832,2804"
                         HEIGHT="208"
                         WIDTH="2515"
                         VPOS="2712"
                         HPOS="3333">
                  <String ID="string_region_1638968840162_9392l30"
                          HEIGHT="208"
                          WIDTH="2515"
                          VPOS="2712"
                          HPOS="3333"
                          CONTENT="p last ordered, so endeavour, I have att least one pack of cloth"/>
               </TextLine>
               <TextLine ID="region_1638968840162_9392l31"
                         BASELINE="3362,2958 3485,2945 3609,2933 3733,2924 3856,2915 3980,2906 4104,2900 4227,2896 4351,2892 4475,2889 4599,2886 4722,2886 4846,2884 4970,2886 5093,2886 5217,2888 5341,2890 5464,2892 5588,2896 5712,2900 5836,2904"
                         HEIGHT="177"
                         WIDTH="2506"
                         VPOS="2798"
                         HPOS="3346">
                  <String ID="string_region_1638968840162_9392l31"
                          HEIGHT="177"
                          WIDTH="2506"
                          VPOS="2798"
                          HPOS="3346"
                          CONTENT="abourd, yett I exspect hosless, for you have had time enough, for "/>
               </TextLine>
               <TextLine ID="region_1638968840162_9392l32"
                         BASELINE="3386,3042 3505,3032 3624,3022 3743,3013 3862,3006 3982,3000 4101,2994 4220,2990 4339,2987 4458,2984 4578,2982 4697,2982 4816,2982 4935,2982 5054,2984 5174,2986 5293,2988 5412,2992 5531,2995 5650,3000 5770,3006"
                         HEIGHT="228"
                         WIDTH="2415"
                         VPOS="2872"
                         HPOS="3370">
                  <String ID="string_region_1638968840162_9392l32"
                          HEIGHT="228"
                          WIDTH="2415"
                          VPOS="2872"
                          HPOS="3370"
                          CONTENT="them for the kersies is no such heast becase that is a winter"/>
               </TextLine>
               <TextLine ID="region_1638968840162_9392l33"
                         BASELINE="3416,3130 3535,3120 3654,3111 3773,3104 3892,3098 4011,3092 4130,3086 4249,3082 4368,3078 4487,3076 4606,3074 4725,3074 4844,3072 4963,3072 5082,3074 5201,3074 5320,3076 5439,3078 5558,3082 5677,3086 5796,3090"
                         HEIGHT="178"
                         WIDTH="2412"
                         VPOS="2978"
                         HPOS="3399">
                  <String ID="string_region_1638968840162_9392l33"
                          HEIGHT="178"
                          WIDTH="2412"
                          VPOS="2978"
                          HPOS="3399"
                          CONTENT="com &amp; ordered them because yor opinion was for riseing butt "/>
               </TextLine>
               <TextLine ID="region_1638968840162_9392l34"
                         BASELINE="3396,3234 3518,3221 3640,3211 3762,3202 3884,3194 4007,3189 4129,3184 4251,3181 4373,3180 4495,3178 4618,3178 4740,3178 4862,3180 4984,3181 5106,3182 5229,3184 5351,3186 5473,3188 5595,3188 5717,3190 5840,3190"
                         HEIGHT="214"
                         WIDTH="2474"
                         VPOS="3055"
                         HPOS="3381">
                  <String ID="string_region_1638968840162_9392l34"
                          HEIGHT="214"
                          WIDTH="2474"
                          VPOS="3055"
                          HPOS="3381"
                          CONTENT="cloth I want from londen have ordered you u pack of 5p clothes"/>
               </TextLine>
               <TextLine ID="region_1638968840162_9392l35"
                         BASELINE="3416,3344 3534,3328 3653,3314 3772,3302 3891,3295 4010,3289 4128,3286 4247,3284 4366,3282 4485,3284 4604,3286 4722,3287 4841,3290 4960,3294 5079,3296 5198,3300 5316,3302 5435,3304 5554,3304 5673,3304 5792,3302"
                         HEIGHT="192"
                         WIDTH="2409"
                         VPOS="3183"
                         HPOS="3400">
                  <String ID="string_region_1638968840162_9392l35"
                          HEIGHT="192"
                          WIDTH="2409"
                          VPOS="3183"
                          HPOS="3400"
                          CONTENT="inclosed patt &amp; instructions for 3 a packes more to be send for "/>
               </TextLine>
               <TextLine ID="region_1638968840162_9392l36"
                         BASELINE="3394,3442 3512,3429 3630,3417 3748,3409 3866,3402 3985,3396 4103,3392 4221,3390 4339,3389 4457,3390 4576,3390 4694,3392 4812,3394 4930,3398 5048,3400 5167,3402 5285,3406 5403,3408 5521,3410 5639,3412 5758,3412"
                         HEIGHT="162"
                         WIDTH="2392"
                         VPOS="3291"
                         HPOS="3380">
                  <String ID="string_region_1638968840162_9392l36"
                          HEIGHT="162"
                          WIDTH="2392"
                          VPOS="3291"
                          HPOS="3380"
                          CONTENT="each convoij so mething att least with each convoy for amst"/>
               </TextLine>
               <TextLine ID="region_1638968840162_9392l37"
                         BASELINE="3406,3554 3527,3542 3648,3530 3770,3520 3891,3514 4013,3508 4134,3504 4255,3502 4377,3500 4498,3500 4620,3502 4741,3502 4862,3504 4984,3506 5105,3510 5227,3512 5348,3514 5469,3516 5591,3518 5712,3518 5834,3518"
                         HEIGHT="215"
                         WIDTH="2461"
                         VPOS="3396"
                         HPOS="3389">
                  <String ID="string_region_1638968840162_9392l37"
                          HEIGHT="215"
                          WIDTH="2461"
                          VPOS="3396"
                          HPOS="3389"
                          CONTENT="&amp; Rott one pack, yett most for ostend, of that goeth timeley"/>
               </TextLine>
               <TextLine ID="region_1638968840162_9392l38"
                         BASELINE="3408,3656 3452,3649 3497,3645 3541,3642 3586,3637 3630,3634 3675,3631 3719,3628 3764,3625 3808,3623 3853,3622 3897,3620 3942,3618 3986,3616 4031,3614 4075,3614 4120,3612 4164,3612 4209,3610 4253,3610 4298,3610"
                         HEIGHT="192"
                         WIDTH="929"
                         VPOS="3507"
                         HPOS="3389">
                  <String ID="string_region_1638968840162_9392l38"
                          HEIGHT="192"
                          WIDTH="929"
                          VPOS="3507"
                          HPOS="3389"
                          CONTENT="aGoverno &amp; rest"/>
               </TextLine>
               <TextLine ID="region_1638968840162_9392l39"
                         BASELINE="5540,3690 5565,3692 5590,3691 5616,3690 5641,3689 5666,3688 5692,3690"
                         HEIGHT="149"
                         WIDTH="187"
                         VPOS="3571"
                         HPOS="5520">
                  <String ID="string_region_1638968840162_9392l39"
                          HEIGHT="149"
                          WIDTH="187"
                          VPOS="3571"
                          HPOS="5520"
                          CONTENT="2d"/>
               </TextLine>
               <TextLine ID="region_1638968840162_9392l40"
                         BASELINE="3284,3774 3333,3768 3382,3762 3431,3756 3480,3753 3529,3748 3578,3744 3627,3742 3676,3740 3725,3738 3775,3736 3824,3735 3873,3734 3922,3732 3971,3732 4020,3732 4069,3730 4118,3730 4167,3728 4216,3728 4266,3726"
                         HEIGHT="167"
                         WIDTH="1019"
                         VPOS="3624"
                         HPOS="3263">
                  <String ID="string_region_1638968840162_9392l40"
                          HEIGHT="167"
                          WIDTH="1019"
                          VPOS="3624"
                          HPOS="3263"
                          CONTENT="londen tierens &amp; Crecser"/>
               </TextLine>
               <TextLine ID="region_1638968840162_9392l41"
                         BASELINE="3402,3846 3521,3838 3641,3830 3761,3822 3880,3817 4000,3814 4120,3811 4239,3810 4359,3808 4479,3810 4599,3810 4718,3812 4838,3814 4958,3818 5077,3822 5197,3825 5317,3829 5436,3834 5556,3837 5676,3842 5796,3846"
                         HEIGHT="191"
                         WIDTH="2428"
                         VPOS="3718"
                         HPOS="3385">
                  <String ID="string_region_1638968840162_9392l41"
                          HEIGHT="191"
                          WIDTH="2428"
                          VPOS="3718"
                          HPOS="3385"
                          CONTENT="t sedert mijnen van 16 pas den ue van cod ontfangen ick"/>
               </TextLine>
               <TextLine ID="region_1638968840162_9392l42"
                         BASELINE="3410,3936 3529,3924 3649,3916 3768,3910 3888,3905 4008,3902 4127,3900 4247,3900 4366,3900 4486,3902 4606,3906 4725,3909 4845,3913 4964,3918 5084,3922 5204,3926 5323,3932 5443,3935 5562,3939 5682,3942 5802,3944"
                         HEIGHT="169"
                         WIDTH="2425"
                         VPOS="3817"
                         HPOS="3394">
                  <String ID="string_region_1638968840162_9392l42"
                          HEIGHT="169"
                          WIDTH="2425"
                          VPOS="3817"
                          HPOS="3394"
                          CONTENT="verhope mijne remise op will purnell sijn geaccepteert ue sal"/>
               </TextLine>
               <TextLine ID="region_1638968840162_9392l43"
                         BASELINE="3414,4022 3535,4014 3656,4008 3777,4002 3898,4000 4019,3998 4140,3996 4261,3996 4382,3998 4503,4000 4625,4004 4746,4008 4867,4012 4988,4018 5109,4023 5230,4029 5351,4034 5472,4040 5593,4047 5714,4053 5836,4058"
                         HEIGHT="153"
                         WIDTH="2454"
                         VPOS="3942"
                         HPOS="3398">
                  <String ID="string_region_1638968840162_9392l43"
                          HEIGHT="153"
                          WIDTH="2454"
                          VPOS="3942"
                          HPOS="3398"
                          CONTENT="de selve gelieven in tevoorderen &amp; sal die weirde bij occasie bij"/>
               </TextLine>
               <TextLine ID="region_1638968840162_9392l44"
                         BASELINE="3416,4106 3538,4102 3661,4100 3784,4098 3907,4096 4030,4094 4152,4094 4275,4094 4398,4096 4521,4098 4644,4100 4766,4102 4889,4106 5012,4110 5135,4114 5258,4120 5380,4126 5503,4132 5626,4140 5749,4148 5872,4156"
                         HEIGHT="172"
                         WIDTH="2487"
                         VPOS="4031"
                         HPOS="3400">
                  <String ID="string_region_1638968840162_9392l44"
                          HEIGHT="172"
                          WIDTH="2487"
                          VPOS="4031"
                          HPOS="3400"
                          CONTENT="ue vinden, soude noch wel 10 pack lakens EE geelmarh te geer"/>
               </TextLine>
               <TextLine ID="region_1638968840162_9392l45"
                         BASELINE="3340,4210 3464,4202 3588,4196 3712,4190 3836,4186 3960,4184 4084,4184 4208,4184 4332,4184 4456,4186 4580,4188 4704,4190 4828,4194 4952,4198 5076,4200 5200,4204 5324,4208 5448,4212 5572,4214 5696,4216 5820,4218"
                         HEIGHT="234"
                         WIDTH="2512"
                         VPOS="4034"
                         HPOS="3324">
                  <String ID="string_region_1638968840162_9392l45"
                          HEIGHT="234"
                          WIDTH="2512"
                          VPOS="4034"
                          HPOS="3324"
                          CONTENT="&amp; als die in prijs minder sijn te becomen, want £95 niet"/>
               </TextLine>
               <TextLine ID="region_1638968840162_9392l46"
                         BASELINE="3412,4282 3533,4276 3654,4272 3775,4268 3897,4266 4018,4264 4139,4264 4261,4264 4382,4264 4503,4264 4625,4266 4746,4268 4867,4270 4988,4274 5110,4276 5231,4280 5352,4282 5474,4286 5595,4288 5716,4292 5838,4296"
                         HEIGHT="103"
                         WIDTH="2458"
                         VPOS="4216"
                         HPOS="3396">
                  <String ID="string_region_1638968840162_9392l46"
                          HEIGHT="103"
                          WIDTH="2458"
                          VPOS="4216"
                          HPOS="3396"
                          CONTENT="mach besoeden, doch soo ue i0 p voor £93 can aentreffe"/>
               </TextLine>
               <TextLine ID="region_1638968840162_9392l47"
                         BASELINE="3426,4354 3547,4352 3669,4350 3790,4350 3912,4348 4034,4348 4155,4350 4277,4350 4398,4352 4520,4353 4642,4354 4763,4356 4885,4358 5006,4360 5128,4362 5250,4362 5371,4364 5493,4364 5614,4364 5736,4362 5858,4362"
                         HEIGHT="105"
                         WIDTH="2464"
                         VPOS="4263"
                         HPOS="3409">
                  <String ID="string_region_1638968840162_9392l47"
                          HEIGHT="105"
                          WIDTH="2464"
                          VPOS="4263"
                          HPOS="3409"
                          CONTENT="gelieft die voor mij te coopen &amp; met aen cottmals voor dese"/>
               </TextLine>
            </TextBlock>
         </PrintSpace>
      </Page>
   </Layout>
</alto>
