7817 4548
870 187 2409 135 dooulyck is om N 45. 46 & 50 ten minsten N50 voor af te

861 275 2396 184 seynden, eenen mons Jan Bapte Causse van Cortryck ie naer costy

833 372 2406 121 vertrocken & sal apparent ue aenspreken om te sien het pack N51

841 453 2462 137 hij heeft een brief van my van gisteren laet hem het pack N51 sien

834 538 2453 168 & tselve volgen soo hij dat begeirt, ofte alleen de gemengelde frisette

862 616 2415 206 & den overschot can ue mij toeseynden, bij een gepackt ben seer impa=

894 743 1529 152 tientigh te verstaen wat packeert & blijv

2936 802 302 163 15 oct

726 848 1058 223 Gent Robert matton

875 855 2315 258 tsedert den ue van 17 pasto hebbe ick gisteren den ingesloten

858 1013 2430 180 van Jon lamberty ontfangen waer by hij 3 weken tyt versoecke

869 1101 2426 184 & myne antwoort daer over, maer alsoo ick hem niet het willen

848 1193 2409 189 antwoorden, oock geensins toestaen eenigh eyt stel ofte dilaey

867 1343 2383 149 soo bidde ue volgens te reguleren & al doen wat mogelyck is tot dat

854 1383 2409 224 sij veel sullen voldaen hebben, want ick sien wel dat sij al doen &

823 1510 2396 195 gedaen hebben wat sij conden om tyt te winnen, dus verlaete

850 1589 2405 204 mij o ue proipte expeditie, op dat ick van soo eene cleyne maer

842 1708 2461 165 lan ghdurige saecke een eynde mach hebben twelck verwaghte &bljv

2835 1833 278 182 18d

728 1833 692 244 Brugge Coots

871 1946 2316 223 Bjde ue van 14 & 15 deser sien weder nieuwe moeyelyckeyt

2890 2092 58 64 f

882 2095 2386 153 met die van teraepelinck schepen, hebben syn het selve recht

849 2215 2362 133 soo veel iaeren niet gehadt, hadde ick costij geweest om hun

866 2333 2433 108 daer in niet te voldoen, soude ick die packen lieven dobbeleer hebbe

859 2430 2460 114 medegeven die man is weeckelyckx te brugge & soo N 46 alred

864 2532 2410 132 niet is versonden, & dat 1e bargie niet meer valt te verseynde

877 2603 2402 159 soo laet dat pack se lieven dobbeleir comen, midts ue overlegge

868 2714 2343 115 welck de corste expeditie daer voor is, want sulckx moet

845 2787 2405 181 geschredens nan gelegentheyt der plaitse daer ue is blyvende

861 2892 2319 164 derhalven d'expeditie vande meer gementioneerde packen op

863 2991 2383 130 t uyterste gerecommandeert wete niet wat dencken waerde

871 3063 2397 162 certificatien soude syn gebleven naerdemael die in ue brief syn

859 3162 2077 212 gesloten geweest & ick bevinde de selve niet meer by mij

3046 3193 167 208 de

745 3280 970 230 Rott Ab de Bra

882 3321 2322 246 In antwoort aenden ue van 12 deser, ick hebbe geene groote

833 3450 2383 181 reden van geiust te sijn, over de repartie door van soelen &

855 3542 2413 194 albo gemaeckt omdat ick daer door antrent de soo men ser

845 3618 2436 193 inde ƒ 30:worde gepreiudiceert & de te erger is he ander

847 3708 2437 197 ue seght daer bij geweest te hebben ue hadde mijne origi

863 3815 2405 185 nell facture & die moet mij vergoeyt worden soo wel als aende

859 3917 2425 206 baeyen & kersijen, hebben andere de costen laeten vallen de mijn

872 4021 2368 182 bedraegen gen £6t, soo dat ick niet can verstaen op wat

872 4116 2372 211 pretext mij soo veel minder wort gaetgedaen, ick hebbe aen

843 4242 2346 121 Abraham van diest gepresenteert  ƒ 396::10 ½ soo ue

5783 112 152 174 d

3484 220 2365 116 te betaelen dogh omdat ick hem de ƒ30: 17 wille corten

3479 324 2389 168 thoont hij sich daer toe niet genegen & geloove hy ue sal

3472 420 2446 155 trachten die betalinge te genieten, indien gevalle bidde hem

3459 500 2442 175 te schrijven dat alsoo die ue dat gelt niet hebt ontfangen

3478 592 2294 170 maer dat het in mijne handen is over innegecoghte goederen

3459 711 2381 198 hij tselve by mij moet vinden & dat hy daer over met mij

3477 818 2289 189 sich moet verstaen hope het convoij van hul haest sal

3470 929 1743 199 arriveren, twelck geirne verneme & blijve

5433 966 385 217 19 od

3331 1058 600 202 brugge Coots

3450 1149 2279 181 bsedert mijnen van gisteren den ue van 17 ditto ontfangen

3462 1283 2347 145 het geschiet gelijck ick heb gevreest, maer sal voortaen niet

3443 1421 2356 135 meer te doen wesen, sal daer in voorsien & joff gansacker 2

3457 1454 2439 204 packen heeft medegebroght heeft sij die bj provisie vercoght

3465 1559 2445 183 lievendobbelaer reyt weeckelijckx & siendaer in geen groot

3435 1666 2494 189 gevaer want hij heeft pasport wegens N51 myne intentie

3468 1802 2454 140 was niet dat optehouden want tuscher van p cansse comp

3459 1916 2417 114 ste & soude hier middelertyt occasie van vercop verliese

3460 1993 2472 142 soo tardeert niet langer & laet dat N51 cito ooorts commen

3467 2062 2454 179 & oock andere ten waer p cansie alreede by ue was & oselve

3469 2226 2349 132 begeirde maer daer naer niet te waghten, referren my

3475 2318 1448 147 wijders aen mijnen van gesteren

3336 2390 669 201 Gent Herrebout

3463 2435 2460 211 hemgep & noch N50 & 45 te waegen te seynden & N46 oock als hem

3464 2597 695 152 ter handt comp

5496 2659 250 170 21d

3349 2699 701 211 Londen walt kent

3449 2781 2447 203 I have your several letters viz 18, 21, 25 & 28 past & 5 curt

3421 2879 2432 204 I have dilayed answer because I am have been to much disturbed

3456 2975 2457 171 & angrey with you for not performinge my orders of 29 augustlast

3455 3093 2478 139 in the fine clothes, for I finde that you send nod one p tf N2:9 &

3471 3171 2454 152 4, though I engaged my self to deliver them, by so doginge p losse

3447 3269 2488 173 my enstomers that order mee some particular cullours, & thepend upon

3444 3378 2436 176 y performance, & what is worse you send what o doe not order

3430 3494 2454 145 there is N348 will never sell here, & neverfsend you such or

3451 3596 2448 119 such licke patt to buy such clothes sor mee, the le al also

3466 3683 2457 114 N 343 & 346 I have gathered these 2 a 3 yeares more remnand

4121 3745 152 77 1iors

3543 3771 2328 101 t spas clothes, then all the time before, when there clothes

3324 3847 275 114 nowarrisge

3467 3876 2380 104 ve here, shall eseamen themesothes & what I doe not finde

3455 3906 2466 188 conform to my order leave for your accompt & for the suture

3460 4059 2420 131 trouble you no more in fine clothes, inclosed you have 2 bills

3439 4153 2429 117 a  100: en £100: op peeter van sittaert

3456 4245 2353 126 & £100: on Anthonij versprect for which procure the
