7947 4548
884 262 2268 174 agevonnen, soo waghte advis om mij volgens te regulire

841 387 492 173 9 & lijt

2772 399 335 217 13 J

650 485 922 220 Brussel Rousseau

899 533 2281 247 ie suis honnore p la vre de 13 court, la lettre de £29:15

882 674 2136 194 n'est pas encor de retour, ie ne doubte pas mais que cevle

875 755 2189 223 sur rott soit paye, cy comt la remise de ƒ345:10 signe

879 887 2295 192 puisque ie procurerez le necaissaire pour la vre de £100 a 33:10

860 954 2038 208 sui ldmond loftis d'ostende ie vous salue & suis

2780 1057 327 201 16 July

712 1105 1122 204 Londen Jan Kent & comp

711 1194 2432 228 m sence my last of 13 cur non from you, att which I wonder

897 1337 2175 152 because you give mee no account of what passes in the nord,

678 1443 2418 133 neither send mee anney remises, which you can doe so easehey

902 1513 2193 162 all my remises beenge in cas with you, so pray, lett mee have some

907 1621 2199 148 bencfice, there by, for I hope you will not refuse my payement

1086 1702 507 105 or what I order

733 1697 2394 233 nd in bills att I usance & I am told, that our ostendish convoy will come

893 1824 2223 158 for London again in a sphort time, so lett the cottons bee readdy, &

882 1925 2240 179 the spa cloathes, addinge some more, as by the inclosed notice, yett

883 1988 2217 160 loose no opportunitie, to send mee one pack by the first convoy

901 2108 2215 165 for holland, if that sailes before that of ostend buy a pack

873 2188 2269 172 to containg 4 depie red clothes of £9 a £9:10 p & 4 ditto of

851 2312 2237 154 £t0: 2a p  £10, & an other pack to bee assorted with 20 worster

884 2403 2257 204 frises of the best sort, yett not excceding 4 p a yeard, a penney

896 2480 2266 202 p' o more or less to come by the first convoj for ostend, inclosed

880 2565 2323 198 also some patt. & instruction for 2 packes of cloth to bee sent to huse

901 2679 2296 163 to be shipped by the first convoyé for holland, I wish the convoyes

901 2793 2290 201 from thence were safe over in exspectation to breu  passe

887 2902 2289 186 remaire on receave here of, please to send mee some patt of the

872 2995 2251 192 newest cullours of spo clothes now in lasscon with you for I

835 3106 2293 155 dam informed as if there was a new cullour againe, yett all the

845 3199 2362 150 demand here is for close mixture  hota that the red clothes

877 3307 2318 168 must not bee to doch butt to the inclosed patt. & faile not to provi

853 3421 873 159 the blew grayes I rese

2892 3422 244 206 10d

724 3504 1226 208 Londen Richard Southell

867 3568 2308 260 I have yours of 30 may last nod answered for want of occassi

867 3717 2341 183 haveinge sont to gand to m de sadelaer your 12 resting crespes, recea

883 3793 2320 167 red the of the 4 sold you shall have the account & vallew prere

844 3894 2365 226 first exspectinge onley to heve know the charges that are risen theres

880 3990 2328 169 att gand, as to the red clothes, I am informed that our convoij from

874 4093 2296 172 stend shall come for london againe in a short time, so please

864 4161 2306 180 to send by the same a pack to bee assorted with 4 demie p of

864 4282 2086 133 £8110a £9:- 14d of about £10 & 2 of £111

3335 207 2456 124 s.o if you have no accasion to buy red clothes for others &

3348 286 2453 140 what these should cost the dearer so would rather have non

3365 386 2354 102 butt t hope you have commissions for other handes that so

3356 430 2368 183 you, can send, my assortiment to my desire in exspectation of

3362 513 2128 201 your advise to take my measures accordingley remaine

5472 594 331 188 18 July

3257 621 927 227 london Samnel Blewitt

3388 658 2415 252 sence my last of 22 past non from you, this ouley for covtert of

3385 785 2435 212 the inelosed invoyce of a pack of tjkes, which I have sent pr bridges

3385 896 2408 192 this weeck to come for london by the first  convoy, if you please

3370 999 2434 177 to have itt lett mee have your answer without labse of time en remise

3372 1081 1850 216 for the vallew, in exspectation of your answer I rest

5477 1135 276 210 16d

4441 1223 197 139 dsiy

3280 1198 912 230 Londen Beniamin gjles

3362 1318 2431 166 in answer to yours of 16 past this well, that you have adiusted the

3373 1418 2420 166 two accounts in conformitie, the time is att present so here, that I

3373 1514 2425 169 deare meddle with no brade, for wee run a great risico in sellinge,

3370 1640 2371 147 so that I intend to sitt still, t'ill peace come, interim as to tykes

3385 1706 2334 168 they fold their prise & no hope to buy anney cheaper then

3363 1791 2355 194 by the inclosed invoyce, of a pack & N3, which I have sent to

3386 1928 2419 151 bridges to fir cootr to forward by the first convoij for london, if

3370 2007 2404 179 you pleace to accept there of fors your account shall consigue

3371 2113 2389 182 to you ou your order, as sureinge you that towards winter they

3385 2245 2367 150 shall bee dearer, haveinge payd these before I had them, &

3389 2311 2323 190 are vere the best sorts & best assorted in exspectation of your

3380 2412 622 150 answer remaine

5438 2483 309 192 17 July

3332 2541 146 104 het

3283 2520 846 206 mijn peet de lendinck

3372 2586 2371 209 naer ue vert dat ick d'eere heb gehadt ue alhier te spreken, wegens

3368 2725 2407 178 ue huys de hetel gestaen in hiod op alhier, hebbe ick die saecke

3364 2874 2449 129 wat vwoorder in consideratie genomen des te meer omdat ick verstae

3364 2904 2428 204 hebbe dat ue t'selve huys over eenige tijt soude hebben gelaeten

3389 3011 2332 192 tot ƒ 350 iaerlyckx aen mons peeters voor synen schoon sone

3376 3109 2278 199 ppr jfaque lanssen, ende dat die saecke alleen is achter gebleven

3391 3205 2328 166 om dat hy 3 maenden de huere tot sijn vooordeel vraeghde

3375 3301 2444 166 derhalven heb ick goetgedught mijne mondelinge presente

4775 3386 778 99 positivelijck geresolveert

3392 3395 2380 192 tie te veranderen inden termijn sjnde dan  i soo ue

3402 3506 2313 185 t gelieft te aenveirden ue iaerlyckx ƒ 350 te betalen voorden

3388 3634 2359 180 bermijn van 6 taenstegiaeren ofte 9 soo ue deselve belieft

3392 3719 2423 164 toebestaen, midts ick ter expireren vande 6 in tegaen te kersmis

3370 3853 2440 139 naestcomende nochtans, soo ick can te wege brenge het selve te banie

3389 3908 2380 164 te gaen bewoonen dat de huere in soodanegen gevalle

3376 4025 2370 175 vee bemis sal beginnen, hopende soo doenlijck sijn sal te

3392 4156 2340 111 bamis daer inne tegaen, & sal dan de huere van bamis

3384 4266 2295 126 beginnen maer alsoo heb soude connen gebeure
