7933 4534
2724 182 368 177 11 feb

767 190 1208 198 Exon Rich Shuckburgh

1270 307 149 99 not

927 262 2223 246 S I have writ not to you in a long time for want of

979 413 2134 178 occasion, this to advise you that bobacco is att present

945 509 2211 181 here a vere good commoditie yealdinge from 5 aƒ 36 tot

952 616 2078 209 5 aƒ46 td bane little or non or handes, butt they

950 713 2186 226 advise from England that the virginia fleet is dayely

955 837 2184 224 exspected, hopeinge the same allreaddy well in the west

949 928 2197 212 & that you shall finde a good returne in good store of new

967 1049 2220 204 brisch yallow tobacco, where of if you please to send mee

981 1133 2245 253 a par I shall doubless make a goods accompt for you, & not

960 1268 2265 241 to doe as formarley, shall bre sell them in severall parcells

2227 1384 134 75 now

951 1376 2252 222 & not by the candle because I know good & batt customers &

967 1487 2256 263 if you please to have ⅔ of the vallew shall pay that to you

758 1591 2353 234 order in london, att the arrivall of the goods att this side, I

959 1694 2223 210 thought good tho to trouble you these lines because I am

948 1814 2280 238 of opinion, that I shall doe you better service then yett ever

964 1896 2265 262 I or anney other  in thise countrye I desire a word of

1713 2062 135 71 to

1648 2046 52 90 A

953 2021 2309 234 answer here  take my measures accordingley att arrivall

957 2180 1517 182 of the virginia fleet whilst I rest

2846 2199 265 197 11d

755 2272 1002 228 Londen Christp Batt

972 2348 2232 260 I have no writt to you where as wee had butt small

932 2474 2266 202 demand of late from England, there by supposeinge

962 2573 2146 191 that yours was not great neither, att least not to

957 2677 2282 198 imploye two factors in one place, butt sence m. furnis

935 2774 2273 203 is returned for london & left this countrye & principalle

953 2877 2268 211 that lace is now vere plentie & cheap, so made bold to

960 3002 2215 189 trouble you with these lines desireinge the favour

963 3102 2221 224 of your commandes, either little or much, beenge

951 3191 2301 190 sure that you can not imploye your monney better then

952 3309 2246 181 now,  I shall doe on my side all what is possible

940 3395 2226 189 to encouridge a correspondentie with you, in lace or by

964 3478 2248 193 exx, or what elce you shall iudge profitable, shall

940 3630 2337 172 also serve you as low as possibelly is to be don in exspec=

967 3716 2322 183 =taton of the hounours of yours command remaine

2959 3797 168 107 11d

767 3774 955 226 londen fander maistre

954 3874 2236 198 depuis ma derniere dupremier cour receu lavre de

944 3955 2291 212 16 passe ii'ay accepte vre traitte, et comne il comme

950 4052 2273 217 al des gellet cespere quepeeter de wint sera bien toet icy

2255 4146 428 88 marchandiss

954 4144 2270 181 a vec vre conne woil du quelle ie me suis informe au

934 4231 2218 162 sand, et trouve que sr le veute fort sentement

5793 158 96 108 11

3460 240 2405 113 et que 4 a 5 tonneaux est assez en cette ville pour ne au

3465 295 2430 122 entiere  queles chalants tout ceux qui font de chapeau

3453 389 2399 154 tout de gens depen de consideration, oultre le prix court

3443 475 2445 159 n'est pas plus que de 5:10 ƒ60 la livre, les hollandois

3441 593 2365 130 le conny wool d hollande est icy abondant et plus estime

3459 682 2442 182 5 a 6  la livre que celle d'angleterre, raison pourquoy il

3453 789 2455 148 vous m'adviser ce que ie fairez car il vous faudre resonde

3430 868 2460 180 a la vente de prix cour, ou detenir la merchandise pour un

3442 974 2470 174 autre marche cependant les dentelles sont a preant si abons

3440 1071 2467 169 =dant & bon marche, qu'il ne faut pas sdilayer de donner

3441 1230 2445 149 vos ordres, en cas que vous avez quelque intention de m'in=

3419 1285 2037 193 =ployer a vre achapt vous saluant ie me direz

5399 1394 366 179 n tel

3343 1406 1226 231 Londentierens & longen

3437 1475 2317 288 In antwoort aenden ue van 29 eb laest ick bevinde

3393 1638 2445 227 geen reden dat ue den brief van £202:19:2 en voor mijne

3433 1741 2455 194 ick betaelt hebt & t pack tycken N3 tot myne dispositie

3433 1853 2384 165 laet, derhalven volgens 9 gber heb geschreven mj daer aen niet

3430 1928 2437 210 derobligeert houde, maer wel dat ick van ue een party goederen

3429 2068 2458 159 wil ordonneren, versoeckende den prys vande E geilimark pack lan

3429 2147 2461 195 kens te weten, om tegens het naeste convoij op ostende een pack te hebben

3434 2256 2480 192 gelieft oock te adviseren soo de virginia vloot arriveert & prjs vande

3413 2372 2287 180 besten to bacco om volgens te reguleren naer groetenisse blijv

3341 2466 610 221 Amst Rover

5591 2482 215 154 11d

3424 2529 2439 257 In antwoort aenden ue van 5 deser tis welk dat ue myn brief

3378 2707 2429 126 op londen hebt voorts gesonden & dat niet gaorge Clifford

3434 2790 2384 163 daer by laeten berusten, soo haest ue sha sal kennisse hebben

3435 2907 2353 134 van d'oncosten op anelant sal daer van notitie verwaghten

3452 2993 2403 175 het convoy van costy was tot hul aen comen met de schepen uyt

3435 3091 2463 178 schot lant & souden tot hul volgens de laeste brieven noch wel

3429 3160 2440 212 14 daegen blijven liggen & dienvolgens om dese tot wel connen

3439 3271 2372 206 vertrecken, soo is voor mij gelaeden als by de neven gaende

3441 3375 2425 204 cognossementen eerst aen boort van willem Colthulst

3433 3476 2460 182 N2 een pack inhoudende 50 dobbele witte kersyen weirdigh

3444 3589 2394 197 ƒ1000:- in tschip van Bernaert Wilkinson N8 met 10

3451 3676 2422 232 gemengelde lakens aen tegeven voor 34½ doz gutiens van

3457 3838 2335 146 a 16 & 2½ witte bayen te van a 65 tsamen weirdich

3454 3925 2430 184 ƒ 1000:- godt seynde hun salvo tgene seer geirne sal verne=

3396 4037 2506 197 =men & middelertyt den prys van cassurantte, hebbende gedach

3406 4109 2365 195 ben op ieder pack £100 te laeten teeckenen din gelegden

3409 4259 2362 110 gelieft voort ganck te geven die naer groeten bebl
