7392 4500
2542 162 566 134 21 july augis

484 179 739 185 Loven Jan de goede

599 228 2452 247 In antwoort aen ue aengenaemen van 9 deser den bode schorsels heeft mij

610 315 2418 212 gisteren getelt ƒ 127, door daer mede is noch niet voldaen het vaer 1689

619 387 2497 233 resterende van t'selve noch ƒ 5 t' gene geloove voortcompt over dagio van ƒ100

667 538 2434 156 geeus gelt en dat naer alle apparentie ue in wisselgelde sult hebben gerekent

665 631 2457 150 oversulck ue vervolgens gelieft te reguleren, ue vraeght staelen van nieuwe mode=

691 692 2413 181 coleure lakens de alderfyns te dat is wat moegelijck om doen, want die hek heden

656 771 2460 190 hebben, syn morgen vercoght, ende daer sijn tegenwoordich soo veel differente coleuren

665 859 2397 173 dat men niet weet wat doen, sulcksx dat ue wel diende selfs over te commen

668 944 2415 179 om iedts tot ue contentement het goet selfs te sien, waer in ick ue can dienen

657 1088 788 133 doen het geirne & blijve

2689 1062 272 173 21 d

477 1171 871 213 brussel Govaert ververs

644 1198 2459 239 Ick hebbe op synen tyde ontfangen ue aengenaemen van 23 july laestende dien

635 1345 2427 160 volgens in hope geweest ul hier te sien, hope het beletseh niet is voorgevallen

672 1416 2387 190 door faute van gesontheyt, nu syn alle de goederen met het laeste convoij tot

678 1501 2376 196 ostende gecommen hier gearriveert, heeft ue eenige genegentheyt met mij

683 1598 2367 169 iedts te tracteren, biede gelieft eens over te commen, ende soo het ue gelieft

681 1695 2437 168 een dach te vooren mij ue overcomptte te laeten weten, op dat ick naer advenant

689 1806 1611 169 mach thuys blyven, wenschende ue alles goods blijve.

2785 1878 95 101 d

474 1916 852 222 brussel Jan Lefebure

670 1978 2456 229 den ue van 7 deser hebbeick op syn tijde ontfangen, ende uytgestelt te antwoorde

709 2099 2364 166 omdat onse goederen met het laeste convoij tot ostende gearriveert eerst dese

697 2170 2404 203 weke hier sijn gecommen, de nieuw coleuren sijn soo different dat het moeyelijck

699 2249 2422 203 soude hebben geweest staelen te seynden & daerentussen heeft een ieder hier ten

711 2360 2362 187 arrivemente sich daer van bedient sulckx dat de meeste rariteyt al week is

706 2424 2430 211 pack lakens EE gens engelt mark hebbe ick geen als alleenelijck een wit bereyt

716 2578 2376 142 & soude moeten costen £17„10 ƒ wisselgelde a governo, waerinne ue can

706 2657 1133 159 dinst doen gelieft te commanderen

517 2753 736 245 Gent Rde buck

709 2772 2363 241 naer dat ick op 20 July lestleden aen Joff ue uysvrouwe hebbe gelevert het

2692 2887 335 179 ƒ100„5

711 2919 1735 160 super syn swart laken N.1.. a 24 ½ . a ƒ 4:10

719 3024 2399 155 te betalen in wisselgelde sonder rabat, soo en syn de coleure lakens & andere

721 3154 2412 178 goederen waer van haer als dan hebbe gesproken maer eerst dese weke & meest

667 3206 2447 214 gisteren hier gearriveert, sijnde de goederen, tegen alle eivil gebruyck tot brugge

723 3299 2390 199 over de 5 weken opgehouden & gemerckt die dien tijt, soo verre verloopen is

1480 3403 768 94 ue huys vrouwe getrecken

729 3397 2365 187 hebbe ick het laken t 80 ue niet derven toeseynden, te meer alsoo al

725 3478 2391 198 eenige goederen wat beschadight sijn, mons de weelf t andere vrijnden

723 3571 2386 204 die p engelant handelen, connen ue wel kennisse geven van dese saecke

722 3700 2399 173 wanttous noyt diergelycke preiuditie inde negetit tot brugge is aen gedaer

727 3773 2374 175 nu verwachte ick in corte dagen in een verse partije modecoleuren over

726 3862 2405 198 hollant, sal ue staelen seynden ende waert dat ick ue met dese die

725 3997 2385 147 ick bij mij noch hebbe, ofte eenige andere goederen conde dienet die

715 4106 1457 182 soo gelieft te commanderen die blijve

5510 169 339 136 21 augus

3196 164 1004 184 Helst francois de Bundel

3330 217 2407 195 Ick hebbe ue brieven van 11 & 18 deser wel ontfangen, den inhout oock well

3286 334 2521 167 verstaen sal my oock volgens reguleren ende niet alleenelijck voor mij maer sal oock

3360 473 2445 113 niet naer laeten die blieven aen differente vrinden hier te latere lesen, op dat sy

3355 541 2472 145 hun oock volgens mogen reguleren als un soodanigh cas voorvalt ende niet

3346 600 2491 174 tegenstaende, dat ick genoeghsaem bemerke & kennisse hebbe hoedanigh dese saecke

3332 711 2481 184 is, soo sal nochtans niet naerlaeten op synen bijde myn recht te vervolgen, &

3350 789 2462 176 is het soo gelyck ue schrijft dat eelck bij ue niet voorder aen sprekelijck en is

3346 916 2468 153 dan voor sijn paert & portie hcreditarr, soo heeft ue geen macht gehadt om de

3342 998 2500 150 behende 8 paerten aen iemant anders dan aen my te betalen, & dien volgens can

3346 1099 2487 140 de quitantie van s lamberty ue niet baeten, ende tegens mij tot geene voldoen

3345 1163 2510 159 ninge strecken, oversulckx braege andermael, alvoorens ick ue tot eenige costen

3350 1272 2504 151 brenge, ofte ue met discretie & goetheyt de belofde 18 deelen mij gelieft teseynde

3344 1338 2451 173 oft niet te meer terwijlen ue sich op de generaele costamen van ue lande beroept

3335 1424 2501 188 & van soodanige kenisse pretendert te hebben, soo oordeele dat ue niet onkent

3363 1553 2252 185 & is dat gij ue schultiaen niemant als aen mij moght voldoen blijve.

5462 1616 306 150 21 aug

3179 1650 1143 246 Amst gert & valer Rover

3361 1717 2423 237 In antwoort aende ue van 7 deser, het pack uyt thomas haworth gelost

3330 1820 2507 207 tardeert noch doch is gisteren tot lillo aengecommen sulckx het selve hede

3341 1935 2422 170 ofte morgen hier verwaghte gelieft op ontfanck deser te laeten alsuren

3340 2044 2501 171 van hul op rotterdam als enden voet deser, met de beste & verseherste luyde

3345 2130 2500 166 endaer om een quaertien niet aensien, echter boven de 2 ½ pc niet te besoede

3313 2239 2497 177 de bra van rotterdam adviseert my dat het convoij dagelijckx daer te gemoet

3347 2314 2489 202 woort gesien waeromme hem hebbe geordoneert ue kennisse te geven, soo haeste

3348 2444 2429 152 het selve inde maer soude binnen wesen, omdat ick verwaghte daer meedder

3359 2496 2489 204 goederen bij sullen wesen, ende dan ue apparentelyck versoecke meerder partije

3276 2595 2476 181 te laeten treckenen ue antwoort sich saturdach tegemoet & blijve.

4235 2691 1229 115 goederten in t schip van Jaques de wits

3292 2719 2165 226 Rott Abraham de Bratƒ 300: syn ƒ1800 a 2p a 2¼ uytten 2½

3196 2793 2634 219 in antwoort aende ue van 19 deser tot hul syn alreede eenige packen voor

3345 2904 2498 165 mij p costij afgelaeden aen boort passhael sontheren & Jaques de wit

3355 2989 2457 179 ende alsoo meer staen gelaeden te woorden, soo sal deswegens ue bijdelijck

3349 3109 2437 205 kennisse geven terwijlen versoecke het aen compste van t selve convoij

3332 3201 2506 224 mij op spoedighste te kennen te geven, ende oock t'selve aen d'h. geer & valer

3342 3280 2463 180 rover op amst te adviseren, als oosy ordre hebbe op het voors convoiy te

3329 3386 1543 202 doen teeckenen a governo naer groetenisse blijve

5638 3406 108 147 9

3193 3527 783 170 brussel peeter Jacobs

3345 3533 2407 283 volgens ue ordre hebbe ue heden toegesonden p beurtschip op brussel

3344 3666 2478 198 not goet aen ue vercoght in het pack van mons rijssels gelyck ick ue hebb

3343 3766 2426 202 geteyt ick doen daer geen profijt by op hope ue het selve inde prongite

3314 3851 2324 205 betalinge & andere occasie sal consederenen blijve naer groetemisse
