7947 4548
912 212 2291 125 dat ick voor naestcomende ½ meirt niet soude conne

909 271 2258 158 verhuysen in soo danigen gevalle is mijn aensoek mdat de

911 353 2258 211 hier maer te kersmis sal moeten ingaen, eghter op een

916 453 2183 200 ½ meirt oft bamis eyndigen omdat men inden winter niet

925 571 2194 187 wel verhuysen can, waer over ue resolutie mij p eersten

917 641 2228 233 gelieft te laeten weten, om my volgens te reguleren

941 756 1995 198 onder bespoech dat ue die plaetsen die noodigh moetene

919 820 2240 269 geschiedert worden sal laeten schilderen, myne betalinge

928 977 1548 193 sal wesen naer ue eygen comande blijv

2868 1000 322 203 1 July

747 1088 832 226 Gent Jan Belleman

897 1234 2238 162 In antwoort aenden ue van 16 deser seynde ue ingesloten de 2

862 1315 2298 197 quittantien de myne van ƒ200:- & die van mijne swagerinne

905 1412 2269 170 Joffrouw Bouwens van ƒ75:- & vermidts, ick verstaen hebbe dat

881 1501 2325 185 meest d'andere al voldaen sijn, soo en twijfele niet ofte dese sulle

910 1566 2241 191 terpresentatie ue betaelt worden, waer van tsucces verwaghte

936 1680 1474 202 & de weirde in ue remise alhier bljv

2859 1732 294 186 29 Juy

722 1810 1042 246 Londen Jan Kent & comp

923 1947 2292 153 mj last to you was 16 curt, then have sent you patt & instructions

934 2008 2244 202 for 2 packes of northrens clothes one of worster frises, & for some

943 2137 2204 139 spa clothes, for about 30p., now wee understand, that the

2772 2204 94 63 ety

2694 2210 70 48 Ch

917 2176 2314 182 pacquet boat that carried our letters of 9 cur is sescolt to godund

1161 2310 425 91 french capers

934 2292 2247 183 & where as I ordered then 16 spa clothes, so send you a copie of

911 2389 2281 195 that letter, as also of the patt then ordered, butt N4 beenge one

931 2483 2232 191 the same with N4 of 16 curt so need of them in all not above

925 2552 2286 225 6 p. observe that the coffie cullour beenge N 5 may bee not lighter

920 2673 2235 198 then the patt. butt rather darker, lett mee have them as soone

911 2752 2295 191 as possible, sooseinge no opportunitie of a departinge convoye for

917 2876 2258 225 holland, yett all for ostend, if that departes before anney other,

901 2998 2251 148 now have before mee yours of 30 past, god send the hulls ships

894 3085 2282 177 well over, wonderinge that theij bee not yett arrived, the more

909 3183 2243 186 because the wind hath been good these 10 dayes, your remise

922 3285 2225 215 of £250 a 33:9 on frans wellens comes notw well in time

921 3365 2252 246 about tpet cheap to worse then you might have sent mee I rest

2860 3459 301 164 20 d.

721 3512 1304 246 Amst geerd & valerte Rover

925 3581 2244 188 volgens den ue van 17 deser heb ue gedebiteert voor ƒ507:11n

923 3707 2296 171 voor de remise van ƒ 677:13 op rott als mede voorde ontfang

935 3809 2193 184 en ƒ 680:6 van wegens daniel vanden tempel court hebbende

913 3889 2339 201 myne rekeninge ontlast voor het gerenvoyeert briefe van £125:-

911 3962 2325 198 tis vremt dat vande vloot uyt engelant naer cadiz vertrocken,

894 4086 2364 186 noch geene seeckere tijdinge is, eghter wae daer iedts quaets voors valn

893 4172 2262 198 men soude dat over vranckrjck al weten, heb brief van

5731 149 95 104 19

3369 210 2418 159 meue schrijft een nak pyelakens N2 hadt gecoght ende daer

3382 257 2376 174 voore op ue court  360 hadde getrocken, & faute van

3396 345 2341 154 convoij tselve niet hadde connen aflaeden, dogh soo ick wilde

3398 435 2350 160 over t' wat haz arderen dat mendaer alle dagen gelegentheyt

3393 535 2398 163 heeft van goet weghte erygen tschepe, daerentusschen volgens ue

3391 633 2428 155 voorgaende advis soo diende het convoij naer de weser nu derwaerts

3409 704 2375 188 te wesen, eghter soo daer geene appetentie toe is, & dat men sonder

3394 804 2435 200 convoy van bremen a 5 a 3 pe cangeassureert becomen, soo laet

3377 896 2391 188 den ingesloten aen hem voorts gaen maer soo ue die expeditie over

3381 1001 2375 177 t'wat niet can raeden, & dat de assurantie bovende 3½ a 4 pt sonde

3387 1143 2301 168 loopen, soo gelieft dese brief mij te renvoyeren, maer soo de

3408 1207 2404 180 convoij haest gereet is, ofte dat ue niet veel swarigheyt vint over

3416 1293 2421 215 t' wat te resiqueren soo gelieft den briefvoorts lanck te geven onder

3384 1397 2336 196 een covert van ue, waer bij t mehue gelieft kennisse te geven,

3397 1534 2366 154 wat ue van t'selve convoij weet, ingesloten 2 cognossementen

3407 1635 2392 150 van 2 packen gelaeden tot hul te weten  N95 in t schip van

3407 1727 2380 164 thomas haworth inboudende 12 noortsche lakens & 2 baye

3398 1799 2368 177 te verclaeren voor 40½ dozyntiens van a 18 & 2 baeyen van

3408 1892 2433 211 a 65 tsamen werdigh ƒ 1350:- in tschip van beinaert willensen

3406 2011 2292 194 een pack  N115 inhoudende 32½ witte baeyn van a 65

3416 2111 2339 183 weirt ƒ 825:- ick hope die schepen voor nn behouden syn

3388 2202 2362 211 gearriveert want sij sijn 10 deser met hun convoij seylreede

3392 2296 2438 198 geweest, ten arrivemente gelieft d'expeditie als voor desen sonder

3364 2439 2467 138 tyt te versuymen te vervoordere adviserende wat passear

3359 2567 234 132 Al

5455 2615 248 153 20d

3312 2659 522 199 Rott de bra

3392 2719 2334 195 t sedert mijnen laesten van 16 deser geene van ue waer ver

3388 2820 2402 206 eghter hope het convoy van hul nu behouden binnen is

3400 2927 2394 168 om dat het selve inde 10 deser tot hul seylreede lagh &

3846 3045 97 77 et

3726 3050 112 76 de

3400 3008 2408 192 de wint gedurigh wel heeft gewaeyt godt sende het salvo

3391 3112 2372 225 voor mij is gelaeden in tschip van allander vangan

3399 3215 2432 186 een pack  N66 inhoudende 1e noortse gemeng lakens aen

3401 3361 2432 160 begeven & te verclaeren voor 41½ dosijntiens van a 18 ieder

3400 3444 2447 160 2 witte baeyen van a 65 weirdigh ƒ1000- & een pack

3408 3524 2432 166 N 103 met 32½ witte baeyen van a 65 weirt ƒ 800:- eten

3404 3629 2444 169 in t schip van anthony marsengals een pack N 192 van inhoude

3402 3782 2389 140 ende weirde gelyck N66 ingeslotende noodige cognossement

3392 3853 2430 143 sijnde ue de expeditie ten arrivemente hoogh geliyck gerecomman

3392 3939 2356 149 =deert principalijck N66: & 92 arviseert wat passeert

3376 4027 1524 172 terwijlen naer groetenisse blijve

5071 4036 718 230 hen met my
