7947 4528
2647 188 350 125 10 xber

776 192 608 206 Rott de bra

936 266 2259 140 tegens mijne verwaghtinge gesien bijden ue van 6 dese, dat

953 347 2270 169 mijn pack uyt hbber Janssen nogh niet gelost was & vreese voor

943 451 2266 158 heden noch niet sal syn versonden, dat my merckelijcke preiuditie

959 543 2248 181 doet, want soo dat goet voor kerstyt niet can vercoopen, moeten

945 663 2103 154 die vodden een geheel iaer blijven liggen, synde onderworpen

957 747 2281 186 om vande met wel midde lertyt lapgetcn te worden, can not beden

959 843 2169 198 =ken hoe dat pack soo besoout is, omdat ick aende aflaeders altjt

952 942 2272 172 soo recommandere myne goederen het laest te laeden is t'n anders

942 1067 2271 160 moet patientie hebben daerentussen bidde andermael soo op ontfanck

950 1162 2274 169 deser noch niet waere versonden die devoiren ten minsten te doen

953 1266 2151 151 dat het met het saturdaegh beurtschip ten lancketen van

925 1377 2112 142 costij vertrecke, is den schipper an blossen bo stucken traen

954 1480 2212 152 comen op dagh gelost worden & ofte die eij genaer daer toe

943 1576 2241 122 onwilligh waere, ue soude daer tegens connen protesteren, eghter

960 1672 2250 142 hope sulckx niet sal van noo de wesen & dat het pack voor nu sal syn

950 1745 2215 163 versonden, adviseert mij dogh morgen wat gepasseert is op dat

948 1862 2197 179 ick vervolgens myne mestres can neme om het te lills te

958 1957 1889 178 doen nsthalen, waermede naer groetenissel blijv

2814 2052 220 154 10d

757 2064 1103 222 gent Cori van Laveges

935 2151 2198 204 Ick hebbe op 14 pas aen ue gesonden 4 stucken wit flanel

892 2255 2291 178 bedraegende ƒ 223:- ½ & versoght dat ue daer voor een wissel

951 2375 2249 146 brief soude teeckenen op 3 a 4 maenden volgens s anterieur

2720 2439 132 88 trd

935 2464 2236 138 accord, tsedert hebbe ick van ue niet vernomeng looseynd ick he

945 2564 2185 179 egt seynde ick heden een brief aen mons herrebout tot uk

969 2668 2239 174 laste op 4 maenden te betalen, de welcke gelieft te accepter

952 2769 2167 154 &iedts voordes tot ue dinst te commandere die blin

2927 2876 165 193 9

744 2868 755 235 Amstm Rover

939 2976 2232 200 t'sedert den mijnen van 7 deser den ue van den selven dat u

956 3113 2227 178 ontfangen, waer by sien die geordonneerde 4 a 5 bale

938 3221 2196 160 spaense wolle waerengecoght tot 36 5t waer van 30p

957 3343 2099 145 bredael & d'andere 2 herwaerts gelieft te seynde ofte

930 3414 2145 166 herwaerts oock 3 soo ue alreede die noch niet hadde

931 3517 2217 162 ontfangen, want soo die wolle goetvalt compt het op

941 3632 2254 132 een baeltien niet aen dogh voor 3656 vrecke d'aldersynste

929 3747 2217 147 niet hebben sal ick ben blyde dat ue vrint op anelant 5

940 3852 2305 142 stucken laken hadt gevonden de welcke seer apparent de myse

903 3917 2304 158 sijn te meer, om dat N1084 daer bij is, dat ecn van de beste

903 4004 2319 170 stuckenir & dander & 3 langer is als een van al de rrstt

929 4132 2287 137 ende d'andere volgens de staelen accorderen, soo dat ick wwet

934 4208 2296 153 hope dat ick die vrint met de bergers sal geaccordeert wesne

3440 205 2408 177 maer van iederstuck af te suyden waer qualijck gedaen, sij conne

3450 267 2391 184 wel die 5 tsamen meten een geheel tot hunreemen, & van het het

3426 409 2421 158 tweede soo veel afrnijden als hun toecomt, ofte wilden sy met

3441 486 2392 200 gelt hun laeten uyt coopen tot ue vrint soude mogen breden

3393 574 2451 229 30 stuyvers d'alle tot 40 toe om de stucken geheel te behoude

3446 699 2333 226 ondertusschen soo ue die ter handt comen & dat sy droogh

3438 882 2396 152 sijn soolaet die cito herwaerts voortgaen al was het over

3438 938 2388 247 Rotterdam oft bredael selfs, dogh geloove d'expeditie over

3452 1045 2359 259 rotte wel de corste is, uyt vreese datse door toecommende

3431 1157 2401 275 voort wel ergen moghten gedetineert worden, doghsoosy

3437 1270 2350 272 nat sijn, soo moeten sy costj in t zoet waeter uyt gestampt

3427 1379 2380 276 worden gherraemt & geperst, geloove hun die verstaende bij

3423 1496 2434 238 ue tevonden sijn, wij hebben over eenige iaeren nogh goeden

3427 1590 2279 297 gestrant gehadt die naer Rott wilden & wirden

3423 1712 2320 290 niet meer als 3 in tgeheel gegeven voor bergh loon

3427 1859 2268 233 & lars heeren lantrecht tis vremt datter geene taese

3422 2001 2389 181 tevinden syn schir daer syn bayen gesalveert wel le tgoet

3441 2068 2362 246 dansoo verdeelt, ende gestolen heeft den heer reght tot

3435 2193 2367 218 ge sorght die niet dat alles bij een te vinden is, ofte heeft in

3449 2302 2400 235 tsalveren derschipper ofte ie mant vande syne daergeen

3427 2413 2407 272 notitie vore gesonden bidde gedaen worde wat mogelijck

3421 2507 1810 237 is & wat passeert vernuwe glirve blijv

3344 2612 538 213 Londen Kent

5361 2679 330 198 10 xb

3386 2696 2279 278 qience my last of 7 cur not iu ffrom you, butt an

3410 2855 2243 222 in fonnied as of an ostendish convoy is to come to Londons

3397 2994 2451 236 from seotland to fetch of the ships now there, yett I belave

3846 3069 250 102 thous

3405 3091 2445 261 not which if comes send 2 or 3 or more of the clothes & formarly

3400 3207 2355 266 ordered principally & above all the supertine, for I would

3406 3338 2388 211 feare have some extraordinarre new callour & abrowne

3403 3409 2352 231 offee butt no light coffee, if an amst convoy bee with

3397 3524 2458 242 you & departs p first, send 3 a 4 fine ones of them with itt

3401 3636 2413 251 wath the rest I am not to hast you have shipped N27

3394 3783 2430 199 fon Rott aboard hubert Janssen Icansed half

3391 3865 2432 225 bla ladinge to be taken ont & yett is not found there

3407 4009 2346 207 beenge about 60 p of trame olie sitved above, is that

3386 4104 2456 193 follon order nots ship goods then wheu convoyere an

3388 4234 2374 149 depart I am likele not to have the worster faile
