7289 4507
526 163 2475 128 to your content, I shall not the dra the rest, butt exspect your remises

538 238 2460 164 att your covendencie, or oider to draw, hopeing to soiwar the restt of

548 329 1388 182 your ijder next weeck whilst I rest

2318 425 508 145 19 maij 1692

360 427 979 202 Londen Jan du maistre

458 485 2573 238 depuis ma derniere de 8 cour receu la chere vre de 29 passe, cy joint facture de

2242 630 767 146 8 pour la vallens il

531 681 976 134 vre pacqnette N.6 portant &

538 680 2504 233 vous plaira me crediter, I have forwarded this day god send itt wel to you

551 874 2443 123 hope to send you next weeck one order lase becing now best all the yeare

512 962 2468 143 I have now acquantens, of anney deles in wheited browne trade att brnges,

532 1006 2502 219 my factor, or correspondent their is S raphael Coots I shall infarme of

547 1122 2481 160 him, to knoto dra who draiwe that trades advice you, no ship yett gon this

534 1189 2518 212 hier from antwerp to ostend, on londen de recteley, because vere libtle goods

533 1294 2391 215 excaveig goods coome ont to be sent that way & what compt itt send by

531 1405 2396 248 wagens yett the forst opportunitie that present shall sen them you

526 1514 2444 188 I have drawne this day on you £100  in my bill att 2 uso pay ableto the

549 1646 2428 214 order of m Jaques bofschaert att 33 „ 8 more then a pernine abore the cours

542 1761 1997 197 pray gill due honnour & be sure that I am in all occasions

2485 1901 393 164 22 may 1681

333 1878 1026 241 Londen John Kent & comp

527 1972 2439 264 sence my last of 15 cur receaved yours of  ditto & 29 past

555 2090 2464 228 as also advice, of the arrivall, of the amsterdam convoy from Hully

535 2193 2413 234 am nott a listle Barsllett startblet & concerned att itt, beinge att a

531 2342 2536 195 confusion that others shall have their goods, & I know nott what, you rott

321 2490 955 173 leit mee posctisiles

532 2463 2507 255 mee, that N 28, 22, 23, 24 & 27 should be shipped foee amst

524 2600 2488 213 & sence & do nott know upon what accompt or opinion some are shipped

508 2686 2493 244 for rotterdam, I have jound you all a longe inclined for the rotterdam

1939 2798 180 90 hadt

550 2814 2489 186 ships & yett those of amsterdam have at frequenter & better convoyers

541 2918 2534 212 then thase of rotterdam, sure your freind att hull is concerned, or hath no good

553 3033 2441 182 corresponden ie, butt I doubt you have to much the do, & that you can

538 3171 2487 202 nott performe, all your commissions, there by you seem not inclined, to serve

538 3260 2413 190 mee in commission, and baetward in performinge my orders. I have send

526 3365 2421 227 you a patterne, of filk, nott to have a staine cullour butt a

537 3477 2483 185 mixt sture upon that ground, for a cullour not mixt is nott al all

456 3623 2616 127 demanded, nay attroad mixture the onley mode, so that a staine, or I meane

527 3752 2498 146 an even cullour nott mixt should be loft to the ceall: defire

546 3816 2485 196 phn le send med pattar when new clldins apleare, and

523 3923 2479 213 the Amsterdam convoy heengreaddy to coom frim

533 4024 2522 221 London, donbt not but you have shipped some wad

525 4186 2411 164 Ivonder you make no men hin of goods readd

3285 146 2498 124 for ostendi & the rest of my orders. I seee the ex is

3281 225 2145 204 yett afalling, so vermitt mee rnst yett

3292 342 2554 197 when you hae spanish cloths for holland,& that you should loose

3274 455 2542 195 the opportunitie, oft the convoye, forwant of dozens, so forward

3307 598 2518 145 the spanish cloths without dozms. wee have advice that Jan

3280 686 2473 193 bart of duynkerke gett att Dea, so that no small ffeare for the

3277 767 2515 217 rotterdam convoy, when I order goods in the nord, to be shipped for

3270 932 2553 175 Amsterdam & rotterdam, is nott to have al with one convoye, butt with

3284 1065 2553 181 each   sortimment, least, of anney misfortune I should nott be to

3287 1178 2566 176 much to want of goods, now the amsterdam convoye beinge come hath brons

3276 1309 2550 170 butt N. 108. 21, & 24 of the latter haveinge, no not bill of loading cydt

3285 1424 2544 207 so what assortiment is that if the rotterdam convoy should ben last, &

3280 1518 2535 201 my for balles of cloth, hath you shipped att leaft N. 23 & 23 far amst

5459 1639 260 74 tries dan

3602 1658 100 92 stl

3494 1666 107 83 M9

3287 1661 2548 165 that my have served, the rotterdam convoy was nott arrived, thesse y th

3291 1819 2504 131 last, & sence wee have had continualley castherley windes, so kan nott

3290 1861 2499 216 come t now god send them wel for and soone over or elee jamant out

3289 1996 1575 155 tegen brieft van kent is niet vooris gelgaen

5191 2054 422 190 22 maij

3109 2075 1090 217 Amst geert ovaler Rover

3266 2179 2586 218 t sedert mijnen van 19 deser den ue vanden selven ditto becommen godt laf

3262 2338 2603 147 dat het hills convoy, costy behouden gearriveert is, doch is mij uytterlijck

3277 2441 2525 164 leet die quaede directie tot hul int aflaeden der goederen, en dat op een bloot

3265 2539 2545 155 gerucht sonder sekerheyt, aloft de convoyers, met descottte schepen sonder

3241 2667 2616 154 die van hull soude syn vertrocken, ick ben voorlede iaer oock soo gevaren

3287 2749 2571 171 ende daer door het ongeluck gehadt, met het rotterdams convoij b packen

3279 2850 2533 204 voor 3 te verliesen, godt wille nu beter voyagie geven, is echter niet houder

3284 2954 2572 197 aehterdencken alsoo sij maer een convoij schip hebben, ende ian lart insee is

3277 3058 2574 206 Ick en twijfele niet, oft ue heeft de £ 200 laeten assureren d'expeditie van

3228 3179 2626 185 de geurniveerde packen, is ue uytterlyck gerecomandeer t sijnde N. 108 met

3277 3277 2532 239 peeter wjngaert, waer van nochtans de gadette geen mentie maeckt N.21

3281 3400 2527 193 met thomas havorth, seker is N. 14 oock geloeden, doch hebbe daer

3299 3469 2562 220 van geen sekerheyt als mede niet van N. 38, synde vanden selven inhout

3286 3619 2471 200 en qualiteyt als N108, & N. 39 met 1½ witten bay van a 65 & 18

3282 3706 2515 197 dosijntiens van 18 a weirt samen ƒ 500:- oft die non oock p costy

3292 3801 2576 225 of rotter. sijn af gelaeden hebbe noch te vernemen soo ue deselve voorcome

3303 3976 2559 120 gelieftn met alle eexpeditie voorts te helpen vernemende geirnewat

3307 4081 2456 104 deswegens salt bevinden, als mede wanneer, & wat dach die

3300 4132 2437 160 schepen van hull sijn vertrocken, alsoott 10 deses soo men mij

3317 4222 2427 123 schrijft van daer voor hun geen apparentie was wijders, ofte in
