<?xml version="1.0" encoding="UTF-8"?>
<alto xmlns:xsi="http://www.w3.org/2001/XMLSchema-instance"
      xmlns="http://www.loc.gov/standards/alto/ns-v4#"
      xmlns:page="http://schema.primaresearch.org/PAGE/gts/pagecontent/2013-07-15"
      xsi:schemaLocation="http://www.loc.gov/standards/alto/ns-v4# https://www.loc.gov/standards/alto/v4/alto.xsd">
   <Description>
      <MeasurementUnit>pixel</MeasurementUnit>
      <OCRProcessing ID="IdOcr">
         <ocrProcessingStep>
            <processingDateTime>2022-02-04T12:20:58.432+01:00</processingDateTime>
            <processingSoftware>
               <softwareCreator>READ COOP</softwareCreator>
               <softwareName>Transkribus</softwareName>
            </processingSoftware>
         </ocrProcessingStep>
      </OCRProcessing>
   </Description>
   <Layout>
      <Page ID="Page1" PHYSICAL_IMG_NR="1" HEIGHT="4548" WIDTH="7892">
         <TopMargin HEIGHT="0" WIDTH="7892" VPOS="0" HPOS="0"/>
         <LeftMargin HEIGHT="4548" WIDTH="0" VPOS="0" HPOS="0"/>
         <RightMargin HEIGHT="4548" WIDTH="0" VPOS="0" HPOS="7892"/>
         <BottomMargin HEIGHT="0" WIDTH="7892" VPOS="4548" HPOS="0"/>
         <PrintSpace HEIGHT="4548" WIDTH="7892" VPOS="0" HPOS="0">
            <TextBlock ID="region_1638975185272_11758"
                       HEIGHT="4259"
                       WIDTH="2594"
                       VPOS="152"
                       HPOS="674">
               <Shape>
                  <Polygon POINTS="674,152 3268,152 3268,4411 674,4411"/>
               </Shape>
               <TextLine ID="region_1638975185272_11758l1"
                         BASELINE="2756,288 2781,290 2807,290 2833,290 2859,290 2885,289 2910,287 2936,285 2962,282 2988,278 3014,274 3040,270"
                         HEIGHT="98"
                         WIDTH="319"
                         VPOS="219"
                         HPOS="2737">
                  <String ID="string_region_1638975185272_11758l1"
                          HEIGHT="98"
                          WIDTH="319"
                          VPOS="219"
                          HPOS="2737"
                          CONTENT="22 mey"/>
               </TextLine>
               <TextLine ID="region_1638975185272_11758l2"
                         BASELINE="760,356 807,354 855,352 903,350 950,348 998,345 1046,341 1093,337 1141,333 1189,329 1237,325 1284,320 1332,316 1380,312 1427,309 1475,305 1523,301 1570,297 1618,295 1666,292 1714,290"
                         HEIGHT="177"
                         WIDTH="990"
                         VPOS="229"
                         HPOS="739">
                  <String ID="string_region_1638975185272_11758l2"
                          HEIGHT="177"
                          WIDTH="990"
                          VPOS="229"
                          HPOS="739"
                          CONTENT="brussel Peet vallyn"/>
               </TextLine>
               <TextLine ID="region_1638975185272_11758l3"
                         BASELINE="924,444 1038,432 1152,423 1266,414 1380,406 1495,398 1609,392 1723,386 1837,380 1951,376 2066,372 2180,369 2294,366 2408,364 2522,363 2637,362 2751,360 2865,360 2979,360 3093,360 3208,360"
                         HEIGHT="212"
                         WIDTH="2314"
                         VPOS="254"
                         HPOS="908">
                  <String ID="string_region_1638975185272_11758l3"
                          HEIGHT="212"
                          WIDTH="2314"
                          VPOS="254"
                          HPOS="908"
                          CONTENT="naer dat eenige daegen heb uytter stadt geweest bevinde my"/>
               </TextLine>
               <TextLine ID="region_1638975185272_11758l4"
                         BASELINE="952,526 1067,518 1183,512 1299,505 1414,497 1530,490 1646,483 1761,478 1877,471 1993,466 2109,460 2224,455 2340,452 2456,447 2571,444 2687,442 2803,440 2918,438 3034,436 3150,437 3266,438"
                         HEIGHT="191"
                         WIDTH="2348"
                         VPOS="356"
                         HPOS="933">
                  <String ID="string_region_1638975185272_11758l4"
                          HEIGHT="191"
                          WIDTH="2348"
                          VPOS="356"
                          HPOS="933"
                          CONTENT="vercert met den ue van 17 deser, waer by gesien ue sincen"/>
               </TextLine>
               <TextLine ID="region_1638975185272_11758l5"
                         BASELINE="944,608 1058,602 1173,595 1287,589 1402,583 1516,578 1631,572 1745,568 1860,563 1974,558 2089,554 2203,550 2318,546 2432,542 2547,538 2661,534 2776,532 2890,528 3005,526 3119,523 3234,520"
                         HEIGHT="214"
                         WIDTH="2324"
                         VPOS="449"
                         HPOS="927">
                  <String ID="string_region_1638975185272_11758l5"
                          HEIGHT="214"
                          WIDTH="2324"
                          VPOS="449"
                          HPOS="927"
                          CONTENT="genegentheyt om mij promptelyck te betaelen tot den laeste"/>
               </TextLine>
               <TextLine ID="region_1638975185272_11758l6"
                         BASELINE="946,704 1060,697 1174,692 1288,686 1402,681 1517,675 1631,670 1745,666 1859,662 1973,657 2088,653 2202,648 2316,644 2430,641 2544,636 2659,632 2773,628 2887,624 3001,620 3115,614 3230,610"
                         HEIGHT="190"
                         WIDTH="2318"
                         VPOS="545"
                         HPOS="929">
                  <String ID="string_region_1638975185272_11758l6"
                          HEIGHT="190"
                          WIDTH="2318"
                          VPOS="545"
                          HPOS="929"
                          CONTENT="stuyver inclus dat mij seer aengenaem is oock hebbe ick"/>
               </TextLine>
               <TextLine ID="region_1638975185272_11758l7"
                         BASELINE="922,796 1038,792 1155,786 1272,782 1389,776 1506,770 1622,766 1739,760 1856,755 1973,749 2090,745 2206,739 2323,734 2440,729 2557,724 2674,718 2790,714 2907,710 3024,705 3141,700 3258,696"
                         HEIGHT="180"
                         WIDTH="2369"
                         VPOS="643"
                         HPOS="905">
                  <String ID="string_region_1638975185272_11758l7"
                          HEIGHT="180"
                          WIDTH="2369"
                          VPOS="643"
                          HPOS="905"
                          CONTENT="noyt daer aen getwijfelt, maer hope gehadt van eene grooten"/>
               </TextLine>
               <TextLine ID="region_1638975185272_11758l8"
                         BASELINE="938,890 1049,886 1160,880 1271,876 1382,870 1493,866 1604,862 1715,856 1826,852 1937,847 2048,842 2159,837 2270,832 2381,828 2492,822 2603,817 2714,812 2825,807 2936,801 3047,796 3158,790"
                         HEIGHT="191"
                         WIDTH="2254"
                         VPOS="724"
                         HPOS="919">
                  <String ID="string_region_1638975185272_11758l8"
                          HEIGHT="191"
                          WIDTH="2254"
                          VPOS="724"
                          HPOS="919"
                          CONTENT="&amp; betere correspondentie, dan terwijlen godt sulckx anders"/>
               </TextLine>
               <TextLine ID="region_1638975185272_11758l9"
                         BASELINE="944,984 1055,977 1166,972 1277,966 1389,960 1500,956 1611,951 1723,945 1834,940 1945,936 2057,931 2168,927 2279,922 2390,918 2502,912 2613,909 2724,904 2836,900 2947,895 3058,890 3170,886"
                         HEIGHT="207"
                         WIDTH="2260"
                         VPOS="803"
                         HPOS="925">
                  <String ID="string_region_1638975185272_11758l9"
                          HEIGHT="207"
                          WIDTH="2260"
                          VPOS="803"
                          HPOS="925"
                          CONTENT="disponeert &amp; te meer om dat ue in deliberatie is van ue de"/>
               </TextLine>
               <TextLine ID="region_1638975185272_11758l10"
                         BASELINE="948,1096 1059,1089 1171,1081 1282,1074 1394,1066 1505,1060 1617,1051 1728,1046 1840,1038 1951,1033 2063,1026 2174,1019 2286,1014 2397,1008 2509,1004 2620,999 2732,995 2843,992 2955,988 3066,986 3178,984"
                         HEIGHT="187"
                         WIDTH="2260"
                         VPOS="943"
                         HPOS="932">
                  <String ID="string_region_1638975185272_11758l10"
                          HEIGHT="187"
                          WIDTH="2260"
                          VPOS="943"
                          HPOS="932"
                          CONTENT="negotie te staecken, soo sal het ue geene preinditie syn"/>
               </TextLine>
               <TextLine ID="region_1638975185272_11758l11"
                         BASELINE="922,1192 1034,1183 1147,1175 1260,1167 1373,1160 1486,1154 1598,1148 1711,1140 1824,1136 1937,1129 2050,1124 2162,1120 2275,1114 2388,1109 2501,1106 2614,1100 2726,1097 2839,1092 2952,1087 3065,1084 3178,1078"
                         HEIGHT="230"
                         WIDTH="2284"
                         VPOS="1007"
                         HPOS="906">
                  <String ID="string_region_1638975185272_11758l11"
                          HEIGHT="230"
                          WIDTH="2284"
                          VPOS="1007"
                          HPOS="906"
                          CONTENT="volgens ue presentatie de weirde van mijne pretensie"/>
               </TextLine>
               <TextLine ID="region_1638975185272_11758l12"
                         BASELINE="948,1286 1060,1275 1172,1264 1284,1256 1397,1248 1509,1241 1621,1235 1734,1229 1846,1224 1958,1218 2071,1214 2183,1210 2295,1206 2407,1202 2520,1198 2632,1196 2744,1191 2857,1188 2969,1183 3081,1178 3194,1174"
                         HEIGHT="209"
                         WIDTH="2279"
                         VPOS="1085"
                         HPOS="930">
                  <String ID="string_region_1638975185272_11758l12"
                          HEIGHT="209"
                          WIDTH="2279"
                          VPOS="1085"
                          HPOS="930"
                          CONTENT="in goede lakenen in assurantie te geven, &amp; ben te vreden"/>
               </TextLine>
               <TextLine ID="region_1638975185272_11758l13"
                         BASELINE="948,1378 1057,1367 1166,1358 1276,1350 1385,1342 1495,1335 1604,1329 1713,1324 1823,1318 1932,1314 2042,1310 2151,1306 2260,1302 2370,1300 2479,1296 2589,1292 2698,1288 2807,1285 2917,1281 3026,1276 3136,1272"
                         HEIGHT="207"
                         WIDTH="2220"
                         VPOS="1182"
                         HPOS="931">
                  <String ID="string_region_1638975185272_11758l13"
                          HEIGHT="207"
                          WIDTH="2220"
                          VPOS="1182"
                          HPOS="931"
                          CONTENT="die te aenveirden op conditie dat ue mij binnen den tyt van"/>
               </TextLine>
               <TextLine ID="region_1638975185272_11758l14"
                         BASELINE="962,1470 1074,1458 1187,1447 1300,1439 1412,1432 1525,1424 1638,1419 1750,1416 1863,1412 1976,1408 2089,1406 2201,1403 2314,1400 2427,1398 2539,1396 2652,1392 2765,1390 2877,1386 2990,1380 3103,1374 3216,1368"
                         HEIGHT="206"
                         WIDTH="2282"
                         VPOS="1294"
                         HPOS="946">
                  <String ID="string_region_1638975185272_11758l14"
                          HEIGHT="206"
                          WIDTH="2282"
                          VPOS="1294"
                          HPOS="946"
                          CONTENT="3 a 4 maenden in gelde sal betaelen, ofte gedrogen, dat"/>
               </TextLine>
               <TextLine ID="region_1638975185272_11758l15"
                         BASELINE="964,1564 1070,1555 1177,1547 1283,1541 1390,1534 1497,1528 1603,1523 1710,1518 1816,1514 1923,1512 2030,1508 2136,1504 2243,1502 2349,1498 2456,1496 2563,1492 2669,1489 2776,1486 2882,1482 2989,1478 3096,1472"
                         HEIGHT="204"
                         WIDTH="2162"
                         VPOS="1394"
                         HPOS="946">
                  <String ID="string_region_1638975185272_11758l15"
                          HEIGHT="204"
                          WIDTH="2162"
                          VPOS="1394"
                          HPOS="946"
                          CONTENT="ick naer d'expiratie van die termijn de goederen tot ue"/>
               </TextLine>
               <TextLine ID="region_1638975185272_11758l16"
                         BASELINE="2614,1534 2641,1536 2668,1536 2695,1535 2722,1533 2749,1530 2776,1528"
                         HEIGHT="77"
                         WIDTH="195"
                         VPOS="1484"
                         HPOS="2598">
                  <String ID="string_region_1638975185272_11758l16"
                          HEIGHT="77"
                          WIDTH="195"
                          VPOS="1484"
                          HPOS="2598"
                          CONTENT="welck"/>
               </TextLine>
               <TextLine ID="region_1638975185272_11758l17"
                         BASELINE="964,1660 1075,1650 1187,1642 1299,1636 1411,1630 1523,1624 1635,1620 1747,1616 1859,1612 1971,1610 2083,1606 2194,1602 2306,1600 2418,1596 2530,1592 2642,1588 2754,1584 2866,1578 2978,1572 3090,1563 3202,1556"
                         HEIGHT="173"
                         WIDTH="2268"
                         VPOS="1500"
                         HPOS="948">
                  <String ID="string_region_1638975185272_11758l17"
                          HEIGHT="173"
                          WIDTH="2268"
                          VPOS="1500"
                          HPOS="948"
                          CONTENT="schaede ofte baete magh vercoopen, waer toe soo ue bll"/>
               </TextLine>
               <TextLine ID="region_1638975185272_11758l18"
                         BASELINE="950,1758 1060,1750 1171,1742 1282,1737 1393,1731 1504,1726 1615,1720 1726,1715 1837,1711 1948,1706 2059,1702 2169,1699 2280,1695 2391,1692 2502,1688 2613,1684 2724,1680 2835,1676 2946,1672 3057,1666 3168,1662"
                         HEIGHT="238"
                         WIDTH="2251"
                         VPOS="1581"
                         HPOS="932">
                  <String ID="string_region_1638975185272_11758l18"
                          HEIGHT="238"
                          WIDTH="2251"
                          VPOS="1581"
                          HPOS="932"
                          CONTENT="belieft te accepteren wete niemant beter als Mons"/>
               </TextLine>
               <TextLine ID="region_1638975185272_11758l19"
                         BASELINE="944,1864 1053,1855 1163,1847 1273,1839 1383,1832 1493,1827 1602,1821 1712,1816 1822,1812 1932,1808 2042,1804 2151,1800 2261,1796 2371,1792 2481,1788 2591,1784 2700,1780 2810,1776 2920,1771 3030,1766 3140,1760"
                         HEIGHT="203"
                         WIDTH="2222"
                         VPOS="1690"
                         HPOS="929">
                  <String ID="string_region_1638975185272_11758l19"
                          HEIGHT="203"
                          WIDTH="2222"
                          VPOS="1690"
                          HPOS="929"
                          CONTENT="Rousseau te employeren vermidts hij een seer discreet"/>
               </TextLine>
               <TextLine ID="region_1638975185272_11758l20"
                         BASELINE="1956,1854 1981,1851 2007,1850 2032,1848 2058,1848 2083,1846 2109,1846 2134,1844 2160,1844 2186,1844 2211,1843 2237,1842 2262,1840 2288,1840 2313,1838 2339,1836 2364,1834 2390,1832 2416,1828"
                         HEIGHT="82"
                         WIDTH="492"
                         VPOS="1791"
                         HPOS="1940">
                  <String ID="string_region_1638975185272_11758l20"
                          HEIGHT="82"
                          WIDTH="492"
                          VPOS="1791"
                          HPOS="1940"
                          CONTENT="2n wiens hes"/>
               </TextLine>
               <TextLine ID="region_1638975185272_11758l21"
                         BASELINE="936,1962 1048,1953 1160,1945 1273,1938 1385,1930 1498,1924 1610,1918 1722,1912 1835,1906 1947,1902 2060,1896 2172,1892 2284,1887 2397,1882 2509,1877 2622,1872 2734,1866 2846,1860 2959,1855 3071,1848 3184,1842"
                         HEIGHT="217"
                         WIDTH="2279"
                         VPOS="1770"
                         HPOS="920">
                  <String ID="string_region_1638975185272_11758l21"
                          HEIGHT="217"
                          WIDTH="2279"
                          VPOS="1770"
                          HPOS="920"
                          CONTENT="man is, ende aen ue bekent, in wiens handen ue gelieft die"/>
               </TextLine>
               <TextLine ID="region_1638975185272_11758l22"
                         BASELINE="924,2056 1034,2049 1144,2042 1254,2036 1364,2030 1474,2024 1584,2016 1694,2011 1804,2004 1914,1998 2025,1992 2135,1987 2245,1981 2355,1977 2465,1972 2575,1967 2685,1962 2795,1957 2905,1952 3015,1949 3126,1944"
                         HEIGHT="246"
                         WIDTH="2237"
                         VPOS="1872"
                         HPOS="907">
                  <String ID="string_region_1638975185272_11758l22"
                          HEIGHT="246"
                          WIDTH="2237"
                          VPOS="1872"
                          HPOS="907"
                          CONTENT="goederen te bestellen, gevende daer van een pertinente"/>
               </TextLine>
               <TextLine ID="region_1638975185272_11758l23"
                         BASELINE="926,2140 1037,2133 1148,2126 1259,2119 1370,2114 1482,2108 1593,2102 1704,2097 1815,2092 1926,2087 2038,2083 2149,2078 2260,2074 2371,2070 2482,2064 2594,2060 2705,2055 2816,2051 2927,2046 3038,2039 3150,2034"
                         HEIGHT="206"
                         WIDTH="2256"
                         VPOS="1961"
                         HPOS="911">
                  <String ID="string_region_1638975185272_11758l23"
                          HEIGHT="206"
                          WIDTH="2256"
                          VPOS="1961"
                          HPOS="911"
                          CONTENT="notitie van ieder stuck heel ofte half medt den numbro"/>
               </TextLine>
               <TextLine ID="region_1638975185272_11758l24"
                         BASELINE="946,2230 1059,2226 1173,2220 1287,2216 1400,2212 1514,2206 1628,2201 1741,2196 1855,2190 1969,2185 2083,2180 2196,2174 2310,2169 2424,2164 2537,2157 2651,2152 2765,2146 2878,2141 2992,2134 3106,2129 3220,2124"
                         HEIGHT="211"
                         WIDTH="2309"
                         VPOS="2052"
                         HPOS="928">
                  <String ID="string_region_1638975185272_11758l24"
                          HEIGHT="211"
                          WIDTH="2309"
                          VPOS="2052"
                          HPOS="928"
                          CONTENT="lenghde &amp; prijs gelijck die ue costen, het waere best dat"/>
               </TextLine>
               <TextLine ID="region_1638975185272_11758l25"
                         BASELINE="946,2326 1058,2326 1171,2324 1284,2322 1397,2319 1510,2315 1622,2311 1735,2306 1848,2300 1961,2295 2074,2288 2186,2282 2299,2275 2412,2268 2525,2262 2638,2255 2750,2248 2863,2242 2976,2237 3089,2232 3202,2226"
                         HEIGHT="226"
                         WIDTH="2293"
                         VPOS="2146"
                         HPOS="927">
                  <String ID="string_region_1638975185272_11758l25"
                          HEIGHT="226"
                          WIDTH="2293"
                          VPOS="2146"
                          HPOS="927"
                          CONTENT="ue de heele stucken over leverde, ofte soo eenige halve"/>
               </TextLine>
               <TextLine ID="region_1638975185272_11758l26"
                         BASELINE="942,2428 1052,2424 1163,2420 1273,2416 1384,2412 1495,2406 1605,2402 1716,2398 1826,2394 1937,2389 2048,2385 2158,2381 2269,2376 2379,2371 2490,2366 2601,2361 2711,2357 2822,2350 2932,2346 3043,2341 3154,2334"
                         HEIGHT="218"
                         WIDTH="2246"
                         VPOS="2237"
                         HPOS="922">
                  <String ID="string_region_1638975185272_11758l26"
                          HEIGHT="218"
                          WIDTH="2246"
                          VPOS="2237"
                          HPOS="922"
                          CONTENT="ofte begonste sijn laet die niet ue loot aende eynden"/>
               </TextLine>
               <TextLine ID="region_1638975185272_11758l27"
                         BASELINE="928,2520 1042,2516 1156,2512 1270,2508 1385,2506 1499,2502 1613,2498 1728,2496 1842,2492 1956,2490 2071,2486 2185,2484 2299,2480 2413,2476 2528,2471 2642,2466 2756,2460 2871,2454 2985,2448 3099,2439 3214,2430"
                         HEIGHT="163"
                         WIDTH="2316"
                         VPOS="2386"
                         HPOS="910">
                  <String ID="string_region_1638975185272_11758l27"
                          HEIGHT="163"
                          WIDTH="2316"
                          VPOS="2386"
                          HPOS="910"
                          CONTENT="segelen &amp; seynt mij eene facture daer van, &amp; aen Mons"/>
               </TextLine>
               <TextLine ID="region_1638975185272_11758l28"
                         BASELINE="948,2624 1060,2617 1173,2611 1286,2606 1399,2602 1512,2598 1624,2596 1737,2593 1850,2590 1963,2588 2076,2586 2188,2582 2301,2580 2414,2576 2527,2572 2640,2566 2752,2560 2865,2553 2978,2544 3091,2534 3204,2524"
                         HEIGHT="223"
                         WIDTH="2289"
                         VPOS="2447"
                         HPOS="931">
                  <String ID="string_region_1638975185272_11758l28"
                          HEIGHT="223"
                          WIDTH="2289"
                          VPOS="2447"
                          HPOS="931"
                          CONTENT="Rousseau een spetie van inventaris, op dat ick want ick"/>
               </TextLine>
               <TextLine ID="region_1638975185272_11758l29"
                         BASELINE="922,2722 1036,2716 1151,2711 1266,2707 1381,2702 1496,2700 1611,2696 1726,2693 1841,2690 1956,2688 2071,2686 2185,2682 2300,2679 2415,2676 2530,2673 2645,2669 2760,2665 2875,2661 2990,2655 3105,2650 3220,2644"
                         HEIGHT="166"
                         WIDTH="2327"
                         VPOS="2583"
                         HPOS="907">
                  <String ID="string_region_1638975185272_11758l29"
                          HEIGHT="166"
                          WIDTH="2327"
                          VPOS="2583"
                          HPOS="907"
                          CONTENT="wil al doen wat mogelijck is om ue buyten schaede te"/>
               </TextLine>
               <TextLine ID="region_1638975185272_11758l30"
                         BASELINE="938,2812 1052,2808 1167,2804 1282,2802 1397,2799 1512,2796 1627,2794 1742,2792 1857,2788 1972,2786 2087,2784 2201,2782 2316,2780 2431,2777 2546,2774 2661,2772 2776,2769 2891,2766 3006,2762 3121,2760 3236,2756"
                         HEIGHT="195"
                         WIDTH="2330"
                         VPOS="2653"
                         HPOS="921">
                  <String ID="string_region_1638975185272_11758l30"
                          HEIGHT="195"
                          WIDTH="2330"
                          VPOS="2653"
                          HPOS="921"
                          CONTENT="houden gelijck ick dan oock van ue in myn regarde ver="/>
               </TextLine>
               <TextLine ID="region_1638975185272_11758l31"
                         BASELINE="952,2920 1064,2915 1177,2910 1290,2906 1403,2901 1516,2896 1628,2892 1741,2889 1854,2886 1967,2882 2080,2879 2192,2876 2305,2874 2418,2871 2531,2870 2644,2868 2756,2866 2869,2866 2982,2864 3095,2864 3208,2864"
                         HEIGHT="185"
                         WIDTH="2286"
                         VPOS="2766"
                         HPOS="937">
                  <String ID="string_region_1638975185272_11758l31"
                          HEIGHT="185"
                          WIDTH="2286"
                          VPOS="2766"
                          HPOS="937"
                          CONTENT="=waghte hebbende daerom aen mons lion geschreven"/>
               </TextLine>
               <TextLine ID="region_1638975185272_11758l32"
                         BASELINE="944,3022 1056,3012 1168,3002 1281,2996 1393,2990 1506,2986 1618,2983 1730,2980 1843,2978 1955,2976 2068,2974 2180,2974 2292,2974 2405,2972 2517,2972 2630,2970 2742,2968 2854,2966 2967,2964 3079,2960 3192,2954"
                         HEIGHT="192"
                         WIDTH="2279"
                         VPOS="2866"
                         HPOS="928">
                  <String ID="string_region_1638975185272_11758l32"
                          HEIGHT="192"
                          WIDTH="2279"
                          VPOS="2866"
                          HPOS="928"
                          CONTENT="de saecke niet tintenteren blijve verwaghtende het vol"/>
               </TextLine>
               <TextLine ID="region_1638975185272_11758l33"
                         BASELINE="964,3108 1029,3106 1094,3102 1159,3100 1224,3097 1290,3095 1355,3091 1420,3090 1485,3087 1550,3085 1616,3082 1681,3082 1746,3080 1811,3078 1876,3077 1942,3076 2007,3076 2072,3074 2137,3074 2202,3074 2268,3074"
                         HEIGHT="179"
                         WIDTH="1333"
                         VPOS="2989"
                         HPOS="949">
                  <String ID="string_region_1638975185272_11758l33"
                          HEIGHT="179"
                          WIDTH="1333"
                          VPOS="2989"
                          HPOS="949"
                          CONTENT="brenge voors naer groetenisse"/>
               </TextLine>
               <TextLine ID="region_1638975185272_11758l34"
                         BASELINE="2844,3152 2869,3155 2894,3159 2919,3160 2944,3160 2970,3159 2995,3156 3020,3153 3045,3146 3070,3139 3096,3132"
                         HEIGHT="200"
                         WIDTH="290"
                         VPOS="3001"
                         HPOS="2825">
                  <String ID="string_region_1638975185272_11758l34"
                          HEIGHT="200"
                          WIDTH="290"
                          VPOS="3001"
                          HPOS="2825"
                          CONTENT="22d"/>
               </TextLine>
               <TextLine ID="region_1638975185272_11758l35"
                         BASELINE="788,3252 816,3252 845,3252 874,3250 902,3250 931,3250 960,3248 988,3248 1017,3246 1046,3246 1075,3244 1103,3243 1132,3241 1161,3238 1189,3238 1218,3236 1247,3233 1275,3231 1304,3230 1333,3228 1362,3226"
                         HEIGHT="168"
                         WIDTH="607"
                         VPOS="3129"
                         HPOS="771">
                  <String ID="string_region_1638975185272_11758l35"
                          HEIGHT="168"
                          WIDTH="607"
                          VPOS="3129"
                          HPOS="771"
                          CONTENT="brussel Lion"/>
               </TextLine>
               <TextLine ID="region_1638975185272_11758l36"
                         BASELINE="940,3370 1052,3356 1165,3346 1277,3335 1390,3328 1503,3320 1615,3316 1728,3312 1840,3307 1953,3304 2066,3302 2178,3299 2291,3296 2403,3294 2516,3292 2629,3290 2741,3286 2854,3282 2966,3278 3079,3271 3192,3264"
                         HEIGHT="218"
                         WIDTH="2286"
                         VPOS="3197"
                         HPOS="922">
                  <String ID="string_region_1638975185272_11758l36"
                          HEIGHT="218"
                          WIDTH="2286"
                          VPOS="3197"
                          HPOS="922"
                          CONTENT="In antwoort aenden ue van 19 deser seynde ingesloten"/>
               </TextLine>
               <TextLine ID="region_1638975185272_11758l37"
                         BASELINE="944,3454 1059,3446 1174,3439 1290,3434 1405,3428 1521,3422 1636,3419 1751,3414 1867,3411 1982,3408 2098,3405 2213,3401 2328,3398 2444,3394 2559,3390 2675,3384 2790,3380 2905,3374 3021,3366 3136,3359 3252,3350"
                         HEIGHT="189"
                         WIDTH="2336"
                         VPOS="3268"
                         HPOS="927">
                  <String ID="string_region_1638975185272_11758l37"
                          HEIGHT="189"
                          WIDTH="2336"
                          VPOS="3268"
                          HPOS="927"
                          CONTENT="den brief van mons vallyn aen mij gest die ick oordeeln"/>
               </TextLine>
               <TextLine ID="region_1638975185272_11758l38"
                         BASELINE="948,3550 1062,3541 1176,3534 1290,3530 1404,3524 1519,3520 1633,3518 1747,3516 1861,3514 1975,3512 2090,3510 2204,3510 2318,3508 2432,3504 2546,3500 2661,3496 2775,3490 2889,3484 3003,3475 3117,3464 3232,3452"
                         HEIGHT="166"
                         WIDTH="2314"
                         VPOS="3396"
                         HPOS="932">
                  <String ID="string_region_1638975185272_11758l38"
                          HEIGHT="166"
                          WIDTH="2314"
                          VPOS="3396"
                          HPOS="932"
                          CONTENT="de handt vanden &amp; vastelyck aenneme voor de handt van"/>
               </TextLine>
               <TextLine ID="region_1638975185272_11758l39"
                         BASELINE="968,3638 1082,3631 1196,3624 1310,3620 1424,3616 1539,3612 1653,3608 1767,3606 1881,3602 1995,3600 2110,3597 2224,3594 2338,3591 2452,3588 2566,3584 2681,3579 2795,3574 2909,3568 3023,3560 3137,3552 3252,3544"
                         HEIGHT="159"
                         WIDTH="2318"
                         VPOS="3503"
                         HPOS="951">
                  <String ID="string_region_1638975185272_11758l39"
                          HEIGHT="159"
                          WIDTH="2318"
                          VPOS="3503"
                          HPOS="951"
                          CONTENT="p vallyn den ouden evenwel op dat ue de saecke volcoment"/>
               </TextLine>
               <TextLine ID="region_1638975185272_11758l40"
                         BASELINE="976,3734 1090,3725 1204,3719 1318,3712 1433,3706 1547,3702 1661,3698 1776,3694 1890,3692 2004,3688 2119,3686 2233,3683 2347,3680 2461,3678 2576,3674 2690,3670 2804,3665 2919,3658 3033,3652 3147,3644 3262,3634"
                         HEIGHT="196"
                         WIDTH="2318"
                         VPOS="3587"
                         HPOS="960">
                  <String ID="string_region_1638975185272_11758l40"
                          HEIGHT="196"
                          WIDTH="2318"
                          VPOS="3587"
                          HPOS="960"
                          CONTENT="lyck soude geinformeert worden, soo seynde ick ue hier inge"/>
               </TextLine>
               <TextLine ID="region_1638975185272_11758l41"
                         BASELINE="966,3822 1079,3814 1193,3808 1307,3801 1421,3796 1535,3792 1648,3790 1762,3786 1876,3784 1990,3782 2104,3780 2217,3780 2331,3778 2445,3776 2559,3773 2673,3770 2786,3766 2900,3762 3014,3757 3128,3750 3242,3742"
                         HEIGHT="144"
                         WIDTH="2306"
                         VPOS="3699"
                         HPOS="950">
                  <String ID="string_region_1638975185272_11758l41"
                          HEIGHT="144"
                          WIDTH="2306"
                          VPOS="3699"
                          HPOS="950"
                          CONTENT="= sloten mijne antwoort aen hem, de welcke naer lecture"/>
               </TextLine>
               <TextLine ID="region_1638975185272_11758l42"
                         BASELINE="968,3928 1083,3920 1198,3912 1313,3904 1428,3899 1543,3894 1658,3890 1773,3886 1888,3882 2003,3880 2118,3876 2233,3874 2348,3872 2463,3868 2578,3866 2693,3862 2808,3860 2923,3856 3038,3852 3153,3847 3268,3842"
                         HEIGHT="249"
                         WIDTH="2333"
                         VPOS="3742"
                         HPOS="951">
                  <String ID="string_region_1638975185272_11758l42"
                          HEIGHT="249"
                          WIDTH="2333"
                          VPOS="3742"
                          HPOS="951"
                          CONTENT="gelieft te sluyten &amp; aens vallyn den lakenver Jonge"/>
               </TextLine>
               <TextLine ID="region_1638975185272_11758l43"
                         BASELINE="966,4020 1080,4016 1194,4012 1308,4007 1423,4002 1537,3996 1651,3991 1766,3986 1880,3982 1994,3976 2109,3971 2223,3967 2337,3963 2451,3960 2566,3956 2680,3954 2794,3952 2909,3950 3023,3950 3137,3950 3252,3952"
                         HEIGHT="184"
                         WIDTH="2319"
                         VPOS="3881"
                         HPOS="951">
                  <String ID="string_region_1638975185272_11758l43"
                          HEIGHT="184"
                          WIDTH="2319"
                          VPOS="3881"
                          HPOS="951"
                          CONTENT="te doen behandigen sonder by provisie te laeten blycke"/>
               </TextLine>
               <TextLine ID="region_1638975185272_11758l44"
                         BASELINE="962,4114 1077,4110 1192,4106 1307,4101 1423,4096 1538,4092 1653,4088 1769,4083 1884,4079 1999,4074 2115,4070 2230,4066 2345,4064 2460,4060 2576,4058 2691,4056 2806,4054 2922,4054 3037,4054 3152,4054 3268,4054"
                         HEIGHT="149"
                         WIDTH="2339"
                         VPOS="3962"
                         HPOS="945">
                  <String ID="string_region_1638975185272_11758l44"
                          HEIGHT="149"
                          WIDTH="2339"
                          VPOS="3962"
                          HPOS="945"
                          CONTENT="dat ue den brief gelesen hebt, dogh dat ick ue geschreven"/>
               </TextLine>
               <TextLine ID="region_1638975185272_11758l45"
                         BASELINE="956,4204 1070,4200 1184,4198 1298,4194 1412,4190 1527,4186 1641,4182 1755,4178 1869,4174 1983,4170 2098,4166 2212,4163 2326,4160 2440,4156 2554,4154 2669,4152 2783,4150 2897,4148 3011,4148 3125,4148 3240,4148"
                         HEIGHT="157"
                         WIDTH="2313"
                         VPOS="4078"
                         HPOS="941">
                  <String ID="string_region_1638975185272_11758l45"
                          HEIGHT="157"
                          WIDTH="2313"
                          VPOS="4078"
                          HPOS="941"
                          CONTENT="hebbe met syne gepreponeerde assurantie te vreden te syn"/>
               </TextLine>
               <TextLine ID="region_1638975185272_11758l46"
                         BASELINE="972,4296 1082,4292 1192,4286 1303,4281 1413,4276 1524,4272 1634,4268 1744,4263 1855,4260 1965,4256 2076,4252 2186,4249 2296,4246 2407,4244 2517,4240 2628,4238 2738,4236 2848,4234 2959,4232 3069,4230 3180,4228"
                         HEIGHT="168"
                         WIDTH="2243"
                         VPOS="4140"
                         HPOS="954">
                  <String ID="string_region_1638975185272_11758l46"
                          HEIGHT="168"
                          WIDTH="2243"
                          VPOS="4140"
                          HPOS="954"
                          CONTENT="&amp; soo ue can te wege brengen sond met syn consent"/>
               </TextLine>
               <TextLine ID="region_1638975185272_11758l47"
                         BASELINE="964,4390 1078,4383 1193,4377 1307,4372 1422,4368 1537,4363 1651,4360 1766,4356 1880,4354 1995,4350 2110,4348 2224,4346 2339,4342 2453,4340 2568,4338 2683,4334 2797,4332 2912,4328 3026,4325 3141,4320 3256,4316"
                         HEIGHT="171"
                         WIDTH="2324"
                         VPOS="4238"
                         HPOS="947">
                  <String ID="string_region_1638975185272_11758l47"
                          HEIGHT="171"
                          WIDTH="2324"
                          VPOS="4238"
                          HPOS="947"
                          CONTENT="de overleveringe bij te wesen op dat alles regulier geschr"/>
               </TextLine>
            </TextBlock>
            <TextBlock ID="region_1638975238648_11784"
                       HEIGHT="1376"
                       WIDTH="2292"
                       VPOS="3017"
                       HPOS="3394">
               <Shape>
                  <Polygon POINTS="3394,3017 5686,3017 5686,4393 3394,4393"/>
               </Shape>
               <TextLine ID="region_1638975238648_11784l1"
                         BASELINE="5660,3042 5680,3042"
                         HEIGHT="137"
                         WIDTH="47"
                         VPOS="2945"
                         HPOS="5647">
                  <String ID="string_region_1638975238648_11784l1"
                          HEIGHT="137"
                          WIDTH="47"
                          VPOS="2945"
                          HPOS="5647"
                          CONTENT=""/>
               </TextLine>
               <TextLine ID="region_1638975238648_11784l2"
                         BASELINE="4234,3118 4259,3118 4284,3120 4309,3121 4334,3122 4359,3123 4384,3124 4409,3124 4434,3125 4459,3126 4484,3126 4509,3126 4534,3126 4559,3128 4584,3128 4609,3130 4634,3130 4659,3132 4684,3134 4710,3136"
                         HEIGHT="128"
                         WIDTH="507"
                         VPOS="3052"
                         HPOS="4220">
                  <String ID="string_region_1638975238648_11784l2"
                          HEIGHT="128"
                          WIDTH="507"
                          VPOS="3052"
                          HPOS="4220"
                          CONTENT="24 maij 1694"/>
               </TextLine>
               <TextLine ID="region_1638975238648_11784l3"
                         BASELINE="3776,3190 3854,3192 3933,3193 4012,3196 4091,3198 4170,3200 4249,3202 4328,3204 4407,3206 4486,3208 4565,3208 4643,3210 4722,3211 4801,3212 4880,3212 4959,3212 5038,3210 5117,3208 5196,3206 5275,3204 5354,3200"
                         HEIGHT="179"
                         WIDTH="1607"
                         VPOS="3094"
                         HPOS="3761">
                  <String ID="string_region_1638975238648_11784l3"
                          HEIGHT="179"
                          WIDTH="1607"
                          VPOS="3094"
                          HPOS="3761"
                          CONTENT="to each patt one p of the 5ƒ clothes or rather"/>
               </TextLine>
               <TextLine ID="region_1638975238648_11784l4"
                         BASELINE="3832,3304 3859,3302 3887,3302 3915,3302 3943,3302 3971,3302 3998,3302 4026,3302 4054,3302 4082,3302 4110,3304 4137,3304 4165,3304 4193,3305 4221,3306 4249,3306 4276,3306 4304,3306 4332,3306 4360,3306 4388,3306"
                         HEIGHT="163"
                         WIDTH="585"
                         VPOS="3192"
                         HPOS="3818">
                  <String ID="string_region_1638975238648_11784l4"
                          HEIGHT="163"
                          WIDTH="585"
                          VPOS="3192"
                          HPOS="3818"
                          CONTENT="3 p to N2:2"/>
               </TextLine>
               <TextLine ID="region_1638975238648_11784l5"
                         BASELINE="3864,3392 3889,3387 3915,3385 3941,3381 3966,3380 3992,3378 4018,3376 4044,3376 4069,3375 4095,3374 4121,3374 4147,3374 4172,3376 4198,3376 4224,3377 4250,3378"
                         HEIGHT="111"
                         WIDTH="417"
                         VPOS="3315"
                         HPOS="3848">
                  <String ID="string_region_1638975238648_11784l5"
                          HEIGHT="111"
                          WIDTH="417"
                          VPOS="3315"
                          HPOS="3848"
                          CONTENT="o 3"/>
               </TextLine>
               <TextLine ID="region_1638975238648_11784l6"
                         BASELINE="3860,3462 3887,3457 3915,3454 3943,3450 3971,3447 3999,3446 4026,3444 4054,3442 4082,3442 4110,3442 4138,3440 4165,3440 4193,3440 4221,3440 4249,3440 4277,3440 4304,3440 4332,3439 4360,3438 4388,3437 4416,3436"
                         HEIGHT="150"
                         WIDTH="585"
                         VPOS="3359"
                         HPOS="3845">
                  <String ID="string_region_1638975238648_11784l6"
                          HEIGHT="150"
                          WIDTH="585"
                          VPOS="3359"
                          HPOS="3845"
                          CONTENT="180 „4: a 5"/>
               </TextLine>
               <TextLine ID="region_1638975238648_11784l7"
                         BASELINE="3906,3570 3945,3568 3985,3565 4024,3564 4064,3562 4103,3560 4143,3560 4182,3558 4222,3556 4261,3556 4301,3554 4340,3554 4380,3552 4419,3552 4459,3550 4498,3550 4538,3548 4577,3548 4617,3546 4656,3544 4696,3542"
                         HEIGHT="196"
                         WIDTH="819"
                         VPOS="3409"
                         HPOS="3891">
                  <String ID="string_region_1638975238648_11784l7"
                          HEIGHT="196"
                          WIDTH="819"
                          VPOS="3409"
                          HPOS="3891"
                          CONTENT="3 p ot the 3 p clothe "/>
               </TextLine>
               <TextLine ID="region_1638975238648_11784l8"
                         BASELINE="3884,3668 3918,3665 3952,3662 3986,3659 4020,3658 4055,3656 4089,3654 4123,3654 4157,3654 4191,3654 4226,3652 4260,3652 4294,3652 4328,3652 4362,3652 4397,3650 4431,3649 4465,3648 4499,3646 4533,3643 4568,3640"
                         HEIGHT="174"
                         WIDTH="714"
                         VPOS="3547"
                         HPOS="3869">
                  <String ID="string_region_1638975238648_11784l8"
                          HEIGHT="174"
                          WIDTH="714"
                          VPOS="3547"
                          HPOS="3869"
                          CONTENT="&amp;to 1a 2: a"/>
               </TextLine>
               <TextLine ID="region_1638975238648_11784l9"
                         BASELINE="3918,3740 3943,3738 3969,3735 3995,3734 4021,3734 4047,3732 4072,3732 4098,3734 4124,3734 4150,3736 4176,3739 4202,3742"
                         HEIGHT="102"
                         WIDTH="313"
                         VPOS="3664"
                         HPOS="3905">
                  <String ID="string_region_1638975238648_11784l9"
                          HEIGHT="102"
                          WIDTH="313"
                          VPOS="3664"
                          HPOS="3905"
                          CONTENT="1to„3"/>
               </TextLine>
               <TextLine ID="region_1638975238648_11784l10"
                         BASELINE="3896,3812 3922,3809 3948,3806 3974,3802 4000,3800 4026,3797 4052,3793 4078,3791 4104,3788 4130,3786 4156,3784"
                         HEIGHT="87"
                         WIDTH="294"
                         VPOS="3738"
                         HPOS="3878">
                  <String ID="string_region_1638975238648_11784l10"
                          HEIGHT="87"
                          WIDTH="294"
                          VPOS="3738"
                          HPOS="3878"
                          CONTENT="160.„"/>
               </TextLine>
               <TextLine ID="region_1638975238648_11784l11"
                         BASELINE="3896,3916 3965,3910 4035,3904 4104,3900 4174,3896 4243,3894 4313,3890 4382,3890 4452,3888 4521,3888 4591,3886 4660,3886 4730,3886 4799,3888 4869,3888 4938,3888 5008,3889 5077,3890 5147,3890 5216,3890 5286,3890"
                         HEIGHT="176"
                         WIDTH="1421"
                         VPOS="3778"
                         HPOS="3881">
                  <String ID="string_region_1638975238648_11784l11"
                          HEIGHT="176"
                          WIDTH="1421"
                          VPOS="3778"
                          HPOS="3881"
                          CONTENT="3 of 4 ƒp clothes with 4 single do zins to be "/>
               </TextLine>
               <TextLine ID="region_1638975238648_11784l12"
                         BASELINE="3932,4002 3976,4000 4020,3996 4064,3994 4108,3991 4153,3990 4197,3990 4241,3988 4285,3988 4329,3988 4374,3988 4418,3990 4462,3990 4506,3990 4550,3990 4595,3992 4639,3992 4683,3992 4727,3992 4771,3990 4816,3990"
                         HEIGHT="158"
                         WIDTH="915"
                         VPOS="3888"
                         HPOS="3916">
                  <String ID="string_region_1638975238648_11784l12"
                          HEIGHT="158"
                          WIDTH="915"
                          VPOS="3888"
                          HPOS="3916"
                          CONTENT="toilletted of 3 N 6 a yd"/>
               </TextLine>
               <TextLine ID="region_1638975238648_11784l13"
                         BASELINE="3736,4112 3802,4104 3868,4097 3934,4093 4001,4090 4067,4088 4133,4088 4200,4088 4266,4088 4332,4090 4399,4091 4465,4092 4531,4094 4597,4096 4664,4096 4730,4096 4796,4096 4863,4094 4929,4092 4995,4089 5062,4082"
                         HEIGHT="136"
                         WIDTH="1353"
                         VPOS="3979"
                         HPOS="3722">
                  <String ID="string_region_1638975238648_11784l13"
                          HEIGHT="136"
                          WIDTH="1353"
                          VPOS="3979"
                          HPOS="3722"
                          CONTENT="dtsyn to N1 a 2 each defin a sunder"/>
               </TextLine>
               <TextLine ID="region_1638975238648_11784l14"
                         BASELINE="3734,4164 3792,4163 3851,4162 3910,4162 3969,4163 4028,4164 4086,4167 4145,4168 4204,4172 4263,4174 4322,4177 4380,4180 4439,4182 4498,4184 4557,4186 4616,4186 4674,4186 4733,4185 4792,4184 4851,4180 4910,4176"
                         HEIGHT="137"
                         WIDTH="1209"
                         VPOS="4081"
                         HPOS="3718">
                  <String ID="string_region_1638975238648_11784l14"
                          HEIGHT="137"
                          WIDTH="1209"
                          VPOS="4081"
                          HPOS="3718"
                          CONTENT="1 ccbb wrapped with 3 white baeyes"/>
               </TextLine>
               <TextLine ID="region_1638975238648_11784l15"
                         BASELINE="3780,4212 3806,4211 3832,4212 3858,4210 3884,4208"
                         HEIGHT="68"
                         WIDTH="134"
                         VPOS="4161"
                         HPOS="3764">
                  <String ID="string_region_1638975238648_11784l15"
                          HEIGHT="68"
                          WIDTH="134"
                          VPOS="4161"
                          HPOS="3764"
                          CONTENT="lord:"/>
               </TextLine>
               <TextLine ID="region_1638975238648_11784l16"
                         BASELINE="3736,4246 3833,4256 3930,4264 4027,4270 4124,4274 4222,4276 4319,4278 4416,4278 4513,4276 4610,4274 4708,4272 4805,4269 4902,4266 4999,4264 5096,4262 5194,4260 5291,4260 5388,4260 5485,4261 5582,4264 5680,4270"
                         HEIGHT="166"
                         WIDTH="1975"
                         VPOS="4157"
                         HPOS="3720">
                  <String ID="string_region_1638975238648_11784l16"
                          HEIGHT="166"
                          WIDTH="1975"
                          VPOS="4157"
                          HPOS="3720"
                          CONTENT="N°1 &amp;2 may be not lighter by no meanes butt"/>
               </TextLine>
               <TextLine ID="region_1638975238648_11784l17"
                         BASELINE="3398,4296 3473,4306 3548,4315 3623,4324 3698,4331 3774,4338 3849,4345 3924,4349 3999,4354 4074,4359 4150,4362 4225,4365 4300,4368 4375,4369 4450,4370 4526,4372 4601,4372 4676,4370 4751,4370 4826,4370 4902,4368"
                         HEIGHT="145"
                         WIDTH="1539"
                         VPOS="4236"
                         HPOS="3382">
                  <String ID="string_region_1638975238648_11784l17"
                          HEIGHT="145"
                          WIDTH="1539"
                          VPOS="4236"
                          HPOS="3382"
                          CONTENT="ve he ond oglt liveley, well close mixt"/>
               </TextLine>
               <TextLine ID="region_1638975238648_11784l18"
                         BASELINE="3396,4352 3422,4357 3449,4362 3476,4367 3502,4370 3529,4372 3556,4374 3582,4377 3609,4378 3636,4380 3662,4382 3689,4382 3716,4384"
                         HEIGHT="76"
                         WIDTH="355"
                         VPOS="4309"
                         HPOS="3381">
                  <String ID="string_region_1638975238648_11784l18"
                          HEIGHT="76"
                          WIDTH="355"
                          VPOS="4309"
                          HPOS="3381"
                          CONTENT="ake ccellours "/>
               </TextLine>
            </TextBlock>
         </PrintSpace>
      </Page>
   </Layout>
</alto>
