7515 4534
3395 163 2449 154 & well demanded, as also ardas rauw silh, without

3174 296 2645 122 heads if I can serve you, freely command, whilst I bee in ale occasio

5399 354 400 180 9 sber

3163 358 1109 229 Aaen Jan Kent & comp

3461 439 2316 265 ee my last of 24 curs rec. yours of 11 ditto your bill have

3457 578 2326 254 epbed butt I will have non onmee att time butt sight though

3451 647 2275 272 itt one our pence under the price of 2 uso, I have seen billl att

3445 750 2347 272 6 sight, yett doe as best you can, you have credit for the charges

3436 867 2416 267 the press, butt advise mee what the will yeald & dispose thereof

3436 944 2390 263 to the 2 cloathes  returned with sonnson are for y. accomp

3424 1039 2360 268 of have told yo son mi walter when here, I have oredered

3415 1157 2363 268 hem 4 xber 1690 which I say a copie of which order I have

3399 1257 2425 278 till here & the patt of there 2 & when you see them I leave you

3421 1359 2388 247 biudge if N54 beapeirle to the patt sent  N 50 to the past

3376 1470 2445 238 13 ofsaid order I have p. the charges in vout come te ƒ22:-

3361 1567 2499 263 that I loose the rest do as you best can for y self I have so manney

3358 1675 2411 304 colleull thatt itt is pettie to ten them, inclosed some patternes

3350 1761 2488 322 according to wech provide some cloathes to be sent p first convoj

3348 1899 2467 298 for ostend, or holland & one pack to cont 6 swankins bayes of

3312 1964 2467 318 the green streephen & 6 blaw list of the broad sort of 66 ƒ: bonthor

3326 2208 746 218 there about frest

5318 2220 448 226 32 sber

3185 2348 1014 251 brugge aques ffervacques

3338 2389 2508 317 faute van occasie is den ue van 3 augusti lest sonder antwoort gebleven

3362 2558 2401 203 nu hebbe de toebacken vercoght & soude de rekeninge opmaecke daen

3157 2658 2620 206 mons shuckburgh syne reste voldoen, soo verneme geirne, oft ue hem

3171 2767 2580 166 hebt gedebiteert voorde geresene oncosten, op de laeste 62 vaeten &

3354 2872 2448 199 30 laekens, ofte wel dat ick die aen ue moet betalen, t'welck verwaghte

3347 2977 2479 170 te verstaen, toeback is hier in cleynereputatie, die vendisien in heb

3357 3081 2454 204 hgolland & tot ostende heefter den otslagh ingebroght nay groeten

3165 3209 647 237 brugge  Coos

3350 3273 2477 242 t' sedert mijnen van 26 deser geene van ue de 2 packen N 13 & is wel

3164 3399 2620 188 ontfangen hope d'andere 3 uythazelwood voor nu tot gent syn alsoo

3161 3500 2626 217 hij al behoorde los te wesen, bidde alle mogelycke devoir beden van

5128 3585 609 95 willam trakmans

3168 3634 2638 193 N. 20 op het spoedighste voortstchelpen aen boort gen roelot is oock

3165 3698 2646 248 deglaeden een packen  N1 met 10 quaertiens roode lakens 8 1 wit

3329 3803 2162 214 kersey vrapper, dat als d'andere gelieft voorts te helpen
