7823 4548
858 195 2030 173 2 a 3 meer niet 4 witte cottens a governo blij

2899 294 335 188 11 ober

672 297 988 278 Amst geerd Rover

844 388 2427 224 tsedert den ue van 24 pas geene occasie gehadt aen ue te schryve

857 517 2411 191 voorleden saturdagh syn wij aengesproken tot voldoeninge van

831 651 2384 136 onse assurantie op t schip de hope Corn Rieversen tot Calais

833 718 2444 201 opgebraght, den vrindt seggende, dat de assur & thoonende advis

831 818 2447 149 van S Abrah vander meersch dat de assuradores costij die partij

807 892 2471 223 alreede soude hebben voldaen, derhalven versoecke eenige van

845 1015 2387 167 die geintresseerde gelieft aen te spreken want wij weten niet

828 1118 2373 167 wat sulckx beduyt omdat sy aen d h de vos alhier hebbe

829 1217 2283 227 ges dat sij selfs den premis niet schichten uyt te keere

808 1325 2387 226 & wij van Calais advis hebben datter geene brandewijnen

839 1424 2402 227 in tschip sijn geweest, tgene den stierman die costij is wel

826 1563 2424 167 can weten, oock staet vast & is niet app te gelooven datter

837 1649 2381 185 de ½ vande geassureerde weirde soude connen ingeweest hebben

851 1746 1414 196 tot londen is daer niet op geteeckent

2684 1863 400 148 a 13 or

691 1895 741 192 Brugge Raphael Coots

883 1946 2368 181 sedert mijnen van 10 deser dijel van selhn date ontf, waer ij gesen dat ul reyse naer

863 2078 2408 178 assende geen effeet geeft gedaen, pas, icq hope dan, dat eer costi te spoedegen sal voortgen

848 2185 2425 152 alsoe wel nogh niett daer van errene, daeren tussen seynde, in gesloten de noodige certifiati

841 2279 2425 134 van 3 packen, waer van n° 51 is gelaetn aen bont Jan Poppe incondende 16 gemengelde fisceren

848 2356 2379 152 ende 5 witte cottens. d'exped. blijft ul op't uijterst gerecommand. als voor desen &e

674 2459 757 180 Brussel Andries Artsons

2688 2515 324 121 a 13d

820 2517 2447 171 Den ul van te deser is mij gewoorden, & oock get laphen taeij door ul bbont sone, waer oversul

836 2666 2443 165 verlegen ben, omdat mijn volcq, die vrappers bayen op tollende, mij van die fauten niet

841 2733 2439 196 hebben geadventeert, het u mij een dobbel ongelucq, alt eerst dat set goedt lancq gepackt

827 2839 2441 159 staet, waer door de vrappen segaede lijden, ten tweeden, dat die just aen ul sijn gesonden

837 2940 2439 144 want sadde icq dat gesien, ick soude lieven andere in glaets sebben gesonden, die geen

839 3010 2442 158 grappors en waeren, het is mij, des te meer, leer, om dat eet d' eerste reyse is, om ansvonde

815 3114 2473 164 corris pondentier te vernieuwen, daer om wille icq ul gestel val, buyten schaede stellen. denselive

819 3224 2448 152 sal d mybelasten, soo veel, voorden roeyen baey, als ul daer dae bij seeft geleden naer ul eggn

833 3302 2460 190 gemoedt, ende de witte, die ul niet aen staet, seyndt die tot mijnen coste wederom, &omofe

836 3419 2433 159 acceg. niet te nbrgheren, sal scg il andere weer seynden, die goet, en gaef sijn, & ul devorgen

836 3524 2408 127 en oncoste ergoeden, ten waere dat ul die betulfde te sonden, & dat icq te segaede oocq versoeyte

828 3635 2228 132 daer om stillel ick dat gegeelijck in ul landire, doen daer mede gelijcq sen ul belieft

832 3710 2436 148 het convay van Enge lant is toe bruge wel gearriveert, verwaggte daer mede veele versten

837 3801 2439 182 goederen, soo van spaenshe laeckens, als andersints, soo de selve soet arriveeren, sal sal ul

822 3887 2255 198 't selve laeten weeten, & dier verlangen ul beceren dinst doen ter wijlen blijve

5483 177 462 165 14 sber

3336 114 1164 260 Gant hipt Cause

3470 282 2279 168 In antwoort aenden ue van 13 deser als ue sal hier comen

3439 371 2404 143 sal ick ue thoonen by de rekeninge van vromans wat mij die

3474 521 2423 116 2 blouwe & swert laken cost, & dat ue mijne winste niet minder

3463 562 2375 181 soude willen toestaen oversulckx en laet d'ander blouw laken

3438 660 2479 153 tot gent niet liggen, want ick met ue hier synde wel sal over een

3446 762 2417 171 comen, het convoij van londen is tot brugge wel gearriveert

3455 853 2468 153 daeronder myne friesen d'ierlande, de welcke tot brugge in hande

3447 995 2445 150 syn vanden Chevalier Coots in een pack KN 51, 16 stucken

3441 1059 2442 174 te weten 4 witte grijse ofte soldaeten colleuren, 4 peirle coleuren

3440 1160 2429 147 4 agaet coleuren & 4 bruyne coffie colleuren, soo ue deselve

3456 1263 2418 216 gelieft te hebben thoont hem aenden voors coots desen brief

3434 1377 2495 197 op welcken gesicht ick versoecke hy ue die laet volgen het

3445 1446 2427 199 & sal die aen ue tot 35 stuyvers d'elle laeten wisselgelt te

3456 1578 2477 164 betaelen, in tselve pack syn 5 schoone witte cottens soo ue die

3435 1685 2509 182 daer biy belieft te hebben sal die voor 10 st delle wissel

3441 1788 2436 162 =gelt geven, ue soude dat pack aen een eijnde connen opmen

3439 1899 2504 176 & sien sonder de coorden los te maecken, om soo het ue aenstaet

3455 2025 2388 162 geheel naer Cortryck te laeten gaen, maer inden prijs can ick

3439 2095 2370 163 niet minder doen daer entusschen soude het connen gebeuren

3438 2182 2417 204 gelyck ick oock geloove, dat het voors pack N 51 heden

3441 2277 2442 178 tot gent soude wesen, oversulckx op ontfanck deser gelieft

3443 2412 2385 150 te spreken aen francois herrebout die het ue sal comen segge

3443 2511 2413 120 & soo wel als den voors coots laeten sien, ofte soo het alreede

3447 2605 2416 127 herwaerts vertrocken waere soo gelieft mij cito te laeten weten

4042 2677 91 70 m

3970 2670 57 63 o

3444 2678 2473 165 ofte ue die part geheel pack gelieft te hebben ofte ten deele

3453 2756 2485 155 ick hebbe 3 packen met spaense lakens daer by daer onder eenige

3432 2846 2516 166 fijne, maer die soude ick onderwegen niet laeten openenen, dan

3437 2954 2420 134 wel met een geheel pack vercoopen, wenschte wel ick deere

3435 3046 2432 154 hadt van ue dhier te sien, wanneer het goet hier sal wesen

3441 3166 2414 151 soude mijn uytterste beste doen ue particulierlyck wel te dien

3436 3241 1340 155 terwijlen naer groetenisse bly

3326 3312 1066 195 brugge Raph Coots

5452 3281 412 204 15 octob

3447 3393 2370 231 ick hebbe op 13 deser ue geadviseert als dat het pack

3446 3563 2332 124 N51 met 16 gemengelde frisetten & 5 witte cottons

3462 3654 2454 129 gelaeden is aen boort Jan poppe, daerentusschen becomme

3401 3730 2539 143 den ue van 12 ditto, de manieren van doen vande officiers costij

3433 3861 2417 101 is haetelyck, daerentusschen is de vrouwe van gansacker naer

3439 3930 2454 154 costij om haere packen daer sij haestigh mede is te waegen her

3455 4028 2470 161 =waerts te seynden & soo sij de haere voorde myne can becomen

3437 4144 2514 134 sal ick merckelijck naerdeel daer door lijden, daerom soo voor

3438 4225 2417 125 ontfanck deser alreede geen syn versonden, soo doet wat
