7494 4521
2555 182 525 202 23: oeto br 169

580 208 595 195 London Janne Brusse

700 273 2382 238 en suitte a ma derniere de 23 C.. iayachemure a iourdhuy p. la paste a mons de la

705 468 2384 119 in rotterdam vre pacquette NN5 selon la factuure ci  pourtant ƒ1026:4: £17

697 563 2388 175 pour la quelle valour il vous plairaz me crediter, i'esbere aue p. sa de perte du ray.

691 641 2398 142 arsivera bien tou chez vous, je que iesserez bien attendre & que vous l'oure troue a

523 757 2570 127 oen contentement & quan vre grace plaira me ie mier d'aultre commissions envoyent

514 859 2577 199 vouremises avec, ie vous servire 8. a 10 jours apre la reception de vos ordres ie so

2601 988 317 167 25d

588 950 920 242 russel And Valleyn

710 1073 2361 247 Ick hebbe advis van mons Jan du maistre van londen, als

646 1230 2196 180 dat hij aen ue heeft geschreven, aen mij te seynden eenen

533 1319 2517 153 wisselbrief tot laste blackler & cole van venetien van

721 1453 2371 229 RP 418 doch die brieven op venetien, sijn ordinair getrocke

737 1554 2347 209 te betalen aen de procuratie van die ofte die, soo soude ue geen

715 1652 2288 249 ondersement mogen maecken maer daer eene procuratie

716 1770 2183 210 nevens seynden, want de venetianen aen geen ordres maer

689 1895 2280 162 procuratie betalen, ue antwort sien te gemoet oft ue mij

705 2024 2330 178 die brief sal seynden ofte niet, voor rekeninge van mons du

719 2142 1411 195 maistre t'welck afwaghte & blijve

537 2259 689 209 London Jandela fie.

2540 2227 488 224 23 ditto -

719 2395 2379 210 selon maderniere du 13 c vous avez si oe la ncessaire vous priant de

713 2550 2376 180 reguler les affaires pour drespaiatt du maniere prescribe & alors les ordres sron

736 2640 1549 197 eecoites en peu de jours vous salient ie me dire

2647 2690 308 211 26 d.

521 2744 665 248 Brugge Coots

717 2864 2306 215 tsedert den mijnen van 24 odser den nr van selven datum

732 3017 2346 157 ontf. dien volgens verwaghte ick heden ten lanckxsten

713 3113 2377 183 de 2 packen N. 15 & 18 met expeditie van d'andere drij oock

727 3282 2360 209 p bargie soo de selve oock met pasport vaert, daerentuss

743 3404 2358 217 geinne gesien het arrivement van het londons convoy, sijnd

702 3507 2282 237 voor mij gelaeden in t'schip van Jacob van keroutals

716 3661 2374 190 N.19 met 14 witte flanels 8 swanhins baijen & 1 wit

746 3753 2282 233 kerseij doch dese swankins baeijen is eene geheele slechte

761 3886 2322 271 sorte & moet onder de 30ƒ verclaert worden in t'schip

733 4043 2321 195 van Jan Scholt  20 met 12 gemengelde kersijen

756 4195 2298 168 1 wit, doch dese gemengelde kersijen zijn gefriseert

3341 179 2439 124 & gelijck aende pennetons, nu wete met ofte 2 in een gevonden

3339 267 2445 173 sullen sijn, oft elcker apaert, ieder is lanck 5 a 26 geirden laet

3337 370 2388 222 dit pack cito op gent gesonden worden met ordre van daer p

3324 481 2438 206 wagens herrewaerts, in t'schip van Jan roelof  N. 21 met &

3324 625 2481 197 gemengelde coleure lakens & 1 witten baeij d'expeditie & sorge

3301 756 2375 166 blijft ue en alles gerecommandeert met advis van wat

3312 855 674 234 passeert. blijve

3327 916 2478 277 nota Jan hazelwood heeft een casken met brillen van Jan Heut

3325 1088 2464 229 met opschrift aen ue voor mij, seynt mij het selve terstont p bode

3334 1205 1302 208 als mede 3 paer hand tschoenen

5522 1289 314 223 27 sber

3153 1324 1340 248 Turnhout Jan baps Robert

3358 1459 2423 180 Ick hebbe ue brief van 23 & 26 deser wel ontfangen, ick

3335 1559 2429 217 seijnde ue heden een schoonwit kerseij tot ƒ32 hooghgelt, soo

3350 1674 2428 177 hebs anders tot ue dinst is laet het mij weten, tis mij leet dat ick

3313 1746 2433 237 niet eene partije tijcken can hebben, omdat hier een schip op ladinge

3337 1825 2389 219 leyt dat vertreckt, patrentie, leynt tegen donderdach al wat ue cont

3343 1942 2469 181 begeire oock wel eenige cleyn streptien alse maer goeten sijn, seynt

3326 2037 2513 217 mij doch oprecht goet goet, & wat den naesten donderdach niet seynde

3334 2151 2498 153 can, laet dat de naeste weke daer naer volgen, ik hebbe ue de memoiie

3346 2233 2492 242 gesonden, wat ick hebben moet ue gelieft, die wel te bewaren, want

3302 2342 2478 203 ick die 2 hebben moet dat syn 212 p soo die vollevert sijn noch

3337 2443 2420 181 meer waer naer ue gelrest vereguleren alsoo dat goet voor

3333 2546 1395 188 den winter moet voorts seynden blijv

5566 2687 133 155 d

3130 2671 746 274 Amst Rover

3329 2751 2474 245 den ue van is deser ontf John hazelwood is wel gearriveert dien

3342 2933 2484 127 volgens den premio verdient tot nochtoe van het convoij dat van costij

3334 3040 2486 167 tot hul stont te comen niet gehoort, was 16 deser aldaer noch niet

3355 3100 2461 171 aengecomen, t'welck lanck tardeert, ende daer door de goederen arriverende

3335 3189 2472 181 de selve lichtelyck desen winter in hollant conden opgehouden worden met

3342 3279 2439 242 het frisende weder, wat ul deswegens can hooren verneme geirne, ick hebbe

3346 3374 2482 200 ve 24 deser een creditbrief aen Jan bapt canste gegeven, oft hij bij ul noodich

3330 3475 2519 207 hadde 6 ofte ƒ 700, t' sijde selve af te spreken tot dat die weirde can remitteren

3343 3562 2300 217 ofte in gelde hem te fournieren volgens t' best sal gedient wesent

3332 3680 2469 212 ingesloten is sijn handtschrift om hem vervolgens te heuren t'is een

3318 3769 2417 252 kersoon tamelijck dick en ontrent 5 a 36 iaeren oudt a governo

3340 3880 2463 205 versoecke hem daer in gelieft dinstich te wesen ul in dier gelijck

3330 3984 2503 166 occasien connende dienen, oft anders, waerinne het soude mogen

3339 4107 1951 215 weten, gelieft liberlijck de commanderen die blijv
