7885 4548
2735 192 437 138 2u ghey

746 198 805 193 brussel Rousseau

1072 224 2124 222 responce a la chere vre d hier ie suis att eusaut

911 365 459 139 Gensanm

906 362 2329 220 te velle responce de mons lion pour envoyer quelqu

918 451 2285 240 un a Brussel pour dispeset de le pracepour me en

914 554 2309 211 ie n'ay pas du fond a present pour disposes de 8 a ƒ 10000:-

903 650 2231 268 pour un an cause p le change sur londres a la quell

921 756 2248 192 ie me suis de boncke ayant engage trop pour le peu de

911 822 2374 235 retour quelle donne, & non obstante ie suis trop d'opinin

900 915 2364 286 de quelque avantage pour ne pas employer pesin

902 1017 2311 232 plus que ma force ne trouvant pas exemple que le

925 1155 2334 232 change aestez li basse, cependant si ie vous puis rendre

2914 1224 343 89 om today

902 1282 2346 244 service envoye vos lettres qui doivent cmrir 12 a 3 mois

2381 1347 255 95 on pls

1800 1362 495 111 ni prendtos pour 6

1073 1394 694 130 mon  p maiip

922 1346 2270 284 & ne prondrez pou  £1100 & negotte

910 1453 2157 251 s lon vos occasions selon que vous aurez besoing

923 1618 1373 192 sijon saluent e d

2783 1653 357 221 25 mey

753 1724 1250 219 Aot Ignace Franc Lizon

916 1828 2301 172 ie nepuis pas comprendre la raison de vre silence, et pourquy

950 1912 2190 170 vous me refure lhonneur de vre chalandise, cependantiay

940 2028 2223 149 raison deme vanter d'avoir un magasin le plus asorte

934 2105 2227 209 de tout de cette ville, lenvie que iay de servir mes vieux

944 2224 2250 143 amis cause la presente pour vous offrir mon service & aussi

944 2307 2251 205 vous faire souvenir le ƒ80:9¼ argent de change que

934 2385 2180 230 vous medevez pour le  drap bleu a vous veudu le 10

935 2496 2325 211 mey ƒ692 payable argent contant ie n'est pas vre cotune

930 2622 2224 199 pourtant i'espere que vous m'e n'avez pas oublie, & vous

930 2697 1730 229 salvant, & attendant satisfaction te medirz

2931 2744 239 211 27 di

766 2878 759 177 Brussel Rousseau

957 2891 2209 256 En responce a la chee vre du 25 cour, one ne doubte pas

956 3015 2248 180 mets qui les changes de londres alausseront quelque chose

935 3098 2204 176 cesendant les remises de la pour as a 33: 2 en sout

920 3209 2266 178 d'une fort bone prix, selontoutt c aspareuce, puisque vous

2100 3235 1179 137 faiser l'avance que vous avez entrepr

930 3310 2343 151 hoek du temp uusque 15 du prochaini'aurez auror de largnt

935 3399 2312 197 moy mesme pour vous servir a  ayaut plus ieux lettres

962 3479 2243 224 qui tombeut dans le mois de fuim, du maniere que vous

946 3565 2316 241 en pourrez disponer alors, pour au temt quil vous plaire

939 3672 2294 184 m'envoyer des lettres qui doivent couros 12 a 3 mois en cas

946 3759 2304 235 que lesr. de haes ne paye pas il me faut pas protester

939 3850 2323 209 la badl lchipote que estant tousiours assez capable puis

954 3979 2284 166 mon recouvre i'cy iount ie u remes. kent escus a 52 patar

937 4078 2318 181 fait court ƒ 260:-: & £40: de change ur Jan derexhuyse

940 4147 2306 200 rue de chart cepend mon coun elics me fait le grace de

1068 4237 2218 147 is rendre le presente, venant avec l'intention de receus

5768 174 121 98 215

5404 221 324 121 27 mey

3323 196 502 161 Londen Kent

3403 211 2471 218 sence my last of 24 cur non from you, so beferre you

3413 338 2353 159 to the same about the orders then given, confirminge

3432 501 2384 107 them by these hopeinge to see my orders compleated for

3444 549 2393 143 ostend by this convoy which I understand now with you &

3427 648 2406 166 that the bayes, & northrens, & att least one pack of white

3423 764 2397 183 kersies shall come for amst by this convoy & the rest

3423 850 2403 196 to follow as soon as possible for holland of all which

3403 952 2415 187 Iexspect advise whilst inclosed you have 3 bills viz

3383 1049 2350 196 £130:- on S Joseph Herne £120:- & £80 or Joseph

3403 1192 2312 153 martin procure the needfull & advise vre mee credit

3425 1267 2056 191 when p which is the needfull att present from

3426 1364 1853 235 the roth convoy arrived from london

5437 1462 278 226 27d

3329 1501 666 229 Rott de bra

3413 1596 2005 236 aende bra geps den borens voortganck te geven

3404 1791 2437 162 & et vous mettre en main la scurete de Sr vallyn vous priant

3437 1952 2441 109 de luy assister avec vre conseil & ce quil sera necaissaire

3427 2038 2466 136 pour mascurete, et en cas quil vous donne quelque argent

3411 2095 2472 164 de recevoir pour mon compte, en me donhaut advis de ce

3426 2185 1944 197 quil se passera vous me obligerez quis uis

3339 2286 1032 205 brussel Jan dirckx huysen

5535 2329 342 127 23 mey

3418 2367 2437 183 i'ay advis de Mons p hi lup lurond de namur detires sur

3434 2533 2346 113 vre grace pour son compte sent esceus a 52 sous faisant

3409 2602 2421 162 ƒ260 argent court ou quarante livres de gros de change

3410 2725 2418 103 comme iay fait a ma lettre payable a mMons an the rousseau

3419 2776 2428 164 vous priant d'honneren en suitte il es iay tire saus terme du

3404 2890 2466 120 temp, a cause que ie ne scay pas si vous avez receu le valeu

3410 2988 2385 109 de Mons Broyard, selon que mons lurond m'escrire, en ce

3403 3094 2491 151 can vous pourrez di layer le payement iusque que vous aure

3404 3201 2431 153 receu on comme son vous semblera puilque ie suis

3349 3269 818 193 brussel peeri Lion

5468 3291 337 176 29d

3410 3373 2490 217 In antwoort aenden ue van 24 deser seynde desen p

3377 3534 2526 163 Ja cob Elias die voor mij expres costij compt om de noodige assii

3374 3614 2469 162 =rantie van Mons vallyn te aenverrden gelieft hem daer

3407 3700 2428 110 in bij te staen & behulppaen te wesen, overmorgen is den daer

3408 3795 2393 178 datr de haes sijn laeste paeye moet voldoen, te welk in

3404 3902 2451 147 welcken gevalle de cantie de voor dese gestelde cantie moet ont

3399 3993 2461 170 slaegen worden oversulckx, gelieft te laeten weten wat deer

3389 4064 1849 161 toe noodigh vereyscht wort terwijlen blij
