7721 4500
831 175 2325 160 bj particular boats for gent & bridges & s cooorpromte

818 225 2284 192 inge to sake the extraordinaire charges of that way, in the

808 311 2356 217 fraight for londen: I have sent s your bill of  ƒ150:-

853 399 2289 176 a 34 " 3 & on david white for acceptance: I have your pasper

837 505 2171 161 of patternes, butt as I do not know what to order as yett,

810 623 2330 130 because I see nothingh news, & the worse is, that the duches

835 696 2324 182 of barance is dead, &our nobilitie court, & all catie officiers

835 764 2307 179 must go in morning whoever I intend to make atrayall p.

810 878 2333 180 first, as soone is the bespoaken tykes are delivered shall

840 979 2275 187 advise you further whilst I rest, wisshing you an happie

839 1107 468 163 new yeave

2401 1139 666 180 12 Janu 1699

613 1184 1162 218 londen John Kent & comp

1583 1289 127 131 th

761 1290 2379 211 S I remitted you 5: curs  £143 for ballance of my actt

870 1414 2263 162 of last yeare on John du maistre which I hope he shall have

845 1496 2266 158 aecepted & pay induetime for he owes mee much more, & is al-

843 1590 2299 172 =wayes backward & tedions in his remises, butt that amonghtus

838 1665 2319 172 inclosed the second bill of £100 on will purnell indorsed to yd

861 1777 2283 184 for which procure the needfull & pas on new acctt. the obhes

859 1847 2258 164 on martins I have disposed of to michiel moens, now have

860 1938 2295 168 before mee yo of 20th past the patternes do not please I would

852 2044 2305 196 ferme see some stranger, & newer cullours, for I know not what

845 2140 2283 188 to demand there by the dead of the datchess of bavaria,

840 2216 2317 165 will ronder all our nobilitie i'eittie officiers in morsinge so

827 2298 2337 217 I doubt no demand for mode cullours the next lent att least

859 2401 2304 198 I can in order non yett inclosed some instructions for northrens

832 2486 2330 169 to be sent to hull by the bayes & kersies to be shipped for

855 2589 2305 137 holland pr first convoj, pray when ever you finde an opporte

853 2659 2316 161 =nitie to draw on mee att sight under 34 ƒ do itt though

851 2767 2267 140 butt a small or great keme, if hasard, which pray munde

845 2846 2306 208 though I be yo debbor or not, itt is to have soms advan

879 2950 2270 152 volgel by ex. dispose of the press as best you can, make

842 3019 1706 195 something or other of itt whillt dres

2801 3083 352 171 12 Jan

691 3139 1330 244 Amst geert & valer Rover

902 3182 2264 207 in antwort aenden ue van 2 deser hin geordoneert

843 3296 2314 198 3 baelen p schigofise wolle te coopen 2 daer van

845 3411 2307 164 over delft naer bredael te schicken aen laurejs ka laken

854 3489 1874 157 maker ende een over beryoude herrewaerts

2774 3558 371 201 18ha

696 3633 883 204 Brussel Rousseau

871 3713 2274 183 J'ay conu mon erreur p la vre de 9 court & en suitte vous est

795 3802 2367 218 credité pour le  £150 a 34 2en sur frans wellens £256:5

851 3916 2304 192 l'obsnission est fait a cause de l'indorsement ayante dont sald

853 4013 2297 181 nre compte de vous ay credite sur compte noveau le 31 xbe

859 4131 2283 153 dernier pour £170„ 19 a4 et l'erreur d'l'escheling vient

881 4202 2261 177 comme au pded de cette vous priant d'aduister a mi

3386 182 1951 143 puisque ie vous souhait tout bonneur & suis

5341 260 414 176 15 Janu

3249 253 885 258 Cortrijck Wed Lausse

3369 345 2480 197 aen haer geadviseert den ontfanckt van £156 „18u10 en waer

3383 454 2462 194 hooghgelt van van halen & dat haer daer voor heb gecrediteert

3372 559 2272 186 £144„15 „5  dat voordere remisen sal a salaght

5359 665 423 128 19 jan

3286 656 1183 266 Turnhout & willemsen

3404 698 2444 244 ick hebb ue brief van 17 deser ontfangen, ende de c 6 stuk

3342 823 2518 183 toehen daer bij vermelt dogh ick en begeire geene byel

3384 892 2428 208 ick en twijfele niet ofte gij hebt copije van i obligatie, van

3369 1005 2498 166 wat partije gij lheden leveren moet & ue gaet wat traegh te werte

3361 1082 2467 165 ick biede ue laet alle spoet doen die mogelijck is want ick detijcken

3371 1166 2479 188 oocke aen andere leveren moete & schaede soude lyden, waer & dat

3366 1224 2457 206 hij op den tijt niet en leverde, daerom verwaght dat ue pcomt

3218 1326 1088 186 hevoldoen bljve

5462 1410 347 162 19 Jan

3300 1422 1001 221 Londen Jan Kent & comp

3345 1471 2430 227 a sence my last of 72 curs recd yours of 31 past I have ordered by my

3369 1579 2476 171 last a pack of cloth from the hord, insteed where of make itt double, that

3390 1669 2465 163 de 2 packes assorted as then ordered besides a pack a baeyes more from

3374 1751 2442 186 38 to 48 ƒ to cont 40 p. inclosed an order of instruction for 4n sp

3374 1868 2462 146 cloathes wobe forwarded p the first convoyes something or all, either

3395 1910 2470 168 for amst Rotterdam, or ostend the finest sort first observe my intres

3351 2034 2464 163 draw now & then att sight though att 34 or as best you can

5536 2098 157 81 Gull

3385 2130 2452 137 meet hazard pray minde to send liveley cullours, & avoid all cullours

3382 2193 2343 143 long woll, & brad mixture principally in the grayes N2 is un

3374 2279 2465 153 excellent cullour & rather yett more upon the blew if to be had

3368 2364 2269 209 much recomendy ae mij intrest ue hiest bieft

3372 2464 728 218 Rottm de Bra

5464 2509 257 170 19d

3363 2544 2487 264 deue van 6 deser ontf oock het pack N105 verwaght

3366 2684 2446 194 dion oost ick omue verembourseren recommandere

3384 2787 2415 191 d'expe dibie aen de ingesloten van groote haeste by

3330 3222 92 121 d

5527 3534 291 192 2t Jan

3249 3565 782 173 Brussel Rousseau

3361 3608 2421 196 en responce a la chere vre de 19 d, il me ne plaist pas bien que le sde

3365 3762 2309 113 haes a tant de perne pour payer unesi petitte somme, il est

3351 3873 2405 80 necauslaire de pr actiser quelque moy en pour m'en de faire, iilme

3357 3914 2462 113 doi b en cor ƒ800 je vous prie de m'assisver avec vre consoil

3362 4012 2465 103 je negodierez vre remise de  £100 sur Jan du maistre ouie

3365 4091 2436 119 rendrez pour moy au cours, & vous aurez advis de ce quie se

3362 4140 2433 163 passer a puisque vous avez cij iont ƒ600- argent de change a la

3364 4206 2421 131 charge de de peere vallyn qui m'a promis de payer cette
