7803 4548
2627 186 469 137 13 g8 94

670 200 731 197 bussel Jnaert

849 289 2437 186 ab geentyt gehadt den uelcan 9 deser eerde n beantworden

835 422 2434 160 ingelot eene gestalen 270 ƒ3:16 N133 ƒ3:16 N171

834 498 2216 209 ƒ 4:7 N 336 ƒ3:18 N 306 ƒ5:2 N27 ƒ 3:5

671 612 1063 201 Dermond Beegh

809 712 2480 208 ab ad hier vewaghto ue winter p rovise te coopp

867 816 2375 199 moet ul velon, be prsent seer wel ver h

839 917 2239 181 daerom bidde over comene geleft naer wcomen

869 1031 2278 192 Rigeslot, ende eene quit. van ƒ 50 ten laste vande hadt

884 1100 2262 199 Derde wrsche 28 meij 1683: dueelk not en

935 1191 2334 208 weselvoeft den onfangen sal promt bllalen, want

865 1305 2402 204 wij suet hebben geceaseorde of dat bem. lest soude ee

896 1429 2379 194 & deweck bidde aen oft sijn hysvoowe gelieft te seggen

867 1527 2323 183 dat ick niet en stwijfel oft sij sal haerwoort houde

2717 1640 142 120 13

635 1675 834 216 Antt wed. button

950 1730 2256 193 sodert dat ick te brief van 17 ang Cost heb ontfangen

855 1810 2439 198 sallick van iu niet aer geltoort, nochte van volckent noch

863 1949 2402 162 nantmeder icl hope dat gij mach wel tee passe sijn

837 2005 2444 202 tgene ck wel gesore soude hooren, biddende net dese

876 2102 2388 204 dat n mij itt blaukaen gelieft te sereken, dije sooken

826 2196 2291 205 die gaute belale, hij heeft noyt soo lanck gewagtt

802 2256 2475 263 gelieft oack ontfrayeter van de dun veheel tij deser

843 2400 2432 169 tenamen, val den hy ue bider sal voldoen als mn

859 2475 2375 182 de mit agdae heeft, bebde levert de ingelsot aens

922 2525 2352 207 velcaert, en niet occasnden aen core he

2913 2652 267 170 10d

693 2686 824 239 haelft vollaert

884 2724 2412 248 niet tegenst aende mijn versoeck van Jan willense te dwingen

871 2887 2385 229 tot voldoeninge & adinstement van het soo lanck gebruyckte

881 2977 2412 203 lant soo hebbe ick van ue niet vernomen, ick bidde ue laet daer

885 3121 2404 154 een eynde van maecken & praemt hem cost wat het wil war

868 3190 2417 175 ick wete wel in gewalle het ue belieft dat ick wel een eynde van de

878 3285 2406 198 saecke soude connen hebben mijne pretensie te poeusern dat e

867 3385 2429 192 voldoen sal, daerom versrecke andermael hem te praemen ten

867 3508 2403 170 minste soo verre dat hy eens over compt ip dat wij eens mogen

866 3597 2393 162 het ont advisteren & voor het nienr ien door gande werck

852 3710 2414 152 maecken want anders sal dat altyt getrouvlleert blijven,

857 3828 2425 168 den saeytyt is gedaen soo can hij wel overcomen soo niet s

850 3926 2279 203 doet hem betaelen, twelck ue recommanderende ley

5686 161 231 113 1

5463 216 96 108 13

3321 193 1203 167 Brussel de wed. vanderborght

3458 228 2420 256 In antwoort aenden ue van gisteren de roode baeyen hebbe

3468 367 2457 165 al over 3 dagen geverft geweest maer niet connen gedrooge

3438 457 2483 159 worden daer syn met 100ste van alle soorten nat ick sal sorg

3429 571 2483 198 die morgen de oogh syn& ue toeseynden wel gestopt & advisere

3417 653 2440 231 den oucost ons convoy vanden noorden blijft tarderen even

3440 776 2419 192 wel ick ben noch wel voorsien van noortse & geperste lakens

5484 925 75 118 d

3401 881 1990 253 & baeyen can ick ue dienen doen het geirne blijve

3327 1071 715 201 Brussel Rousseau

3434 1044 2494 289 depuis ma derniere dhier reccu la vre de mesme dat avec

3449 1209 2479 225 une remise de ££486:5 en lettre de £300 a 32:5 en

3434 1311 2366 224 lut B clerster de bruges pour la quelle ie procurerez le

3425 1456 2489 194 neeaissaire en sontemp cependant ie payerez promptemente

3426 1559 2081 189 les ƒ1046:5 a lordre de S kints pursque ie suis

5485 1643 254 195 18d

3318 1682 1495 262 AAmst Cornelio Janssen & Eoert Coman

3422 1814 2451 243 In antwoort aende ue van 4 & 18 pasto foute van tyt hebbe

3428 1952 2364 154 ick dat van ue pyen noch niet connen advisteren eghter

3418 2011 2496 275 geschiet p eerste de loterye daer ue van schrijft heeft sordinand

3404 2152 2496 259 piecaerd tot brussel niet doen aprechten maer die is hier op gereght

3426 2306 2445 182 dogh hj gecommitteert voor tgemack van die van brussel daer

3417 2379 2424 178 biellietten uyt tegeven, ende dat uytgeven sal voor aenstaende

3422 2474 2492 196 maent noch geen aenvanck hebben als wanneer de geordonneerde

3433 2576 2486 201 18 billietten voor ue sof comans rekeninge nemen sal ben

3446 2693 2457 178 waere ue middelertijt sulckx noch contramandeerde naer groe

3433 2837 653 170 tenisse blijve

5552 2800 255 237 15d

3344 2922 811 208 Amst geere rover

3293 2926 2528 307 In antwoort aen due van 4 & 12 deser, het huls convoy

3432 3117 2413 186 tardeert lanck & heeft, tot huel lanck gereet gelegen wete

3427 3187 2494 232 niet wat hun wederhout godt seynde die salvo het saysoen

3432 3296 2364 230 tot vercoop van die goederen loopt seer verre & sullen

3410 3380 2500 243 apparent moeten overwinteren, daernm soo die arriveren bidde

3436 3500 2493 213 d'uytterste expeditie te geschieden al soude het oock iedt extra=

3437 3627 2432 204 ordinaie costen, gesien dat laurejs ka costy geee wolle

3439 3711 2456 202 hadde connen coopen, hadde ick soo wel als nu geinfor

3431 3827 2394 206 =meert geweest soude hem geene ordre hebben gegeven voor

3415 3944 2488 195 het arrivement vande nieuwe walle & nu sien ick te laet dat

3437 4034 2454 160 het hem meer gedaen is om werck te hebben als naer myn voordeel

3435 4171 2334 138 te waghten, want tot leyden wol te cooppen is spech in
