7351 4507
578 155 2461 132 lakens ontfangen, & soo doende, sal ick achter net vissen ende ordres

596 253 2336 128 van sulke lossen is maer tot onse groote preiuditie & noyt voor desen

606 374 2408 175 geplogen, my dunckt om een pack of 2 men behoorde daer in te dispenseren

569 436 2480 224 & ons geen vercort doen, dus ue andermael recommandere op d een mannier

612 554 2424 201 oft d'ander daer in te voorsien, synde de schepen nu al den 11 dach

1400 654 399 71 e impatientie

569 621 2444 250 gearrriveert, verwachtende de 2 versochte packen met advis wat

542 771 848 174 posseert blijve

2641 889 341 205 28 July

406 866 1160 282 Amst geet & valer Rover

542 1019 2463 204 In antwoort aenden ue van 25 deser, gesien het huls convoij in tessel binnen was

589 1123 2359 164 met brieven van 16 deser was het selve noch niet tot hul van schotlant de

586 1238 2425 166 retour, sulckx dat mijn vrint niet haestich scheen in t'aflaeden van de packen,

601 1374 2403 130 des halven, dat ick twijfele, ofte myne daerliggende packen al p costij sullen syn

616 1424 2455 162 afgelaeden, des te meer, omdat het rotterdams convoij, daer alle tyden te gemoet gesien

596 1519 2496 185 wiert, echter verwachte met de naeste engelse brieven de sekerheyt terwijlen ingeslote

599 1601 2401 172 een cognossement van een pack  N.53 aen boort thoma haworth inhoudende

605 1766 2407 127 40 witte dobbel kerseyen, werdich ƒ 800:- d'andere 3 packen die geordonneert sijn p costy

603 1809 2420 185 te schepen syn als aenden voet deser, deselve, ofte eenige daer van ue voorcommende, gelieft se

617 1914 2320 161 te verclaeren, ende op spoedighste voorts de seynden adviserende wat passert sal ue

626 2052 2369 131 verobligeren blijve  N55 met 31½ witte baeyen van a 65 weirt ƒ 360:-

1383 2106 1330 138 „ 60 met 12 noortse lakens aen te geven voor 40 ƒ

1477 2204 1253 138 dosijntiens van a 18 onderhalven witten baey

2706 2288 248 131 11150

1464 2300 854 153 van a 65 t'samen werdich.

1381 2389 1066 177 „61 van weirde & inhout als N.60

392 2520 957 261 brugge Raphael Coots

2634 2572 301 145 28 ditto

574 2616 2437 218 naer dat ick op 26 deser aen ue hebbe geschreven, hebbe ick den ue van 25 ditto

601 2742 2421 155 becomen, het welck mij geheel verlegen stelt, ende tot verwonderinge dient, tes te meer,

611 2835 2351 172 om dat een convoy van costij naer gent op gisteren daer is gearriveert, daer onder

593 2959 2363 132 schipper iggnatius carpels met 62 vaeten toback voor mij uyt thomas taylor

610 3026 2396 213 gelost, ende andere schepen met gooderen voor andere vrinden, hebbe ick dan het

570 3120 2489 210 ongeluck dat thomas askin ofte ian maes de alderlaeste sullen gelost woorden, oft

591 3232 2426 191 isser dan noch toe niet een stuck voor mij gelost, die ordres van soo te lossen, syn

588 3335 2496 149 tot groot nadeel van een ider, en daer in moest versien woorden, en soo doende soude men

580 3430 2502 139 meer dan 3 weken moeten besich sijn om soo 8 a 10 cleyn mosselschuyten te lossen

596 3513 2398 173 de meeste swaricheyt is, dat andere hun goet aende mert brengen, ende ick op

594 3611 2419 122 staen sien die ickcncie is in geen plaetsen van de weirelt gebruyckbaer, Jacob

596 3689 2407 137 van herentals is tot gent, sal hem schryven te depescheren, wachtende met

598 3801 2500 141 my atientie te vernemen wat wyders voor valt blyve. alsoo in te veel haeste mocht

1278 3865 1764 126 som tijts. suspicie vallen, soo doet het beste, want ¼ p sake

384 3878 1311 207 Gent Francois herrebout geen russe

587 3945 2473 202 naer dat ick op 20 deser aen ue heb geschreven, vernomen datter noch geene packen

579 4064 2503 130 van brugge sij voor my sijn afgecommen, maer wel met het convoij een schip met toebak

587 4171 2469 119 voor mij, doch midts de selve onvrij syn op den tol, soo mach ue mynen tolbrief

593 4254 2485 101 met die niet medegeven versoeckende alle expeditie te maecken die mogelyck is

3313 193 2504 103 soo de packen arriveren die voorts te seynden p schepe ende  N. 10 & 12

3289 234 2344 144 op het alderspoedighste wagen, adviseert my wat passeert blijve

5393 383 360 166 28 July

3144 362 1007 211 Londen John Kent & comp

3303 478 2528 183 seeece mij last of to you was 24 curt then ordered you to buy for mce a pack

3309 595 2511 163 of spanish cloathes with I desire you to performe & notthungelse & bo ad

3307 726 2519 118 2 a 3p. of the inclosed patterne & instraction, & where as the ostendish convoye,

3323 813 2485 155 is ordored to depart for london p. august, so endeavour to gett them readdy,

3315 919 2466 157 or as manney of them, as can bee, forwardinge part or all, when the convoy

3302 1015 2499 146 is to depart, & in case a duith convoy sailes, before that of ostend, so ship

3314 1150 2523 131 them cloathes that way, now have before mee, yours of 8 curt with bill of ladinge

3307 1209 2498 215 for N.53 shipped for amsterdam att hull, where nott convoyes was arrived the

3325 1313 2488 179 6 instant, yett they sailed from thence the 11 ditto, & are wel arrived att amst

3315 1425 2464 191 so in case you have neglected, the shipping of my gther goods, you care not

3304 1555 2517 147 onley to blame, butt also, under obligation to run the risico yourself, for I have

3306 1649 2503 155 timeley enough advised you, of that convoy, butt I exspect these complaintes

3314 1736 2505 158 needles, because I suppose that your next letter of 12 curant shall breng mee

3319 1858 2510 131 the bills of ladinge, of my others packs I nest buy also 5 pack whits E y allow

3598 1923 1490 175 maths good or non 1p tathis patt. of 11 a 12 ƒ

5028 1963 675 163 more upon the blew &

4300 2031 289 153 1 of 50ƒ

4987 2060 756 186 Llivelyer cullour 28 July

3136 2095 1520 270 Mechelen Cornelis van Aken of 9 s

3307 2226 2519 165 den ue van 24 deser maeckt mij niet wijnich verstelt te meer, omdat ick daer bij bevinde

3325 2321 2434 170 beschuldinge waer over ick niet can achterhalen met een oprecht gemoet oyt reden te

3321 2466 2504 149 hebben gegeven het is ue & ider vrij te coopen, waer het hem belieft, ende t'soude van, my

3317 2524 2506 156 eene satte ialousie syn te benyden dat ue bij andere lieden gaet coopen dat ue bij mij niet

3323 2607 2520 218 en vint, myne humeure is contrarie, alsoo ick altyt danckbaer ben, als myne kalanten

3301 2717 2521 221 my comen besoecken, ende den penninck ionnen voor luttel oft veel gelyck sij willen, ende

3324 2812 2453 165 het erghste van al is ue frasis wegens de pack lakens, dan ick passere dat, om

3308 2922 2505 163 dat ick supponere ue dat p raillerie schrijft, alsoo de waerheyt daer van tusschen

3312 3014 2516 158 my & ue loyt is voorgevallen, ick en hebbe dit geheel iaer, maer een pack EE geel

3319 3089 2506 177 marck pack lakens gehadt & die int geheel soo vercoght aen een persoon, ni met

3310 3195 2540 174 de oorloge, isser by my weynich vertier, daerby euyg men nauwelyckx, 2 oft 3 couroyn

3339 3278 2432 182 van engelant, ende men derft niet te veel seffens laten comen, want soo men veel

3319 3388 2461 209 doen comen & vervolgens veel assurantie betalen, soo can men nevens een ander

3316 3487 2502 195 niet goeden coop geven, & dat is de reden, dat mijn packhuys soo veel overvloet niet

3315 3586 2507 221 en heeft, daer is nu een convoy gearrivert & diverse gooderen sullen ontrent

3318 3694 2391 161 14 dagen hier wesen, dan ick hebbe al maer mondekens maete laeten comen

3342 3821 2503 140 ende alhoewel wel 10 brieven hebben geschreven om pack lakens EE geel mark

3323 3897 2414 134 soo heeft mijn vrint die niet gecoght, gevonde voor reden sij te dier ende te

3328 3991 2478 163 slecht vallen, ich verhope beternisse van ue huysvrouwe & ue & als ue my

3349 4128 2391 129 gelieft te commen besoecken, sult seer wellecom wesen sonder ialousie

3355 4169 2454 158 ende ue geirne gerieven t'sij luttel of veel naer ue behagen, de reden die

3338 4242 2485 101 mij gemoveert heeft ue om gelt te schrijven, dunckt mij ue niet had behooren te seed
