7933 4548
2804 215 308 158 13 July

668 230 1113 153 Mechelen Cornels van laken

845 283 2285 194 volgens den ue van 13 deser hebbe ick heden gegeven eene assignatie ver

853 382 2282 211 ƒ500 wisselgelse te betalen aen mejoff vander plaeta voor svant

867 488 2217 179 & las Elias t welck gelieft te voldoen, ben blyde ue handtschrift te

852 581 2288 193 sien vervolgens hope in gesontheyt sult herstelt worden, ende my

861 689 2267 147 continueren in d'eere van ue calandise wenschende ue alles goett

849 798 874 174 blijve naer groetenisse

2822 953 209 150 15d

710 896 1106 261 Amst geer & valer Rover

845 1013 2298 248 In antwoort, aende ue van 11 deser hebbe ue voorde £191:1 a 6

822 1156 2262 199 in courant ƒ1225: 2 gedebiteert, op het versoeck & instantie van

887 1251 2172 186 P In bijdals trecken van t' briefie van £ 125 renvoyere ue het

879 1292 2261 204 selve, versoeckende t'sebve gelieft noch bij ue te houden tot dat daniel

873 1399 2206 191 vanden tempel het comt accepteren, ofte betalen & by soo regre

873 1523 2271 179 dhulckx tusschen dit & een maent niet en geschiet het aen mij sonder

870 1592 2191 226 protesteren wederom te seynden, den trecker seght dat paulo

874 1694 2170 204 cloots 4 Julij voor hem agvoors du tempel een partije moet

872 1790 2231 184 betalen waer uyt het voor briefve sal voldaen worden, soo sulckx

879 1905 2222 155 geschiet gelieft te adviseren, gelieft op ontfanck deser te laete

860 2020 2186 145 veeckenen van londen naer brugge met convoij  op goederen

881 2062 2257 178 in t' schip van Jacob merten £100 ende in t'schip van adrigen

879 2187 2190 142 derais £100 houdende de polise by ue omdat ick verwaghte te

894 2302 2254 140 verstaen van noch goederen gelaeden te worden & meerder sal lat

896 2360 2240 204 assureren gelonndereert wat ue schrijft wegens den premis op genua

898 2435 2258 209 het is oip een schip genaempt den prins ferdilandosvan tofeanck

914 2550 2234 177 Casseb lascheti prssent tot amst voorsen met franse paspornt

892 2691 2211 163 synde sivoryely gesoove d'accusaderes tot civilen prije daer opt

895 2758 2187 200 sullen beeohenen wort geseght 40 stucken te voeren & wel

918 2843 2144 180 bemant te sijn, waer over geirne ue advis & opinie hebben

914 2926 2184 193 & de minste prijs daer op soude geteeckent worden op ia dit &

895 3065 2092 200 genia terwijlen naer groet bly N13 £ 150 N14 £ 200

1657 3106 1424 194 In Jacob van heren tals ƒ 500:-15d

1185 3156 486 180 ink de bra

775 3187 285 176 Rrtse

832 3187 2083 268 & sedert den mijnen van 11 dese verstaen uyt den ue van ud

914 3302 2207 182 root deee van 11 deser verstaen dat Joseps lewen & alle du

904 3401 2160 172 andere schepen, nevens het convoy van londen te terveere

894 3495 2216 181 in seelant wae ingesaeght ick wensch de selve costij wert

891 3590 2165 185 die 5 hapers & noch 4 fregatten over 3 a 4 dagen van

902 3663 2257 206 duynkitken uyt geloopen souden vrij wel wat quaets conne

895 3804 2281 165 doen, de windt is contranie om dese schepen costij te brenge

894 3853 2156 213 ten waere deselve bonnen door quamen, t' gene mij dunckt

896 3941 2233 226 de geintresseerde wel behoorde te ordonneren, ofte de

908 4069 2179 192 tot terveere te doen lossen, & in minder vaertuygh

908 4155 2168 198 naer rotterdam te brengen due bidde een gelieft mite

922 4265 2178 156 prorere, wat resolutie & ordre daer over is afregaen

3412 140 2405 195 ed de t  mier p uith n p celle 3 core me d uinkorher

3395 296 2397 126 speeen wel den bae inde noordt zee men is hier oock vrij

3397 354 2425 174 bedught voor ons convoy van londen tot ostende, godt bewar

3380 437 2346 182 on van ongeval wat tijdinge heeft men cotij over het

3384 528 2328 200 convoij van huel sien met tselve oock eenige goederen

3376 614 2109 205 te gemoet dus ue advis waghtende wat passeert blijve

5478 710 355 213 19 Juny

3313 750 840 267 remen Coous nchue

3391 842 2433 267 t'sedert mijnen laesten van 11 deser geene van ue soo recommander

3390 997 2428 168 in den inhoudt derselve destemeer omdat ick tsedert de pyelaken

3400 1083 2335 186 van tpack N1 hebbe geexamineert ende eenige maer a 37

3401 1203 2353 177 lanck bevonden daer by sommige overbleven goet van voorleden

3393 1286 2385 212 iaer & meostendeel te slap & dun, soo bidde particuliere

3374 1415 2234 190 sorge deswegens te hebben & liever  meer besteden

3370 1513 2445 200 o het beste goet te becomen, t'welck dien volgens verwagh

3377 1613 2396 199 ue sal affectueren want dun goet & cort is maer om hier

3394 1747 1291 207 schade bij te doen agovernoblij

5503 1796 248 179 18d

3304 1873 787 196 rnhont Jbaps robens

3367 1900 2411 273 In antwoort aenden ue van 14 deser ick mach niet meer besteden aen de

3391 2025 2432 176 96 stucken als ick ue hebbe geschreven & geve ue de voorhandt

3386 2138 2378 174 noch te bedencken tot donderdaen & soo ue tselve nieten

3388 2224 2408 222 gelieft te leveren soo moet iek mij bij andere bedienen die wat

3337 2338 2481 183 meerder affectie hebben tot contant gelt als ue de differentie seleyn

3380 2474 2448 141 tnet soo veel als ue wel seght, want het is op de hooghste prysen

3375 2533 2429 195 & de minste stucken & soo gy resolveert die te leveren, soo seynten

3356 2638 1089 193 soo haest mogelyck is blyve

3375 2670 2409 243 Nogoon robert naer ue heden ges te hebben versogh

3390 2824 2377 196 bourekens dat ick voor dese weirde van £103:10:5

3362 2904 2429 222 gene van ue soude aennemen, soo ue sulckx mij gelieft

3354 3102 2444 134 beleveren ben te vreden den judige aen myn swaeger alliste

3369 3180 2456 172 betalen dese tycken te leverentengrijse gelyck ue met brcken

3369 3243 1988 177 is geaccordiert sonder die ick hebbe geordoneert

3957 3381 542 140 10  & seg

3950 3471 487 144 10:½ 2seg

3949 3532 1883 196 10 30 tolseg van iedermeer tot de volle same

3952 3653 207 163 10 P

4096 3667 333 168 4 prl

3957 3768 426 147 10 ugil

3950 3831 495 185 10:1ugl
