7906 4548
2660 205 365 126 3 may

820 183 937 221 Rottm Abraham de bra

903 251 2314 169 t sedert mijnen laesten van 29 pas geene van ue ondestusschen

913 353 2224 179 dencke mijn pack N 27 al is versonden, hebbe advis van londen

883 463 2307 176 als dat vieder het geleyt van de transport schepen naer cosby soude

951 576 2289 150 comen Clacs Jacobs aen wieur boort voor my is gelaeden een

955 669 2275 200 pack N38, & alsoo in d amsterdamsche gaset vermelt dat het

945 789 2333 202 selve convoy inde maeke binnen was soo verhope den voorschr

955 882 2326 198 claes iacobsen daer by sal wesen derhalven ingesloten het cognossemen

972 978 2232 179 & sult gelieven te verclaeren voor 12 coleure gemengelde lakens

1853 1081 324 88 risaerden

771 1078 2501 218 416: van a 43 & 2 witte cottens ieder van a 40 tsamen weirt ƒ1300:

762 1199 2517 225 C64, dit goet is geheel gemeyn & soude wel voor dosyntiens conmen passeren, dogh

766 1299 2518 200 666 ick derve het niet hasarderen, bidde alles te minageren wat doenlyck is, ende

771 1409 2491 180 morgen mij te adviseren wat gepasseert is & den ingeleyden voortganck te

730 1486 1240 193 ij 105 geven, t'welck doende blijve

752 1631 189 129 12 be

2746 1630 285 128 3 mey

766 1577 1382 298 Lnden M Wall & Will Kent

763 1695 2456 248 2y ob sence my last to you on the 29 past recd yours of 13 d with

968 1852 2167 180 acctt & patt of N36 aboard Claes Jacob for Rott, where

947 1915 2297 237 the transport ships are arrived from londen, so hope said Jacobs

960 2032 2248 182 be by them the mode cullours are to much upon the red, they should

958 2136 2311 193 be upon chestmit cullour, I could have wished some to the patt 4 & 5

952 2283 2205 179 of my order of 15 march had been ty which please to provide as

965 2364 2223 179 also what whantes to my orders sence given as also 29 past the

956 2408 2327 223 convoij from amst is sailed to hull so gett the baeyes & northrens

974 2577 1150 194 fom them reddy whilst I rest

770 2714 938 259 Cortryck de wed Caure

2813 2767 279 169 3 mey

949 2827 2291 218 In antwoort aenden synen van 30 hem terugge wedergeshid

922 2962 2281 190 aen den brief van 14 £100:- geaccepteert voor Jan Bapte

948 3107 2195 135 de baen & versocht mij ten eersten eenige remise soude

1469 3243 63 83 -

959 3191 394 149 seynden

2868 3216 171 228 d

770 3289 939 206 Gent robert matton

945 3342 2324 245 gelieft te betaelen de £19:45 18 van d'erven geuns intfang

955 3492 2169 162 aen mijnen broeder den zerwerdigen pater geeraer due

938 3578 2217 218 melyn af cortende ue oncosten daer over gedaen, & daer

954 3726 2213 136 van een recipisse te geven ue hertelijk recommanderen

959 3815 2173 135 alle expeditie te gebruycke die mogeljck is voor de rest

969 3902 2286 164 & principaelijck van Jan lamberty waer van niets vernu

939 4029 454 159 nie blijve

5225 215 700 146 3 mey 1694

3377 191 967 159 Brussel Anthoin Rousseau

3485 217 2376 215 iay les cheres vres de 30 passe & ps court avec la premiere remise

3475 368 2422 177 £200:- de gros a 2 jours de vue p cas sur Jacob de coninch, ponr

3463 497 2481 119 la quelle ie procurerrez le necaissaire, et i'observerez vre ordre pour achapter

3471 606 2450 115 sulgua £2000, si ie le puis rencontrer avue, mais il ya icy se peu de tireurs

3475 651 2422 202 que il ne scay pas que faire, l'en non obstante le iours de festes i'envoye

3447 746 2416 180 pour avoir encor une lettre, la quelle m'est presente vendredy a 92 ¼

3454 897 2447 125 & on vouloit auiourd huy 2992½ ie ie vot verray ce que ie puis faire

3466 961 1375 159 demain & vous aurez advis d

5326 976 439 178 4 d

3375 1057 722 185 brussel Rousseau

3411 1156 2456 177 deen ta demire dhaer wen de vou y10.65 e

3438 1290 2478 118 en 350 a 92 ½ m Jan hene a 61wnt de va qu

3448 1385 2413 127 i'evor achagh  in cat, de a la bourse le s

3455 1482 2363 150 Kongenheske n de resenta pour kes 450 et celle gt sget

3454 1625 2490 128 p ayre leverage ne tellement qeve fault esine quige

3460 1702 2441 139 langemen car il m p peschevent aulchin

3449 1816 2450 108 lus lett es qui c 92 a 2 usonner du maniere

3443 1844 2453 171 qui ie ne detri anrez pors servire iusqui

3427 1942 2484 124 t 20oo sam novel ardne by ie s atttand

5544 2084 293 178 6 Mey

3361 2075 867 217 Londen wall & Will Kent

3448 2134 2376 215 sence my last of 3 curt non from you, butt haveinge undersbrod

3451 2290 2478 171 that som the packett boat which carried our lettres of 26 past is baken

3441 2362 2432 172 fran the fronch, so have you hibove copie, of what I then writt

5020 2454 167 86 Reuve

3436 2461 2459 199 you, al also the seconds bills of which I then sent you the first: viz

3424 2567 2487 169 £2410:- in 2 bills on sJoseph Herne & £200 on John loyd for which

3445 2659 2437 192 procure the needfull & advise mee, nterim I hope, you have readdy by

3454 2749 2450 169 this time what s pa clothes I have ordered, wh which send mee the patt

3440 2859 2413 170 as soon as readdy to direct my orders accordingley for more, please not to

3444 2935 2443 175 ship them butt when the convoy present for to depart either

3449 3026 2494 184 for holland or ostend, butt I had rather that for ostend was firsnd

3436 3147 1772 172 in exspectution to know what further passes I rest

3372 3260 616 199 AMmst Rover

5542 3296 193 162 6d

3426 3347 2413 217 In antwoort aende ue van 26 & 29 pas gelieft mij een derde

3411 3518 2457 131 brief te besorgen vande 14 £ 200:  die ue op 23 paso my hebt

3880 3563 287 88 on hoyd

3429 3618 2394 110 geremitteert, omdat p alreede in see is geworpen, om dat de wissel

3412 3711 2492 161 costy op londen monteert soo sien geen voordeel derwaerts iedts of te geven

3415 3776 2482 180 alhoewel men hier tot 1 a 4 ¼ can geraecken te meer terwijlen an

3441 3882 2422 144 hier a 3 2ƒ a 1 en brieven genoegh heeft & van londen maer 32„ 6

3429 3970 2468 128 a7 afcompt, ick hebbe tsedert eenige tjt een weynigh in d'assuran

3420 4063 2409 142 =tie doende geweest & nu wort hier daegelyckx gepresenteert op

3418 4166 2425 147 deschepen de costy naer cadiz in laedinge liggen, soo bidde

3429 4263 2474 120 vrien deyck te doen in sor meren wat t schepen dit sijn met naeken
