7460 4507
447 174 2582 278 Londen Jan Kent & compvoortgegaen op9 9 sber

508 241 2505 303 sence my last of 29 past recd. yours of 13 & 16d, with patt. &

648 375 2421 211 bill of loadinge of N18 aboard John hazelwood, which was to

637 506 2399 214 saile to the downes & to finde their a convoij for ostend, which

634 590 2353 273 I recom a meare foulie for not without a greatriico can hee

649 695 2299 254 come to the donnes, & to ship for mee so much in one bottem, is

669 813 2380 245 positiveley against my order, never  such in time of peake, mouch

664 896 2442 232 the lessnow their is opportunitie enough to have goods att this sendd

654 1024 2425 256 of for what I have occasion, that I can have my risico divided d not

668 1087 2406 263 obliget to gett much ensured besoides if anney misfortime should happon

678 1216 2387 237 I should bee quite out of sortiment, where as when the goods come by

665 1294 2433 288 severall wayes I have now & then what I want, & if you had codt

680 1447 2408 235 one pack fsp. clothes by holland, I should have had

603 1550 2423 261 ditt before nocw: so accept byo meanes this

677 1666 2385 272 shippinge for my risecd: there by the clothes in

699 1819 2437 210 N 18 are not so my patt principally N129 & 132

694 1940 2406 236 of which I know not twhat so make, the draps

679 2070 2411 269 are so light, & the grayes N 138: 136 & 138 are

697 2210 2354 265 19 dullish & sad cullour as dust, & all what

704 2345 2421 193 recommmand is so have lovely le grrijs

705 2500 2318 186 upon the bleu close well mixt, & these koost

669 2620 2403 222 thilo worst that ever t sa mee thukes me

687 2723 2418 235 I have more to writes about contradictions then to give ordres, & that

664 2821 2413 195 vexes mee for wee here likeley to be ruined & no gayne, & yett you go

704 2900 2349 208 on your way & I can not trouble my head so much for att veres wee

701 2982 2355 209 t are your go on so positiveley against my intention & order & when

722 3072 2388 214 a loss god know how to recover, for never were good so cheap here

713 3170 2377 179 as now as I hope to besaved & can gett nothing on some goods or ait

733 3236 2348 184 least hayteley the ris100 oft the zea, there by so littr to do that it

492 3286 2645 259 Jotterdam Abraham de bre is no worth ons white to meddle with trade I rest

699 3462 2364 177 Op 29 past heebbe ick aen ue geremitteert ƒ9495 t'sedert

699 3525 2388 261 geene van ue, waer over mij verwondere, ghoer hope den brief ue

1960 3644 143 76 aloo

713 3636 2403 211 wel is gewoorden, dat geirne verneme dat den selven op 4 dagen dato wat

711 3729 2375 205 getrocken, ick ben versoght geniformeer te woorden, wegens de

688 3863 2444 249 persoon heer sebastiaen schepers franciso galatzins ende hartighvelt

694 4015 2386 171 van costij versoeckende mij deswegens kennisse te geven, ofte de selve

709 4078 2340 200 ofte wie van hun men soude moge met gerustheyt sieren voor

715 4197 2383 145 aen duysent pont of onderhalf min ofte meer, waer inne vrindelijck

3334 149 2476 166 versoecke mij als een vrint te doenen op dat ick vervolgens mij maeh

3317 241 1872 177 reguleren, t'welck afwaghtende te verstaen blijve

5489 351 341 172 8 sber

3136 353 861 220 Londen Jan du maistre

3300 439 2544 255 le 23 passé estoit a vre grace ma derniere, avec facture de vr pacqiette

3315 577 2512 189 N. 16 le quelle i'espere touchera bientort vre main, dpuis ie suis homore

3310 668 2517 178 p la vre de 16 ditto avec une memoire pour 120 p la quelle de exccutera

3290 798 2546 184 avec toutte soing possible, esperant que p' le retour de Roy vous trou=

3308 883 2389 164 verez fort plus grand debitt, et l'argent fort plus abondante vous

3322 976 2515 215 priant de m'envoyer quelque remise, car mes occasions ne me permettent

3313 1053 2336 241 pas une disboursement si grande puisque ie souhait de vous bien

3312 1178 1165 157 servir suis & vous occasion

5534 1285 155 122 9d

3174 1283 1324 255 Amst geert & valer Rover

3332 1355 2419 288 In antwoort aen den ue van 26 pasto het convoy van cosby was 27

3263 1490 2577 254 ditto tot hul noch niet aengecomen eghter hope die haest sullen opschote

3334 1601 2412 190 ue gelieft op ontfanck deser te laeten allureren op wolle goederen in

3326 1718 2469 216 t'schip genaemt den duynkerxksen coopman schip jan hazelwood van

3331 1819 2500 276 londen op brugge ƒ 1200 doch boven de 2pc met convoij niet te besteden

3354 1965 2436 195 ende inde polise te laten stellen soo sonder convoij vertreckt den prijs

3351 2060 2440 215 die ue sal bedingen, volgens ue mij voor desen wel hebt geschreven

3338 2175 2408 234 gewoon is te laeten bijvoegen, t'gene advis van wat passeert blijve

5489 2310 339 163 10 sber

3211 2331 1002 242 Cortryck weduwe causse

3311 2379 2463 281 In antwoort aenden ue van 8 deser de geverfde blouwe kerseyen sijn al

3280 2539 2569 207 gefriseert meynende het ue soo noodich hadde, odoc die sal ick aen mij

3276 2644 2559 175 houden, ende hebbe heden volgens ue order 30 stucken tot root ingegeven

3335 2800 2473 130 & tot blouw onder gelofte de selve deynsdaen alle moetten gedaen

3319 2840 2444 202 sijn soo dat ick hope in weynige dagen de geheele partije gereet te

3296 2965 2514 172 hebben, soo het het weder tot droogen maer dienen wilt de blouw

3347 3057 2407 160 sullen wel weten, maer de ververs, maecken difficulteyt op de

3350 3152 2449 163 roode & seggen dat de kerseij wolle soo puerper achtich niet vallen

3352 3313 2469 143 kan als ue stael, maer wel gelyck dese medegaende, en willen daer

3331 3365 2411 154 van ƒ4 p'stuck hebben, oversulck soo aen dese staelen iedt

3333 3446 2512 228 soude manqueren soo gelieft mij morgen sonder faut te antwoorde

3328 3572 2502 157 want ick kan maer myn beste doen t'begeire vooringre mogt niet

3341 3697 2388 146 men al, doch geene naerweeden, carmisyn lakens van 15 st sijn

3335 3752 2458 175 niet te becommen, blouwe hebbe volgens d'ingeslotene staelen

3319 3866 1929 159 daer inne ue can dienen spaert mij niet blijvende

3357 3929 2305 209 1 blouw N45 ƒ4:10 N. 55 ƒ 4:5 N 54 3:18 N 52 ƒ 3:12

3342 4080 950 199 N. 49 ƒ 3:6 N 47 ƒ 3:6
