<?xml version="1.0" encoding="UTF-8"?>
<alto xmlns:xsi="http://www.w3.org/2001/XMLSchema-instance"
      xmlns="http://www.loc.gov/standards/alto/ns-v4#"
      xmlns:page="http://schema.primaresearch.org/PAGE/gts/pagecontent/2013-07-15"
      xsi:schemaLocation="http://www.loc.gov/standards/alto/ns-v4# https://www.loc.gov/standards/alto/v4/alto.xsd">
   <Description>
      <MeasurementUnit>pixel</MeasurementUnit>
      <OCRProcessing ID="IdOcr">
         <ocrProcessingStep>
            <processingDateTime>2022-02-04T12:20:52.456+01:00</processingDateTime>
            <processingSoftware>
               <softwareCreator>READ COOP</softwareCreator>
               <softwareName>Transkribus</softwareName>
            </processingSoftware>
         </ocrProcessingStep>
      </OCRProcessing>
   </Description>
   <Layout>
      <Page ID="Page1" PHYSICAL_IMG_NR="1" HEIGHT="4534" WIDTH="7940">
         <TopMargin HEIGHT="0" WIDTH="7940" VPOS="0" HPOS="0"/>
         <LeftMargin HEIGHT="4534" WIDTH="0" VPOS="0" HPOS="0"/>
         <RightMargin HEIGHT="4534" WIDTH="0" VPOS="0" HPOS="7940"/>
         <BottomMargin HEIGHT="0" WIDTH="7940" VPOS="4534" HPOS="0"/>
         <PrintSpace HEIGHT="4534" WIDTH="7940" VPOS="0" HPOS="0">
            <TextBlock ID="region_1638969758449_10127"
                       HEIGHT="4106"
                       WIDTH="2519"
                       VPOS="139"
                       HPOS="703">
               <Shape>
                  <Polygon POINTS="703,139 3222,139 3222,4245 703,4245"/>
               </Shape>
               <TextLine ID="region_1638969758449_10127l1"
                         BASELINE="920,288 1025,282 1131,278 1237,274 1342,270 1448,268 1554,265 1659,263 1765,262 1871,260 1977,260 2082,260 2188,258 2294,260 2399,260 2505,260 2611,262 2716,262 2822,264 2928,265 3034,266"
                         HEIGHT="103"
                         WIDTH="2145"
                         VPOS="205"
                         HPOS="904">
                  <String ID="string_region_1638969758449_10127l1"
                          HEIGHT="103"
                          WIDTH="2145"
                          VPOS="205"
                          HPOS="904"
                          CONTENT="aen d'officvers soo veel te wege brenge dat ick die 2"/>
               </TextLine>
               <TextLine ID="region_1638969758449_10127l2"
                         BASELINE="900,398 1010,386 1121,376 1231,367 1342,359 1453,353 1563,348 1674,344 1784,340 1895,338 2006,336 2116,334 2227,334 2337,332 2448,332 2559,332 2669,333 2780,334 2890,334 3001,334 3112,334"
                         HEIGHT="196"
                         WIDTH="2248"
                         VPOS="252"
                         HPOS="882">
                  <String ID="string_region_1638969758449_10127l2"
                          HEIGHT="196"
                          WIDTH="2248"
                          VPOS="252"
                          HPOS="882"
                          CONTENT="spaeken voor alle andere magh hier hebben, want mij"/>
               </TextLine>
               <TextLine ID="region_1638969758449_10127l3"
                         BASELINE="920,482 1028,472 1136,464 1245,456 1353,448 1462,442 1570,436 1678,432 1787,428 1895,424 2004,422 2112,420 2220,418 2329,418 2437,416 2546,416 2654,416 2762,418 2871,418 2979,420 3088,420"
                         HEIGHT="156"
                         WIDTH="2200"
                         VPOS="341"
                         HPOS="905">
                  <String ID="string_region_1638969758449_10127l3"
                          HEIGHT="156"
                          WIDTH="2200"
                          VPOS="341"
                          HPOS="905"
                          CONTENT="daer aen oost te veel is gelegen, dus verlaete mij hier op"/>
               </TextLine>
               <TextLine ID="region_1638969758449_10127l4"
                         BASELINE="918,578 1026,565 1135,554 1244,544 1352,536 1461,529 1570,522 1678,517 1787,513 1896,510 2005,508 2113,506 2222,506 2331,506 2439,506 2548,508 2657,510 2765,512 2874,516 2983,518 3092,522"
                         HEIGHT="152"
                         WIDTH="2206"
                         VPOS="428"
                         HPOS="902">
                  <String ID="string_region_1638969758449_10127l4"
                          HEIGHT="152"
                          WIDTH="2206"
                          VPOS="428"
                          HPOS="902"
                          CONTENT="als mede op d'expeditie van N12 &amp; 13 dogh principalijck als"/>
               </TextLine>
               <TextLine ID="region_1638969758449_10127l5"
                         BASELINE="920,664 1028,654 1136,645 1244,638 1352,629 1460,623 1568,618 1676,610 1784,606 1892,602 2000,600 2108,596 2216,594 2324,594 2432,594 2540,594 2648,596 2756,600 2864,603 2972,608 3080,614"
                         HEIGHT="194"
                         WIDTH="2195"
                         VPOS="499"
                         HPOS="902">
                  <String ID="string_region_1638969758449_10127l5"
                          HEIGHT="194"
                          WIDTH="2195"
                          VPOS="499"
                          HPOS="902"
                          CONTENT="boven N14 &amp; 16 die boven in t'schip van Michiel vande"/>
               </TextLine>
               <TextLine ID="region_1638969758449_10127l6"
                         BASELINE="940,746 1018,740 1096,734 1174,730 1252,724 1330,719 1408,714 1486,710 1564,704 1642,700 1721,695 1799,691 1877,687 1955,684 2033,680 2111,676 2189,674 2267,672 2345,670 2423,668 2502,666"
                         HEIGHT="198"
                         WIDTH="1596"
                         VPOS="604"
                         HPOS="920">
                  <String ID="string_region_1638969758449_10127l6"
                          HEIGHT="198"
                          WIDTH="1596"
                          VPOS="604"
                          HPOS="920"
                          CONTENT="bergh liegen waghtende ue advis blyv"/>
               </TextLine>
               <TextLine ID="region_1638969758449_10127l7"
                         BASELINE="2852,812 2878,810 2905,810 2932,808 2959,808 2986,808 3013,808 3040,808 3067,806 3094,805 3121,803 3148,800"
                         HEIGHT="216"
                         WIDTH="333"
                         VPOS="664"
                         HPOS="2831">
                  <String ID="string_region_1638969758449_10127l7"
                          HEIGHT="216"
                          WIDTH="333"
                          VPOS="664"
                          HPOS="2831"
                          CONTENT="it Juny"/>
               </TextLine>
               <TextLine ID="region_1638969758449_10127l8"
                         BASELINE="738,898 798,890 858,885 919,880 979,875 1040,872 1100,868 1160,863 1221,860 1281,857 1342,854 1402,852 1462,848 1523,846 1583,844 1644,840 1704,837 1764,833 1825,830 1885,825 1946,820"
                         HEIGHT="247"
                         WIDTH="1248"
                         VPOS="704"
                         HPOS="716">
                  <String ID="string_region_1638969758449_10127l8"
                          HEIGHT="247"
                          WIDTH="1248"
                          VPOS="704"
                          HPOS="716"
                          CONTENT="bergen Jan Baps. Masson"/>
               </TextLine>
               <TextLine ID="region_1638969758449_10127l9"
                         BASELINE="928,970 1039,964 1151,959 1263,955 1375,950 1487,948 1598,946 1710,943 1822,942 1934,940 2046,938 2157,938 2269,938 2381,938 2493,936 2605,936 2716,936 2828,936 2940,936 3052,934 3164,934"
                         HEIGHT="246"
                         WIDTH="2268"
                         VPOS="785"
                         HPOS="911">
                  <String ID="string_region_1638969758449_10127l9"
                          HEIGHT="246"
                          WIDTH="2268"
                          VPOS="785"
                          HPOS="911"
                          CONTENT="i'espere que vous estez en bon sancté avec tout vre famille, n'ayant"/>
               </TextLine>
               <TextLine ID="region_1638969758449_10127l10"
                         BASELINE="908,1070 1017,1060 1127,1053 1237,1047 1347,1042 1457,1038 1566,1035 1676,1032 1786,1030 1896,1030 2006,1030 2115,1030 2225,1030 2335,1030 2445,1032 2555,1032 2664,1034 2774,1034 2884,1034 2994,1036 3104,1036"
                         HEIGHT="185"
                         WIDTH="2227"
                         VPOS="956"
                         HPOS="891">
                  <String ID="string_region_1638969758449_10127l10"
                          HEIGHT="185"
                          WIDTH="2227"
                          VPOS="956"
                          HPOS="891"
                          CONTENT="pas eu devos novelles depuis 6 mois ie m'magine que vous m'oublie"/>
               </TextLine>
               <TextLine ID="region_1638969758449_10127l11"
                         BASELINE="906,1166 1017,1156 1128,1147 1239,1140 1351,1136 1462,1131 1573,1128 1685,1126 1796,1124 1907,1122 2019,1122 2130,1122 2241,1124 2352,1124 2464,1126 2575,1126 2686,1128 2798,1128 2909,1130 3020,1130 3132,1130"
                         HEIGHT="135"
                         WIDTH="2254"
                         VPOS="1065"
                         HPOS="892">
                  <String ID="string_region_1638969758449_10127l11"
                          HEIGHT="135"
                          WIDTH="2254"
                          VPOS="1065"
                          HPOS="892"
                          CONTENT="il est vraij que vous m'avez promis p vre derniere de me donner bel"/>
               </TextLine>
               <TextLine ID="region_1638969758449_10127l12"
                         BASELINE="916,1258 1026,1249 1136,1241 1246,1235 1356,1229 1466,1224 1576,1220 1686,1217 1796,1215 1906,1214 2016,1214 2126,1214 2236,1214 2346,1215 2456,1217 2566,1219 2676,1222 2786,1225 2896,1228 3006,1232 3116,1236"
                         HEIGHT="137"
                         WIDTH="2230"
                         VPOS="1132"
                         HPOS="902">
                  <String ID="string_region_1638969758449_10127l12"
                          HEIGHT="137"
                          WIDTH="2230"
                          VPOS="1132"
                          HPOS="902"
                          CONTENT="contentement que ie ne trouverez pas raison de vous complaindre"/>
               </TextLine>
               <TextLine ID="region_1638969758449_10127l13"
                         BASELINE="924,1346 1034,1340 1144,1333 1255,1328 1365,1322 1476,1318 1586,1316 1696,1312 1807,1310 1917,1310 2028,1308 2138,1308 2248,1308 2359,1308 2469,1310 2580,1310 2690,1312 2800,1312 2911,1314 3021,1316 3132,1316"
                         HEIGHT="187"
                         WIDTH="2239"
                         VPOS="1207"
                         HPOS="906">
                  <String ID="string_region_1638969758449_10127l13"
                          HEIGHT="187"
                          WIDTH="2239"
                          VPOS="1207"
                          HPOS="906"
                          CONTENT="i'ay attendu la suitte mais le temp passé, &amp; ie ne voy pas vos remises"/>
               </TextLine>
               <TextLine ID="region_1638969758449_10127l14"
                         BASELINE="912,1448 1024,1442 1136,1436 1248,1430 1360,1425 1473,1421 1585,1418 1697,1415 1809,1412 1921,1412 2034,1410 2146,1410 2258,1410 2370,1410 2482,1410 2595,1410 2707,1412 2819,1412 2931,1414 3043,1416 3156,1418"
                         HEIGHT="159"
                         WIDTH="2274"
                         VPOS="1325"
                         HPOS="897">
                  <String ID="string_region_1638969758449_10127l14"
                          HEIGHT="159"
                          WIDTH="2274"
                          VPOS="1325"
                          HPOS="897"
                          CONTENT="lesquelles me sont si necaissaire pentestre que vous ne trouve pas docca "/>
               </TextLine>
               <TextLine ID="region_1638969758449_10127l15"
                         BASELINE="2274,1456 2299,1454 2325,1453 2351,1452 2376,1452 2402,1452 2428,1453 2453,1454 2479,1454 2505,1454 2530,1454 2556,1455 2582,1456"
                         HEIGHT="80"
                         WIDTH="340"
                         VPOS="1402"
                         HPOS="2258">
                  <String ID="string_region_1638969758449_10127l15"
                          HEIGHT="80"
                          WIDTH="340"
                          VPOS="1402"
                          HPOS="2258"
                          CONTENT="Sur vre grace"/>
               </TextLine>
               <TextLine ID="region_1638969758449_10127l16"
                         BASELINE="932,1542 1042,1534 1152,1528 1262,1524 1372,1520 1483,1516 1593,1513 1703,1510 1813,1508 1923,1508 2034,1506 2144,1506 2254,1506 2364,1506 2474,1506 2585,1506 2695,1506 2805,1506 2915,1504 3025,1504 3136,1502"
                         HEIGHT="168"
                         WIDTH="2236"
                         VPOS="1403"
                         HPOS="916">
                  <String ID="string_region_1638969758449_10127l16"
                          HEIGHT="168"
                          WIDTH="2236"
                          VPOS="1403"
                          HPOS="916"
                          CONTENT="=sion, d'ont pour vous fauliter, i'ay tire eing cent florins payable "/>
               </TextLine>
               <TextLine ID="region_1638969758449_10127l17"
                         BASELINE="928,1646 1040,1636 1153,1628 1265,1622 1378,1616 1491,1610 1603,1608 1716,1604 1828,1603 1941,1602 2054,1602 2166,1602 2279,1602 2391,1602 2504,1602 2617,1602 2729,1604 2842,1604 2954,1604 3067,1604 3180,1602"
                         HEIGHT="160"
                         WIDTH="2285"
                         VPOS="1551"
                         HPOS="910">
                  <String ID="string_region_1638969758449_10127l17"
                          HEIGHT="160"
                          WIDTH="2285"
                          VPOS="1551"
                          HPOS="910"
                          CONTENT="a Mons Jaques trivier, vous priant de le payer, puisque ie lanquisse"/>
               </TextLine>
               <TextLine ID="region_1638969758449_10127l18"
                         BASELINE="920,1748 1024,1740 1128,1733 1232,1727 1336,1722 1441,1717 1545,1714 1649,1711 1753,1708 1857,1706 1962,1706 2066,1704 2170,1704 2274,1704 2378,1704 2483,1704 2587,1704 2691,1704 2795,1706 2899,1706 3004,1704"
                         HEIGHT="209"
                         WIDTH="2117"
                         VPOS="1609"
                         HPOS="903">
                  <String ID="string_region_1638969758449_10127l18"
                          HEIGHT="209"
                          WIDTH="2117"
                          VPOS="1609"
                          HPOS="903"
                          CONTENT="pour le paix pour voir nos amis &amp; la comerce libre, ie me direz"/>
               </TextLine>
               <TextLine ID="region_1638969758449_10127l19"
                         BASELINE="2880,1750 2910,1750"
                         HEIGHT="55"
                         WIDTH="58"
                         VPOS="1707"
                         HPOS="2866">
                  <String ID="string_region_1638969758449_10127l19"
                          HEIGHT="55"
                          WIDTH="58"
                          VPOS="1707"
                          HPOS="2866"
                          CONTENT="C"/>
               </TextLine>
               <TextLine ID="region_1638969758449_10127l20"
                         BASELINE="2828,1836 2853,1836 2879,1835 2904,1834 2930,1834 2956,1834 2981,1833 3007,1831 3032,1829 3058,1826 3084,1824"
                         HEIGHT="176"
                         WIDTH="294"
                         VPOS="1731"
                         HPOS="2808">
                  <String ID="string_region_1638969758449_10127l20"
                          HEIGHT="176"
                          WIDTH="294"
                          VPOS="1731"
                          HPOS="2808"
                          CONTENT="2y my"/>
               </TextLine>
               <TextLine ID="region_1638969758449_10127l21"
                         BASELINE="726,1942 780,1930 835,1919 890,1909 945,1900 1000,1893 1054,1886 1109,1879 1164,1874 1219,1870 1274,1866 1328,1863 1383,1860 1438,1857 1493,1856 1548,1854 1602,1852 1657,1850 1712,1850 1767,1848 1822,1846"
                         HEIGHT="242"
                         WIDTH="1134"
                         VPOS="1742"
                         HPOS="708">
                  <String ID="string_region_1638969758449_10127l21"
                          HEIGHT="242"
                          WIDTH="1134"
                          VPOS="1742"
                          HPOS="708"
                          CONTENT="Mons Andre de buston"/>
               </TextLine>
               <TextLine ID="region_1638969758449_10127l22"
                         BASELINE="924,1988 1031,1980 1138,1974 1246,1968 1353,1964 1461,1960 1568,1956 1675,1954 1783,1954 1890,1952 1998,1952 2105,1954 2212,1954 2320,1956 2427,1957 2535,1958 2642,1960 2749,1962 2857,1964 2964,1965 3072,1966"
                         HEIGHT="169"
                         WIDTH="2178"
                         VPOS="1867"
                         HPOS="910">
                  <String ID="string_region_1638969758449_10127l22"
                          HEIGHT="169"
                          WIDTH="2178"
                          VPOS="1867"
                          HPOS="910"
                          CONTENT="non obstante quil y a long temp que ie n'ay pas eu de vous novelle"/>
               </TextLine>
               <TextLine ID="region_1638969758449_10127l23"
                         BASELINE="922,2070 1028,2067 1134,2064 1240,2062 1346,2060 1453,2058 1559,2056 1665,2054 1771,2053 1877,2052 1984,2050 2090,2050 2196,2048 2302,2048 2408,2048 2515,2048 2621,2048 2727,2048 2833,2048 2939,2048 3046,2050"
                         HEIGHT="160"
                         WIDTH="2154"
                         VPOS="1960"
                         HPOS="906">
                  <String ID="string_region_1638969758449_10127l23"
                          HEIGHT="160"
                          WIDTH="2154"
                          VPOS="1960"
                          HPOS="906"
                          CONTENT="i'espere que vous me n'oublie pas, et que vous est avec toutte vre"/>
               </TextLine>
               <TextLine ID="region_1638969758449_10127l24"
                         BASELINE="928,2160 1038,2154 1149,2150 1260,2146 1371,2142 1482,2140 1592,2138 1703,2137 1814,2136 1925,2136 2036,2136 2146,2136 2257,2136 2368,2136 2479,2138 2590,2138 2700,2138 2811,2140 2922,2140 3033,2140 3144,2140"
                         HEIGHT="180"
                         WIDTH="2246"
                         VPOS="2033"
                         HPOS="913">
                  <String ID="string_region_1638969758449_10127l24"
                          HEIGHT="180"
                          WIDTH="2246"
                          VPOS="2033"
                          HPOS="913"
                          CONTENT="famille en bon sanete, ie languisse pour le paix, esperant qu allors"/>
               </TextLine>
               <TextLine ID="region_1638969758449_10127l25"
                         BASELINE="916,2260 1024,2250 1132,2244 1241,2238 1349,2234 1458,2230 1566,2228 1674,2228 1783,2226 1891,2226 2000,2228 2108,2228 2216,2230 2325,2232 2433,2234 2542,2236 2650,2238 2758,2240 2867,2241 2975,2242 3084,2242"
                         HEIGHT="158"
                         WIDTH="2200"
                         VPOS="2140"
                         HPOS="901">
                  <String ID="string_region_1638969758449_10127l25"
                          HEIGHT="158"
                          WIDTH="2200"
                          VPOS="2140"
                          HPOS="901"
                          CONTENT="de voir nos amis &amp; la negoce florissant come du passe, comme ie"/>
               </TextLine>
               <TextLine ID="region_1638969758449_10127l26"
                         BASELINE="916,2348 1027,2344 1139,2340 1250,2336 1362,2332 1474,2330 1585,2328 1697,2326 1808,2324 1920,2324 2032,2323 2143,2322 2255,2322 2366,2322 2478,2322 2590,2324 2701,2324 2813,2324 2924,2324 3036,2326 3148,2326"
                         HEIGHT="113"
                         WIDTH="2264"
                         VPOS="2281"
                         HPOS="899">
                  <String ID="string_region_1638969758449_10127l26"
                          HEIGHT="113"
                          WIDTH="2264"
                          VPOS="2281"
                          HPOS="899"
                          CONTENT="veu vous faculiter, &amp; non pas incomoder de tout en vre payement,"/>
               </TextLine>
               <TextLine ID="region_1638969758449_10127l27"
                         BASELINE="912,2446 1024,2442 1136,2437 1248,2433 1360,2430 1472,2427 1584,2424 1696,2422 1808,2420 1920,2420 2032,2418 2144,2418 2256,2418 2368,2418 2480,2418 2592,2418 2704,2418 2816,2418 2928,2420 3040,2420 3152,2420"
                         HEIGHT="159"
                         WIDTH="2273"
                         VPOS="2331"
                         HPOS="895">
                  <String ID="string_region_1638969758449_10127l27"
                          HEIGHT="159"
                          WIDTH="2273"
                          VPOS="2331"
                          HPOS="895"
                          CONTENT="iay dilays iusquee present de tirer sur vous, puisque mes occasions"/>
               </TextLine>
               <TextLine ID="region_1638969758449_10127l28"
                         BASELINE="910,2550 1018,2544 1126,2540 1234,2536 1343,2532 1451,2528 1559,2524 1668,2521 1776,2518 1884,2516 1993,2514 2101,2512 2209,2510 2317,2510 2426,2510 2534,2510 2642,2510 2751,2510 2859,2512 2967,2512 3076,2514"
                         HEIGHT="145"
                         WIDTH="2197"
                         VPOS="2424"
                         HPOS="895">
                  <String ID="string_region_1638969758449_10127l28"
                          HEIGHT="145"
                          WIDTH="2197"
                          VPOS="2424"
                          HPOS="895"
                          CONTENT="me sont urgentens, i'ay tire auiourd huy sur vre grace £140:-"/>
               </TextLine>
               <TextLine ID="region_1638969758449_10127l29"
                         BASELINE="876,2656 988,2647 1101,2640 1214,2632 1327,2626 1440,2622 1552,2616 1665,2613 1778,2610 1891,2608 2004,2608 2116,2606 2229,2606 2342,2606 2455,2608 2568,2608 2680,2610 2793,2612 2906,2614 3019,2618 3132,2620"
                         HEIGHT="167"
                         WIDTH="2287"
                         VPOS="2516"
                         HPOS="860">
                  <String ID="string_region_1638969758449_10127l29"
                          HEIGHT="167"
                          WIDTH="2287"
                          VPOS="2516"
                          HPOS="860"
                          CONTENT="de gros payable amons Jaques trivier, vous priant d'honnorer en"/>
               </TextLine>
               <TextLine ID="region_1638969758449_10127l30"
                         BASELINE="904,2734 1010,2730 1117,2726 1224,2722 1331,2718 1438,2716 1544,2712 1651,2710 1758,2707 1865,2705 1972,2704 2078,2702 2185,2700 2292,2700 2399,2700 2506,2702 2612,2704 2719,2706 2826,2710 2933,2714 3040,2718"
                         HEIGHT="201"
                         WIDTH="2166"
                         VPOS="2598"
                         HPOS="889">
                  <String ID="string_region_1638969758449_10127l30"
                          HEIGHT="201"
                          WIDTH="2166"
                          VPOS="2598"
                          HPOS="889"
                          CONTENT="suitte, &amp; quand il s'offre quelque chose a vre service, ie serez"/>
               </TextLine>
               <TextLine ID="region_1638969758449_10127l31"
                         BASELINE="918,2826 1009,2824 1101,2822 1193,2818 1284,2816 1376,2814 1468,2812 1559,2810 1651,2808 1743,2806 1835,2804 1926,2804 2018,2802 2110,2802 2201,2802 2293,2802 2385,2802 2476,2802 2568,2804 2660,2806 2752,2808"
                         HEIGHT="170"
                         WIDTH="1867"
                         VPOS="2717"
                         HPOS="902">
                  <String ID="string_region_1638969758449_10127l31"
                          HEIGHT="170"
                          WIDTH="1867"
                          VPOS="2717"
                          HPOS="902"
                          CONTENT="bien aise devoir vos commandements puisque ie suis "/>
               </TextLine>
               <TextLine ID="region_1638969758449_10127l32"
                         BASELINE="2828,2904 2853,2902 2879,2902 2904,2902 2930,2904 2956,2904 2981,2904 3007,2902 3032,2901 3058,2898 3084,2896"
                         HEIGHT="213"
                         WIDTH="291"
                         VPOS="2762"
                         HPOS="2809">
                  <String ID="string_region_1638969758449_10127l32"
                          HEIGHT="213"
                          WIDTH="291"
                          VPOS="2762"
                          HPOS="2809"
                          CONTENT="29 huy"/>
               </TextLine>
               <TextLine ID="region_1638969758449_10127l33"
                         BASELINE="728,2996 776,2986 824,2976 872,2969 920,2961 969,2956 1017,2950 1065,2945 1113,2941 1161,2938 1210,2934 1258,2932 1306,2930 1354,2928 1402,2927 1451,2925 1499,2924 1547,2922 1595,2920 1643,2919 1692,2916"
                         HEIGHT="195"
                         WIDTH="1002"
                         VPOS="2839"
                         HPOS="707">
                  <String ID="string_region_1638969758449_10127l33"
                          HEIGHT="195"
                          WIDTH="1002"
                          VPOS="2839"
                          HPOS="707"
                          CONTENT="Mons Pierre Meurant"/>
               </TextLine>
               <TextLine ID="region_1638969758449_10127l34"
                         BASELINE="932,3038 1040,3030 1148,3023 1256,3017 1364,3012 1473,3008 1581,3005 1689,3002 1797,3002 1905,3000 2014,3000 2122,3000 2230,3000 2338,3000 2446,3002 2555,3002 2663,3002 2771,3004 2879,3004 2987,3004 3096,3004"
                         HEIGHT="134"
                         WIDTH="2197"
                         VPOS="2925"
                         HPOS="915">
                  <String ID="string_region_1638969758449_10127l34"
                          HEIGHT="134"
                          WIDTH="2197"
                          VPOS="2925"
                          HPOS="915"
                          CONTENT="non obstante qu'il ja passé un an que ie vous escriva ma derniere"/>
               </TextLine>
               <TextLine ID="region_1638969758449_10127l35"
                         BASELINE="940,3124 1049,3118 1158,3114 1267,3110 1376,3106 1485,3103 1594,3100 1703,3097 1812,3096 1921,3094 2030,3092 2139,3092 2248,3092 2357,3094 2466,3094 2575,3096 2684,3098 2793,3101 2902,3104 3011,3108 3120,3112"
                         HEIGHT="188"
                         WIDTH="2212"
                         VPOS="2991"
                         HPOS="923">
                  <String ID="string_region_1638969758449_10127l35"
                          HEIGHT="188"
                          WIDTH="2212"
                          VPOS="2991"
                          HPOS="923"
                          CONTENT="et que ie vous ay consenti touts vos refactions a condition de receonr"/>
               </TextLine>
               <TextLine ID="region_1638969758449_10127l36"
                         BASELINE="914,3222 1024,3217 1135,3213 1246,3210 1357,3206 1468,3202 1579,3200 1690,3196 1801,3194 1912,3192 2023,3190 2133,3188 2244,3188 2355,3188 2466,3186 2577,3188 2688,3188 2799,3190 2910,3190 3021,3193 3132,3196"
                         HEIGHT="140"
                         WIDTH="2252"
                         VPOS="3100"
                         HPOS="897">
                  <String ID="string_region_1638969758449_10127l36"
                          HEIGHT="140"
                          WIDTH="2252"
                          VPOS="3100"
                          HPOS="897"
                          CONTENT="icy vre remise ie n'ay pas eu de vous novelle depuis, portant i'espere"/>
               </TextLine>
               <TextLine ID="region_1638969758449_10127l37"
                         BASELINE="916,3320 1022,3316 1129,3312 1236,3307 1343,3303 1450,3298 1556,3294 1663,3290 1770,3286 1877,3284 1984,3282 2090,3280 2197,3278 2304,3278 2411,3278 2518,3278 2624,3282 2731,3285 2838,3290 2945,3296 3052,3302"
                         HEIGHT="126"
                         WIDTH="2167"
                         VPOS="3242"
                         HPOS="899">
                  <String ID="string_region_1638969758449_10127l37"
                          HEIGHT="126"
                          WIDTH="2167"
                          VPOS="3242"
                          HPOS="899"
                          CONTENT="que vous vous porte bien, et que vous avez la conserence encort"/>
               </TextLine>
               <TextLine ID="region_1638969758449_10127l38"
                         BASELINE="2346,3332 2374,3330 2403,3331 2432,3332 2461,3334 2490,3336"
                         HEIGHT="88"
                         WIDTH="176"
                         VPOS="3269"
                         HPOS="2330">
                  <String ID="string_region_1638969758449_10127l38"
                          HEIGHT="88"
                          WIDTH="176"
                          VPOS="3269"
                          HPOS="2330"
                          CONTENT="yen"/>
               </TextLine>
               <TextLine ID="region_1638969758449_10127l39"
                         BASELINE="908,3412 1017,3409 1127,3405 1237,3402 1347,3398 1457,3396 1566,3392 1676,3390 1786,3388 1896,3386 2006,3384 2115,3382 2225,3382 2335,3380 2445,3380 2555,3378 2664,3378 2774,3378 2884,3380 2994,3380 3104,3382"
                         HEIGHT="153"
                         WIDTH="2227"
                         VPOS="3281"
                         HPOS="891">
                  <String ID="string_region_1638969758449_10127l39"
                          HEIGHT="153"
                          WIDTH="2227"
                          VPOS="3281"
                          HPOS="891"
                          CONTENT="tendre comme du passe, si vous avez delaye avoy satisfaire faubre "/>
               </TextLine>
               <TextLine ID="region_1638969758449_10127l40"
                         BASELINE="916,3504 1024,3502 1133,3498 1241,3496 1350,3493 1459,3490 1567,3488 1676,3486 1784,3482 1893,3481 2002,3479 2110,3477 2219,3476 2327,3474 2436,3472 2545,3470 2653,3470 2762,3470 2870,3468 2979,3468 3088,3468"
                         HEIGHT="142"
                         WIDTH="2204"
                         VPOS="3391"
                         HPOS="901">
                  <String ID="string_region_1638969758449_10127l40"
                          HEIGHT="142"
                          WIDTH="2204"
                          VPOS="3391"
                          HPOS="901"
                          CONTENT="d'occasion, i'ay resolu enfin pour vous faciliter a tout detirers"/>
               </TextLine>
               <TextLine ID="region_1638969758449_10127l41"
                         BASELINE="912,3596 1021,3594 1131,3592 1241,3588 1351,3586 1461,3584 1570,3582 1680,3580 1790,3576 1900,3574 2010,3572 2119,3570 2229,3568 2339,3566 2449,3564 2559,3564 2668,3562 2778,3562 2888,3560 2998,3560 3108,3560"
                         HEIGHT="190"
                         WIDTH="2229"
                         VPOS="3471"
                         HPOS="894">
                  <String ID="string_region_1638969758449_10127l41"
                          HEIGHT="190"
                          WIDTH="2229"
                          VPOS="3471"
                          HPOS="894"
                          CONTENT="sur vous comme i'ay fait auiourd'huy paijable a Mons Jaques"/>
               </TextLine>
               <TextLine ID="region_1638969758449_10127l42"
                         BASELINE="920,3698 1027,3694 1135,3690 1243,3688 1351,3684 1459,3681 1566,3678 1674,3676 1782,3673 1890,3670 1998,3669 2105,3668 2213,3666 2321,3666 2429,3664 2537,3664 2644,3666 2752,3666 2860,3668 2968,3670 3076,3672"
                         HEIGHT="206"
                         WIDTH="2184"
                         VPOS="3556"
                         HPOS="906">
                  <String ID="string_region_1638969758449_10127l42"
                          HEIGHT="206"
                          WIDTH="2184"
                          VPOS="3556"
                          HPOS="906"
                          CONTENT="triviert ƒ 35 de gros argent de change, lescu a 48 patar, vous"/>
               </TextLine>
               <TextLine ID="region_1638969758449_10127l43"
                         BASELINE="908,3808 1019,3800 1131,3794 1243,3789 1355,3784 1467,3780 1578,3776 1690,3774 1802,3772 1914,3770 2026,3768 2137,3768 2249,3768 2361,3766 2473,3766 2585,3766 2696,3766 2808,3764 2920,3764 3032,3762 3144,3762"
                         HEIGHT="187"
                         WIDTH="2268"
                         VPOS="3686"
                         HPOS="890">
                  <String ID="string_region_1638969758449_10127l43"
                          HEIGHT="187"
                          WIDTH="2268"
                          VPOS="3686"
                          HPOS="890"
                          CONTENT="priant de payer en fuitte, et il sera ensatis factior de tout imsqua"/>
               </TextLine>
               <TextLine ID="region_1638969758449_10127l44"
                         BASELINE="916,3916 1024,3905 1132,3897 1240,3889 1348,3885 1456,3880 1564,3876 1672,3872 1780,3870 1888,3870 1996,3868 2104,3868 2212,3868 2320,3868 2428,3868 2536,3870 2644,3870 2752,3870 2860,3870 2968,3870 3076,3870"
                         HEIGHT="193"
                         WIDTH="2194"
                         VPOS="3786"
                         HPOS="899">
                  <String ID="string_region_1638969758449_10127l44"
                          HEIGHT="193"
                          WIDTH="2194"
                          VPOS="3786"
                          HPOS="899"
                          CONTENT="present non obstant que a conscience, vous me duez de reste"/>
               </TextLine>
               <TextLine ID="region_1638969758449_10127l45"
                         BASELINE="898,4024 1009,4013 1120,4004 1231,3996 1342,3989 1453,3984 1564,3979 1675,3976 1786,3973 1897,3971 2009,3970 2120,3970 2231,3970 2342,3972 2453,3972 2564,3974 2675,3976 2786,3980 2897,3982 3008,3984 3120,3986"
                         HEIGHT="184"
                         WIDTH="2255"
                         VPOS="3888"
                         HPOS="881">
                  <String ID="string_region_1638969758449_10127l45"
                          HEIGHT="184"
                          WIDTH="2255"
                          VPOS="3888"
                          HPOS="881"
                          CONTENT="£ 38:41 en argent de change paijable au suver a vre"/>
               </TextLine>
               <TextLine ID="region_1638969758449_10127l46"
                         BASELINE="938,4142 1001,4136 1065,4131 1128,4126 1192,4122 1255,4119 1319,4116 1382,4115 1446,4114 1509,4112 1573,4112 1636,4112 1700,4110 1763,4109 1827,4108 1890,4106 1954,4104 2017,4100 2081,4097 2144,4091 2208,4086"
                         HEIGHT="230"
                         WIDTH="1305"
                         VPOS="3977"
                         HPOS="920">
                  <String ID="string_region_1638969758449_10127l46"
                          HEIGHT="230"
                          WIDTH="1305"
                          VPOS="3977"
                          HPOS="920"
                          CONTENT="depend ie vous salue &amp; suis"/>
               </TextLine>
            </TextBlock>
            <TextBlock ID="region_1638969763210_10130"
                       HEIGHT="4249"
                       WIDTH="2588"
                       VPOS="160"
                       HPOS="3270">
               <Shape>
                  <Polygon POINTS="3270,160 5858,160 5858,4409 3270,4409"/>
               </Shape>
               <TextLine ID="region_1638969763210_10130l1"
                         BASELINE="5364,260 5389,262 5414,265 5439,267 5464,269 5489,271 5514,272 5540,273 5565,274 5590,274 5615,273 5640,272 5665,271 5691,267 5716,264 5741,259 5766,253 5791,245 5816,238 5842,228"
                         HEIGHT="195"
                         WIDTH="513"
                         VPOS="148"
                         HPOS="5345">
                  <String ID="string_region_1638969763210_10130l1"
                          HEIGHT="195"
                          WIDTH="513"
                          VPOS="148"
                          HPOS="5345"
                          CONTENT="29 Juy"/>
               </TextLine>
               <TextLine ID="region_1638969763210_10130l2"
                         BASELINE="3290,342 3336,330 3382,318 3428,310 3474,303 3520,297 3566,293 3612,289 3658,286 3704,284 3750,282 3796,280 3842,280 3888,278 3934,278 3980,277 4026,275 4072,274 4118,270 4164,266 4210,262"
                         HEIGHT="214"
                         WIDTH="956"
                         VPOS="197"
                         HPOS="3268">
                  <String ID="string_region_1638969763210_10130l2"
                          HEIGHT="214"
                          WIDTH="956"
                          VPOS="197"
                          HPOS="3268"
                          CONTENT="Mons Jaques Bascourt"/>
               </TextLine>
               <TextLine ID="region_1638969763210_10130l3"
                         BASELINE="3396,400 3514,388 3632,378 3750,370 3868,362 3987,357 4105,353 4223,351 4341,350 4459,348 4578,350 4696,350 4814,352 4932,356 5050,359 5169,363 5287,367 5405,372 5523,376 5641,382 5760,386"
                         HEIGHT="214"
                         WIDTH="2395"
                         VPOS="253"
                         HPOS="3380">
                  <String ID="string_region_1638969763210_10130l3"
                          HEIGHT="214"
                          WIDTH="2395"
                          VPOS="253"
                          HPOS="3380"
                          CONTENT="je vous ay escrit plusieurs lettres, et iusqua prssent pas trouve"/>
               </TextLine>
               <TextLine ID="region_1638969763210_10130l4"
                         BASELINE="3388,504 3509,490 3630,476 3752,467 3873,459 3995,454 4116,448 4237,446 4359,444 4480,444 4602,446 4723,448 4844,450 4966,454 5087,458 5209,461 5330,466 5451,469 5573,473 5694,476 5816,478"
                         HEIGHT="217"
                         WIDTH="2460"
                         VPOS="357"
                         HPOS="3371">
                  <String ID="string_region_1638969763210_10130l4"
                          HEIGHT="217"
                          WIDTH="2460"
                          VPOS="357"
                          HPOS="3371"
                          CONTENT="quelque response, ie me ne puis pas maginer ine considerer la raison"/>
               </TextLine>
               <TextLine ID="region_1638969763210_10130l5"
                         BASELINE="3386,596 3499,585 3612,575 3725,566 3839,559 3952,552 4065,549 4179,546 4292,543 4405,542 4519,542 4632,542 4745,544 4858,546 4972,548 5085,552 5198,556 5312,562 5425,566 5538,570 5652,576"
                         HEIGHT="142"
                         WIDTH="2298"
                         VPOS="482"
                         HPOS="3370">
                  <String ID="string_region_1638969763210_10130l5"
                          HEIGHT="142"
                          WIDTH="2298"
                          VPOS="482"
                          HPOS="3370"
                          CONTENT="ie ne croy pas de vous avoir donner quelque offince, ie vous ay"/>
               </TextLine>
               <TextLine ID="region_1638969763210_10130l6"
                         BASELINE="3402,688 3522,675 3643,664 3764,655 3885,648 4006,642 4127,638 4248,636 4369,634 4490,634 4611,636 4731,637 4852,639 4973,642 5094,646 5215,648 5336,653 5457,656 5578,660 5699,664 5820,666"
                         HEIGHT="175"
                         WIDTH="2447"
                         VPOS="539"
                         HPOS="3387">
                  <String ID="string_region_1638969763210_10130l6"
                          HEIGHT="175"
                          WIDTH="2447"
                          VPOS="539"
                          HPOS="3387"
                          CONTENT="tousiours servi si fiscliment &amp; avec tant de respect qu'il soit conter"/>
               </TextLine>
               <TextLine ID="region_1638969763210_10130l7"
                         BASELINE="3394,786 3514,776 3634,766 3754,757 3874,751 3994,746 4114,742 4234,739 4354,738 4474,736 4595,736 4715,738 4835,740 4955,742 5075,744 5195,746 5315,749 5435,752 5555,756 5675,758 5796,760"
                         HEIGHT="186"
                         WIDTH="2435"
                         VPOS="639"
                         HPOS="3377">
                  <String ID="string_region_1638969763210_10130l7"
                          HEIGHT="186"
                          WIDTH="2435"
                          VPOS="639"
                          HPOS="3377"
                          CONTENT="tout raison &amp; conscience que vous me n'avez pas satiffait il ya"/>
               </TextLine>
               <TextLine ID="region_1638969763210_10130l8"
                         BASELINE="4508,788 4534,788 4560,788 4586,788 4612,786"
                         HEIGHT="70"
                         WIDTH="135"
                         VPOS="743"
                         HPOS="4494">
                  <String ID="string_region_1638969763210_10130l8"
                          HEIGHT="70"
                          WIDTH="135"
                          VPOS="743"
                          HPOS="4494"
                          CONTENT="4y ex"/>
               </TextLine>
               <TextLine ID="region_1638969763210_10130l9"
                         BASELINE="3382,894 3501,881 3621,870 3741,861 3861,853 3981,848 4101,844 4221,841 4341,840 4461,840 4581,840 4700,840 4820,842 4940,845 5060,848 5180,850 5300,854 5420,856 5540,859 5660,860 5780,862"
                         HEIGHT="172"
                         WIDTH="2429"
                         VPOS="759"
                         HPOS="3366">
                  <String ID="string_region_1638969763210_10130l9"
                          HEIGHT="172"
                          WIDTH="2429"
                          VPOS="759"
                          HPOS="3366"
                          CONTENT="longtemp, dune autre part ie consideration que vous avez fait"/>
               </TextLine>
               <TextLine ID="region_1638969763210_10130l10"
                         BASELINE="3404,992 3523,979 3642,968 3762,959 3881,952 4001,946 4120,942 4239,940 4359,938 4478,938 4598,940 4717,940 4836,944 4956,946 5075,950 5195,953 5314,957 5433,962 5553,965 5672,968 5792,972"
                         HEIGHT="206"
                         WIDTH="2416"
                         VPOS="852"
                         HPOS="3390">
                  <String ID="string_region_1638969763210_10130l10"
                          HEIGHT="206"
                          WIDTH="2416"
                          VPOS="852"
                          HPOS="3390"
                          CONTENT="quelque perte en lattacque de mons, et quil faut avoir delarant"/>
               </TextLine>
               <TextLine ID="region_1638969763210_10130l11"
                         BASELINE="3408,1088 3525,1080 3642,1073 3759,1067 3876,1062 3994,1058 4111,1054 4228,1052 4345,1050 4462,1050 4580,1050 4697,1050 4814,1052 4931,1054 5048,1056 5166,1060 5283,1063 5400,1068 5517,1073 5634,1079 5752,1086"
                         HEIGHT="207"
                         WIDTH="2376"
                         VPOS="950"
                         HPOS="3392">
                  <String ID="string_region_1638969763210_10130l11"
                          HEIGHT="207"
                          WIDTH="2376"
                          VPOS="950"
                          HPOS="3392"
                          CONTENT="pour eut retenir la commece, et achapter de fabrieque de france"/>
               </TextLine>
               <TextLine ID="region_1638969763210_10130l12"
                         BASELINE="3394,1204 3512,1197 3630,1190 3748,1184 3867,1178 3985,1173 4103,1168 4222,1164 4340,1162 4458,1158 4577,1158 4695,1156 4813,1156 4931,1156 5050,1158 5168,1160 5286,1163 5405,1168 5523,1173 5641,1179 5760,1186"
                         HEIGHT="206"
                         WIDTH="2395"
                         VPOS="1057"
                         HPOS="3379">
                  <String ID="string_region_1638969763210_10130l12"
                          HEIGHT="206"
                          WIDTH="2395"
                          VPOS="1057"
                          HPOS="3379"
                          CONTENT="mais si vous voudriez vous me poudriez bien payer quelque chose"/>
               </TextLine>
               <TextLine ID="region_1638969763210_10130l13"
                         BASELINE="3394,1290 3510,1283 3627,1276 3743,1271 3860,1268 3977,1264 4093,1262 4210,1262 4326,1262 4443,1262 4560,1262 4676,1264 4793,1267 4909,1270 5026,1274 5143,1277 5259,1282 5376,1286 5492,1290 5609,1294 5726,1298"
                         HEIGHT="185"
                         WIDTH="2363"
                         VPOS="1175"
                         HPOS="3379">
                  <String ID="string_region_1638969763210_10130l13"
                          HEIGHT="185"
                          WIDTH="2363"
                          VPOS="1175"
                          HPOS="3379"
                          CONTENT="et comme iay raison d'attendre cette civilite de vre personne pour "/>
               </TextLine>
               <TextLine ID="region_1638969763210_10130l14"
                         BASELINE="3400,1396 3516,1384 3632,1375 3748,1369 3864,1364 3981,1360 4097,1357 4213,1356 4329,1356 4445,1358 4562,1359 4678,1362 4794,1365 4910,1368 5026,1373 5143,1378 5259,1382 5375,1386 5491,1391 5607,1394 5724,1398"
                         HEIGHT="138"
                         WIDTH="2356"
                         VPOS="1271"
                         HPOS="3383">
                  <String ID="string_region_1638969763210_10130l14"
                          HEIGHT="138"
                          WIDTH="2356"
                          VPOS="1271"
                          HPOS="3383"
                          CONTENT="cette fois i'ay envoiyé quon assigne de £40 de gros a vre charge"/>
               </TextLine>
               <TextLine ID="region_1638969763210_10130l15"
                         BASELINE="3400,1508 3514,1498 3628,1489 3742,1481 3856,1476 3970,1470 4084,1464 4198,1460 4312,1458 4426,1454 4540,1454 4654,1452 4768,1452 4882,1454 4996,1456 5110,1458 5224,1462 5338,1466 5452,1472 5566,1477 5680,1484"
                         HEIGHT="218"
                         WIDTH="2310"
                         VPOS="1357"
                         HPOS="3385">
                  <String ID="string_region_1638969763210_10130l15"
                          HEIGHT="218"
                          WIDTH="2310"
                          VPOS="1357"
                          HPOS="3385"
                          CONTENT="payable a Mons trivier: mons. ne refuse pas le payement et vous"/>
               </TextLine>
               <TextLine ID="region_1638969763210_10130l16"
                         BASELINE="3380,1608 3500,1599 3620,1589 3740,1582 3860,1574 3981,1569 4101,1565 4221,1559 4341,1556 4461,1554 4582,1552 4702,1550 4822,1550 4942,1550 5062,1552 5183,1554 5303,1556 5423,1560 5543,1564 5663,1569 5784,1576"
                         HEIGHT="154"
                         WIDTH="2435"
                         VPOS="1469"
                         HPOS="3364">
                  <String ID="string_region_1638969763210_10130l16"
                          HEIGHT="154"
                          WIDTH="2435"
                          VPOS="1469"
                          HPOS="3364"
                          CONTENT="mobligerez, et non obstante que nous sommes pas en elbast de vous"/>
               </TextLine>
               <TextLine ID="region_1638969763210_10130l17"
                         BASELINE="3390,1720 3512,1708 3634,1698 3756,1688 3879,1681 4001,1674 4123,1668 4246,1664 4368,1660 4490,1658 4613,1656 4735,1654 4857,1654 4979,1654 5102,1656 5224,1656 5346,1658 5469,1660 5591,1662 5713,1664 5836,1666"
                         HEIGHT="202"
                         WIDTH="2478"
                         VPOS="1549"
                         HPOS="3373">
                  <String ID="string_region_1638969763210_10130l17"
                          HEIGHT="202"
                          WIDTH="2478"
                          VPOS="1549"
                          HPOS="3373"
                          CONTENT="rendre service i'espere que p une paix nre amitie precedente &amp; comene"/>
               </TextLine>
               <TextLine ID="region_1638969763210_10130l18"
                         BASELINE="3404,1822 3521,1808 3639,1798 3756,1789 3874,1779 3991,1773 4109,1768 4226,1764 4344,1760 4461,1758 4579,1756 4696,1756 4814,1756 4931,1756 5049,1758 5166,1758 5284,1760 5401,1762 5519,1764 5636,1766 5754,1766"
                         HEIGHT="200"
                         WIDTH="2384"
                         VPOS="1670"
                         HPOS="3387">
                  <String ID="string_region_1638969763210_10130l18"
                          HEIGHT="200"
                          WIDTH="2384"
                          VPOS="1670"
                          HPOS="3387"
                          CONTENT="renouvellera, &amp; ie nemanquerez point de mapart de tes moigner que "/>
               </TextLine>
               <TextLine ID="region_1638969763210_10130l19"
                         BASELINE="3392,1908 3419,1905 3446,1902 3473,1900 3500,1898 3527,1895 3554,1891 3581,1889 3608,1884"
                         HEIGHT="154"
                         WIDTH="254"
                         VPOS="1817"
                         HPOS="3371">
                  <String ID="string_region_1638969763210_10130l19"
                          HEIGHT="154"
                          WIDTH="254"
                          VPOS="1817"
                          HPOS="3371"
                          CONTENT="12 suis"/>
               </TextLine>
               <TextLine ID="region_1638969763210_10130l20"
                         BASELINE="5432,1970 5458,1969 5485,1968 5512,1967 5539,1966 5565,1965 5592,1964 5619,1962 5646,1962 5672,1960 5699,1959 5726,1957 5753,1955 5780,1952"
                         HEIGHT="197"
                         WIDTH="384"
                         VPOS="1843"
                         HPOS="5413">
                  <String ID="string_region_1638969763210_10130l20"
                          HEIGHT="197"
                          WIDTH="384"
                          VPOS="1843"
                          HPOS="5413"
                          CONTENT="29 Juny"/>
               </TextLine>
               <TextLine ID="region_1638969763210_10130l21"
                         BASELINE="3276,2096 3335,2083 3394,2071 3453,2061 3512,2051 3571,2044 3630,2036 3689,2029 3748,2023 3807,2017 3867,2012 3926,2007 3985,2003 4044,2000 4103,1996 4162,1992 4221,1990 4280,1986 4339,1984 4398,1980 4458,1976"
                         HEIGHT="350"
                         WIDTH="1210"
                         VPOS="1817"
                         HPOS="3250">
                  <String ID="string_region_1638969763210_10130l21"
                          HEIGHT="350"
                          WIDTH="1210"
                          VPOS="1817"
                          HPOS="3250"
                          CONTENT="Mons Laurens Frans Porrin"/>
               </TextLine>
               <TextLine ID="region_1638969763210_10130l22"
                         BASELINE="3398,2144 3514,2136 3631,2129 3747,2122 3864,2117 3980,2113 4097,2110 4213,2108 4330,2106 4446,2104 4563,2104 4679,2104 4796,2104 4912,2104 5029,2104 5145,2104 5262,2106 5378,2106 5495,2106 5611,2106 5728,2104"
                         HEIGHT="203"
                         WIDTH="2359"
                         VPOS="1984"
                         HPOS="3383">
                  <String ID="string_region_1638969763210_10130l22"
                          HEIGHT="203"
                          WIDTH="2359"
                          VPOS="1984"
                          HPOS="3383"
                          CONTENT="lafiespere que vous &amp; toutte vre famille est en bon fauete, et que "/>
               </TextLine>
               <TextLine ID="region_1638969763210_10130l23"
                         BASELINE="3398,2240 3515,2233 3633,2226 3751,2220 3869,2214 3987,2208 4105,2205 4223,2200 4341,2198 4459,2194 4577,2192 4694,2191 4812,2190 4930,2190 5048,2192 5166,2193 5284,2196 5402,2200 5520,2204 5638,2210 5756,2216"
                         HEIGHT="161"
                         WIDTH="2390"
                         VPOS="2115"
                         HPOS="3381">
                  <String ID="string_region_1638969763210_10130l23"
                          HEIGHT="161"
                          WIDTH="2390"
                          VPOS="2115"
                          HPOS="3381"
                          CONTENT="vous me n'oublie pas, non obstante que vous lae me ne donne pas "/>
               </TextLine>
               <TextLine ID="region_1638969763210_10130l24"
                         BASELINE="3398,2338 3516,2334 3634,2329 3752,2326 3870,2321 3988,2317 4106,2313 4224,2310 4342,2306 4460,2302 4579,2300 4697,2298 4815,2296 4933,2296 5051,2296 5169,2298 5287,2300 5405,2303 5523,2308 5641,2313 5760,2320"
                         HEIGHT="181"
                         WIDTH="2393"
                         VPOS="2200"
                         HPOS="3383">
                  <String ID="string_region_1638969763210_10130l24"
                          HEIGHT="181"
                          WIDTH="2393"
                          VPOS="2200"
                          HPOS="3383"
                          CONTENT="la satisfaction necaissaire, il est vray que la cevilite &amp; l'estime que "/>
               </TextLine>
               <TextLine ID="region_1638969763210_10130l25"
                         BASELINE="3392,2440 3511,2434 3630,2430 3750,2425 3869,2420 3989,2416 4108,2412 4227,2408 4347,2406 4466,2402 4586,2400 4705,2398 4824,2398 4944,2398 5063,2400 5183,2401 5302,2404 5421,2408 5541,2414 5660,2420 5780,2426"
                         HEIGHT="116"
                         WIDTH="2419"
                         VPOS="2353"
                         HPOS="3377">
                  <String ID="string_region_1638969763210_10130l25"
                          HEIGHT="116"
                          WIDTH="2419"
                          VPOS="2353"
                          HPOS="3377"
                          CONTENT="i'ay pour vre personne m'a commande iusqua present la silence, mais"/>
               </TextLine>
               <TextLine ID="region_1638969763210_10130l26"
                         BASELINE="3378,2556 3499,2546 3621,2535 3742,2528 3864,2522 3986,2516 4107,2510 4229,2506 4350,2504 4472,2502 4594,2500 4715,2500 4837,2500 4958,2500 5080,2500 5202,2502 5323,2502 5445,2502 5566,2504 5688,2504 5810,2504"
                         HEIGHT="166"
                         WIDTH="2464"
                         VPOS="2438"
                         HPOS="3362">
                  <String ID="string_region_1638969763210_10130l26"
                          HEIGHT="166"
                          WIDTH="2464"
                          VPOS="2438"
                          HPOS="3362"
                          CONTENT="il fault advusser d'une maniere on d'autre, et d'autant plus acause"/>
               </TextLine>
               <TextLine ID="region_1638969763210_10130l27"
                         BASELINE="3390,2654 3511,2642 3632,2632 3753,2624 3874,2617 3995,2612 4116,2609 4237,2606 4358,2605 4479,2604 4600,2604 4721,2604 4842,2604 4963,2606 5084,2606 5205,2606 5326,2606 5447,2604 5568,2602 5689,2598 5810,2594"
                         HEIGHT="208"
                         WIDTH="2450"
                         VPOS="2514"
                         HPOS="3376">
                  <String ID="string_region_1638969763210_10130l27"
                          HEIGHT="208"
                          WIDTH="2450"
                          VPOS="2514"
                          HPOS="3376"
                          CONTENT="que p la mort de ma femme il me fault tacher d'obtenir paijement"/>
               </TextLine>
               <TextLine ID="region_1638969763210_10130l28"
                         BASELINE="3390,2760 3508,2745 3626,2733 3744,2723 3863,2714 3981,2708 4099,2704 4218,2700 4336,2698 4454,2698 4573,2698 4691,2700 4809,2702 4927,2704 5046,2708 5164,2711 5282,2714 5401,2716 5519,2720 5637,2722 5756,2724"
                         HEIGHT="204"
                         WIDTH="2395"
                         VPOS="2614"
                         HPOS="3375">
                  <String ID="string_region_1638969763210_10130l28"
                          HEIGHT="204"
                          WIDTH="2395"
                          VPOS="2614"
                          HPOS="3375"
                          CONTENT="de touts mes debtes &amp; ie scay bien que vous est une personne de"/>
               </TextLine>
               <TextLine ID="region_1638969763210_10130l29"
                         BASELINE="3388,2852 3507,2841 3626,2832 3746,2824 3865,2817 3985,2813 4104,2809 4223,2806 4343,2806 4462,2806 4582,2806 4701,2808 4820,2810 4940,2812 5059,2816 5179,2820 5298,2824 5417,2828 5537,2834 5656,2838 5776,2844"
                         HEIGHT="173"
                         WIDTH="2419"
                         VPOS="2725"
                         HPOS="3373">
                  <String ID="string_region_1638969763210_10130l29"
                          HEIGHT="173"
                          WIDTH="2419"
                          VPOS="2725"
                          HPOS="3373"
                          CONTENT="consciene &amp; que vous avez assez du quoy &amp; que vous navez pas de "/>
               </TextLine>
               <TextLine ID="region_1638969763210_10130l30"
                         BASELINE="3402,2962 3514,2950 3627,2939 3740,2929 3853,2920 3966,2914 4079,2908 4192,2905 4305,2902 4418,2900 4531,2900 4643,2900 4756,2902 4869,2904 4982,2906 5095,2910 5208,2913 5321,2918 5434,2923 5547,2928 5660,2934"
                         HEIGHT="180"
                         WIDTH="2291"
                         VPOS="2827"
                         HPOS="3385">
                  <String ID="string_region_1638969763210_10130l30"
                          HEIGHT="180"
                          WIDTH="2291"
                          VPOS="2827"
                          HPOS="3385"
                          CONTENT="raison d'excuse pour me satisfaire ie me trouve oblige de vous"/>
               </TextLine>
               <TextLine ID="region_1638969763210_10130l31"
                         BASELINE="3400,3056 3519,3041 3638,3027 3758,3016 3877,3008 3997,3003 4116,2999 4235,2998 4355,2996 4474,2998 4594,3000 4713,3003 4832,3006 4952,3012 5071,3016 5191,3020 5310,3024 5429,3028 5549,3032 5668,3034 5788,3036"
                         HEIGHT="215"
                         WIDTH="2420"
                         VPOS="2908"
                         HPOS="3384">
                  <String ID="string_region_1638969763210_10130l31"
                          HEIGHT="215"
                          WIDTH="2420"
                          VPOS="2908"
                          HPOS="3384"
                          CONTENT="prier de payer pour moy la reste de £23:13:9 de change que"/>
               </TextLine>
               <TextLine ID="region_1638969763210_10130l32"
                         BASELINE="3396,3170 3516,3149 3636,3134 3757,3122 3877,3112 3998,3106 4118,3100 4238,3098 4359,3096 4479,3098 4600,3100 4720,3103 4840,3108 4961,3112 5081,3118 5202,3122 5322,3128 5442,3132 5563,3136 5683,3140 5804,3142"
                         HEIGHT="174"
                         WIDTH="2438"
                         VPOS="3020"
                         HPOS="3382">
                  <String ID="string_region_1638969763210_10130l32"
                          HEIGHT="174"
                          WIDTH="2438"
                          VPOS="3020"
                          HPOS="3382"
                          CONTENT="vous me devez a mons trivier, vous scavez qu'il ny a roeu a contre"/>
               </TextLine>
               <TextLine ID="region_1638969763210_10130l33"
                         BASELINE="3390,3266 3508,3251 3626,3238 3744,3228 3862,3219 3981,3212 4099,3208 4217,3205 4335,3204 4453,3204 4572,3204 4690,3206 4808,3210 4926,3214 5044,3219 5163,3224 5281,3232 5399,3238 5517,3244 5635,3252 5754,3260"
                         HEIGHT="232"
                         WIDTH="2395"
                         VPOS="3104"
                         HPOS="3376">
                  <String ID="string_region_1638969763210_10130l33"
                          HEIGHT="232"
                          WIDTH="2395"
                          VPOS="3104"
                          HPOS="3376"
                          CONTENT="dire &amp; que le compte est biquide la plus part procedant du drap"/>
               </TextLine>
               <TextLine ID="region_1638969763210_10130l34"
                         BASELINE="3394,3360 3513,3348 3632,3339 3752,3330 3871,3324 3991,3320 4110,3316 4229,3314 4349,3314 4468,3314 4588,3314 4707,3316 4826,3320 4946,3323 5065,3328 5185,3332 5304,3336 5423,3342 5543,3347 5662,3352 5782,3358"
                         HEIGHT="208"
                         WIDTH="2420"
                         VPOS="3216"
                         HPOS="3378">
                  <String ID="string_region_1638969763210_10130l34"
                          HEIGHT="208"
                          WIDTH="2420"
                          VPOS="3216"
                          HPOS="3378"
                          CONTENT="fillia mort a vous envoye 5 auourt 1690 qui porte £18:- u "/>
               </TextLine>
               <TextLine ID="region_1638969763210_10130l35"
                         BASELINE="3374,3468 3492,3456 3610,3447 3728,3438 3846,3432 3965,3426 4083,3424 4201,3420 4319,3420 4437,3420 4556,3420 4674,3422 4792,3424 4910,3428 5028,3433 5147,3438 5265,3443 5383,3449 5501,3457 5619,3463 5738,3470"
                         HEIGHT="214"
                         WIDTH="2396"
                         VPOS="3319"
                         HPOS="3358">
                  <String ID="string_region_1638969763210_10130l35"
                          HEIGHT="214"
                          WIDTH="2396"
                          VPOS="3319"
                          HPOS="3358"
                          CONTENT="plus ie vous prie de conndirer que iay vendu le drap coleur de "/>
               </TextLine>
               <TextLine ID="region_1638969763210_10130l36"
                         BASELINE="3386,3562 3503,3551 3620,3542 3737,3536 3854,3530 3971,3526 4088,3523 4205,3522 4322,3522 4439,3522 4556,3524 4673,3525 4790,3528 4907,3530 5024,3533 5141,3536 5258,3538 5375,3540 5492,3543 5609,3544 5726,3544"
                         HEIGHT="204"
                         WIDTH="2371"
                         VPOS="3423"
                         HPOS="3371">
                  <String ID="string_region_1638969763210_10130l36"
                          HEIGHT="204"
                          WIDTH="2371"
                          VPOS="3423"
                          HPOS="3371"
                          CONTENT="feu alm 22 sullet 1690 amotes de smet de brussel lequelle "/>
               </TextLine>
               <TextLine ID="region_1638969763210_10130l37"
                         BASELINE="3380,3678 3495,3669 3610,3661 3725,3653 3840,3648 3955,3644 4070,3640 4185,3638 4300,3636 4415,3636 4530,3636 4645,3638 4760,3638 4875,3640 4990,3644 5105,3646 5220,3650 5335,3654 5450,3658 5565,3662 5680,3666"
                         HEIGHT="176"
                         WIDTH="2331"
                         VPOS="3515"
                         HPOS="3366">
                  <String ID="string_region_1638969763210_10130l37"
                          HEIGHT="176"
                          WIDTH="2331"
                          VPOS="3515"
                          HPOS="3366"
                          CONTENT="a reste quelque temp edians sore bontique &amp; ay estes trove"/>
               </TextLine>
               <TextLine ID="region_1638969763210_10130l38"
                         BASELINE="5180,3706 5205,3708 5230,3709 5256,3710 5281,3710 5306,3712 5332,3713 5357,3714 5382,3714 5408,3714 5433,3714 5458,3714 5484,3712"
                         HEIGHT="104"
                         WIDTH="337"
                         VPOS="3646"
                         HPOS="5164">
                  <String ID="string_region_1638969763210_10130l38"
                          HEIGHT="104"
                          WIDTH="337"
                          VPOS="3646"
                          HPOS="5164"
                          CONTENT="quil m a"/>
               </TextLine>
               <TextLine ID="region_1638969763210_10130l39"
                         BASELINE="3388,3780 3505,3772 3622,3766 3740,3762 3857,3758 3975,3756 4092,3756 4209,3756 4327,3758 4444,3758 4562,3761 4679,3764 4796,3766 4914,3770 5031,3772 5149,3774 5266,3777 5383,3778 5501,3780 5618,3780 5736,3780"
                         HEIGHT="203"
                         WIDTH="2377"
                         VPOS="3645"
                         HPOS="3374">
                  <String ID="string_region_1638969763210_10130l39"
                          HEIGHT="203"
                          WIDTH="2377"
                          VPOS="3645"
                          HPOS="3374"
                          CONTENT="plant avec bean coup de taches &amp; des vermes &amp; qui ay fallu"/>
               </TextLine>
               <TextLine ID="region_1638969763210_10130l40"
                         BASELINE="3406,3882 3523,3875 3640,3870 3758,3866 3875,3864 3993,3862 4110,3860 4227,3860 4345,3862 4462,3863 4580,3864 4697,3868 4814,3870 4932,3872 5049,3876 5167,3879 5284,3882 5401,3884 5519,3886 5636,3888 5754,3890"
                         HEIGHT="201"
                         WIDTH="2380"
                         VPOS="3759"
                         HPOS="3390">
                  <String ID="string_region_1638969763210_10130l40"
                          HEIGHT="201"
                          WIDTH="2380"
                          VPOS="3759"
                          HPOS="3390"
                          CONTENT="luy laister rabattre £3:- pour obtenir le payement, ce que"/>
               </TextLine>
               <TextLine ID="region_1638969763210_10130l41"
                         BASELINE="3392,3990 3507,3985 3623,3979 3739,3976 3855,3972 3971,3970 4086,3970 4202,3970 4318,3970 4434,3972 4550,3974 4665,3975 4781,3978 4897,3980 5013,3982 5129,3984 5244,3987 5360,3989 5476,3990 5592,3992 5708,3994"
                         HEIGHT="131"
                         WIDTH="2346"
                         VPOS="3863"
                         HPOS="3378">
                  <String ID="string_region_1638969763210_10130l41"
                          HEIGHT="131"
                          WIDTH="2346"
                          VPOS="3863"
                          HPOS="3378"
                          CONTENT="vre grace me doit de intresser a conscience, aiisi que nee"/>
               </TextLine>
               <TextLine ID="region_1638969763210_10130l42"
                         BASELINE="3396,4090 3517,4086 3638,4082 3759,4080 3880,4078 4002,4077 4123,4076 4244,4078 4365,4078 4486,4080 4608,4080 4729,4083 4850,4086 4971,4088 5092,4090 5214,4093 5335,4096 5456,4098 5577,4100 5698,4104 5820,4106"
                         HEIGHT="166"
                         WIDTH="2457"
                         VPOS="3995"
                         HPOS="3379">
                  <String ID="string_region_1638969763210_10130l42"
                          HEIGHT="166"
                          WIDTH="2457"
                          VPOS="3995"
                          HPOS="3379"
                          CONTENT="pretension seroit £26:13:9 en non obstante vous doner"/>
               </TextLine>
               <TextLine ID="region_1638969763210_10130l43"
                         BASELINE="3374,4184 3493,4178 3613,4174 3733,4172 3853,4170 3973,4170 4093,4170 4213,4172 4333,4174 4453,4176 4573,4178 4692,4182 4812,4184 4932,4188 5052,4190 5172,4192 5292,4194 5412,4196 5532,4196 5652,4194 5772,4194"
                         HEIGHT="181"
                         WIDTH="2430"
                         VPOS="4090"
                         HPOS="3358">
                  <String ID="string_region_1638969763210_10130l43"
                          HEIGHT="181"
                          WIDTH="2430"
                          VPOS="4090"
                          HPOS="3358"
                          CONTENT="ben esperance que la commerce reviendra libre et que ie pour roiz"/>
               </TextLine>
               <TextLine ID="region_1638969763210_10130l44"
                         BASELINE="3402,4288 3516,4283 3630,4278 3744,4274 3858,4270 3972,4268 4086,4268 4200,4268 4314,4270 4428,4272 4542,4274 4656,4276 4770,4280 4884,4285 4998,4290 5112,4294 5226,4299 5340,4305 5454,4310 5568,4315 5682,4320"
                         HEIGHT="146"
                         WIDTH="2311"
                         VPOS="4224"
                         HPOS="3388">
                  <String ID="string_region_1638969763210_10130l44"
                          HEIGHT="146"
                          WIDTH="2311"
                          VPOS="4224"
                          HPOS="3388"
                          CONTENT="vous faire plus de services ie me tiendre satiffait si vous voulez"/>
               </TextLine>
               <TextLine ID="region_1638969763210_10130l45"
                         BASELINE="3394,4356 3467,4356 3541,4356 3614,4356 3688,4356 3762,4357 3835,4358 3909,4358 3982,4358 4056,4360 4130,4360 4203,4360 4277,4362 4350,4362 4424,4362 4498,4362 4571,4362 4645,4364 4718,4364 4792,4364 4866,4362"
                         HEIGHT="85"
                         WIDTH="1502"
                         VPOS="4278"
                         HPOS="3379">
                  <String ID="string_region_1638969763210_10130l45"
                          HEIGHT="85"
                          WIDTH="1502"
                          VPOS="4278"
                          HPOS="3379"
                          CONTENT="payer selon que i'ay tire puisque ie suis"/>
               </TextLine>
            </TextBlock>
         </PrintSpace>
      </Page>
   </Layout>
</alto>
