7344 4507
611 162 2459 154 Ick hebbe veele verse. goederen becommen, heeft ue genegenthen iet

517 261 2542 156 te coopen, sal daer voor een cleyn winst afscheyden, midts ick gesint ben

611 360 1791 178 uyt de negotie ten deele te scheyden agoverno blijve

2610 442 367 183 18 July

431 453 1145 203 Brussel Christiaen segers

590 569 2467 178 door het hechten & afsterven van myne huysvrouwe hebbe

578 687 2477 186 ick vernegligeert aen ue te laten weten het arrivement van onse noortse

567 816 2385 168 goederen de gene ick in groote quantiteyt hebbe ontfangen, oeden

536 914 2517 190 become p expresse tijdinge dat een convoij tot ostende is gearriveert met

592 1007 2465 207 fijn goet soo de selve hier comen sal het selve cito aen ue laeten wete

562 1143 2424 159 het is nu myne reyse doch wete niet of ick iemandt in mijn plaets bij

576 1226 2436 139 ue mach seynden, evenwel ick neme de vrijscheyt door mons rousseau

581 1356 2474 142 4 desen brief te doen behandigen belieft ue hem iedts te geven voor mijn

596 1466 2477 131 rekeninge, ue mach dat doen onder syne quittantie, sonder myn bewijse & can

597 1558 1782 143 ick  dinst doen commandeert liberlijck die blyve

2689 1610 326 200 sen selie

413 1626 1067 192 eeee  vaeiii

581 1699 2406 215 ccmpbe

557 2038 2387 195 p   l s

577 2156 2468 143 il

585 2251 2423 164 us   ilvent  uelue

723 2433 1869 164 200

2246 2548 482 151 liijns

2275 2743 249 126 u

2240 2831 397 167 20o

2631 2935 200 190 11di

417 2968 971 232 brussel govaert ververs

539 3039 2469 237 Gedt heeft my comen besoecken met het verlies van myne huysvrouwe

521 3197 2485 171 nu soude ick geirne de negotie verlaeten, ick hebbe vel veel goederen int

550 3263 2433 218 t packhuys, ende noch son a 12 packen gesloten heeft ue genegentheyt

547 3391 2431 160 om iedts met mij te handelen, ick sal te meeste paert sonder winst ende

522 3467 2469 135 de gesloten packen, tot seer luttel profyt ue overleveren, heeft ue

519 3612 2362 169 geen occasie tot het geheel, ue soude connen eendeel aenverde

485 3677 2469 178 hebbe hier wel eenige vrinden mede aend hant die de rest sullen

534 3772 2459 169 overnemen, oversulckx ue inclinerende tot merckelijck profijt te

519 3860 2450 157 doen, gelieft my te comen besoecken die naer groetenisse blje

2583 3963 289 167 ƒ036

425 3994 1891 196 brussel den selven brief aen Stephanus Kints

5695 93 109 127 d

5365 140 399 188 19 July

3138 172 761 223 brugge Rap Coots

3261 251 2571 213 sIn antwoort aende ue van 14 deser & 18 ditto uyt gent godt lof dat

3287 343 2526 222 het convoij gearriveert is ue gelieft mijne packen e bargie be laten

3339 445 2510 209 afcomen, ende boven all & voor al expedieren & N.10 & 12 waer toe

3234 553 2594 153 ue meer ue voor mij in dese occasie meer als ordinair doen moet op dat ick

3259 685 2609 143 deselie & principael N. 12 voor een ander hier mach heb ben schryvnde

3323 764 2502 138 aen herrebout dat hy die p wagens moet voorts seynden, oft hij myne ordre

3300 853 2458 154 die hem echter heden seynde manqueerde, in southell heeft voor mij

3303 924 2514 169 afgeladen N.3 met 5 dobbel noode & 3 coleure lakens doch ditto 3

3326 1029 2500 205 hebbe wel coleure lysten aen maer sijn geverft, sulckx dat ue die om rusie

3317 1146 2496 159 te ontgaen voor geverfde gelieft aen te gegeven, hij hadde oock geereet ofte

3307 1263 2445 167 laeden een ander pack N2 met 12 gemengelde coleure lakens &

3313 1338 2499 174 cotten vrapper, welck niet en twijfele, oft sal met dit convoij syn medege

3337 1427 2513 196 comen, beneffens noch een van in kent fN.13, doch hebbe van beyde

3312 1548 2537 171 geen advis met wat schepen die sijn afgeladen gelieft oock te noteren

3253 1628 2585 188 dat het pack TN.1214 van de fynste soorte lakens in syn ick twijfele

3325 1742 2532 148 niet ofte door ue goede directie, deselve soo wel als d'andere onder de soo

3301 1835 2529 164 sullen passeren, waer op wat perticulierlijck gelieft te letten, ende soude

3313 1930 2536 177 daer perijckel in sijn, oft dat men costij nn te nouwer toesiet als voordelen

3315 2037 2519 156 soude liever 2 a 3 boven de ƒ 90 laten verclaeren, waer in doet als voor

3327 2164 2518 154 eygen, verwachtende N.10 & 12 tegens maendach oft dijnsdach beneffens

3326 2261 1021 161 advies wat passeert blijve

5378 2335 379 206 28 July

3174 2358 1275 249 Gent Francois Herrebout

3292 2531 2529 147 is goet goet dat ons convoy van londen behouden gearriveert is

3333 2601 2504 161 laet alle mijne packen sullen ue p bargie toegesonden woorde laetse alle

3316 2706 2497 139 t'schepe comen, behalven  N.10 & 12 laet die mij cito p wagens

3324 2800 2485 172 toegesonden woorden, die morgen oft overmorgen verwacht met

3314 2900 1016 202 advis wat passeert blijve

5499 3009 315 195 20 July

3167 3045 829 196 brussel P de hulder

3334 3113 2459 214 de ue van 12 & 19 deser ontfangen, & is mij aenginaem dat onse laecke

3339 3265 2438 207 gefourniert is, nu wense dheere raedtt. de man voor commissaais p apporteur

3302 3391 2528 152 waer toebevinde ue den secretaris vanden h caneellien heeft getproken met

3334 3467 2493 210 gelofte van een verceringe, ingevalle van t sueces: ben in soodanige saecke geheel

3324 3594 2509 147 onbeinst, en diende bijnaer te weten wat in discretie daer toe slaet, vermidts ick

3337 3679 2494 143 my consorten aen naer advenandt soude inbieren niet tegenstaende soo sulckx

3335 3757 2498 178 met 5 „ 6 a 7 patt of 8 pattacons te doen is, soo laet geen tijt versuymen en

3338 3854 2454 154 onse intentie te wege te breygen, ende een bagatelle niet gensten, soo den

3333 3960 2444 171 tijt een uytstel vereyscht om naer antwoort te wachten, my dunckt een

3329 4017 2479 220 louverijn een discrete penninck waere echter doet als voor eygen, & adviseert

3332 4123 2422 177 wat des wegens passeert & voorder noodich is wij sullen met de reste van onse

3345 4227 2052 126 passienen haest bij de werck wesen terwijlen neur grout bl
