7954 4548
2734 215 339 124 28 July

725 220 1234 161 bremen Coonraerd iehne

905 253 2246 209 In antwoort aendene ue van 2 deser sullen d heeren rover

858 405 2263 155 ue adviseren wat apparentie daer is voor convoij on myn

903 480 2260 211 pack N2 volgens aste laeden, & soo sij daer beneffens ue

916 560 2180 194 ordonneren het pack N2 p eerste occasie over t wat my

907 663 2201 192 toe te seynden, & dat noch tijts genoeghover sij om een pack N3

923 733 2205 232 voor het verwaght convoij gereet te maecken, soo laet noch

914 846 2208 207 een pack coopen, ue trato van AN 360 sal vereeringe

915 901 2186 254 vinden mijne intentie is niet dat ue de pgelakens vande werk

924 1008 2208 231 leyden op 2 maenden soudt coopen, maer wel expresselyck

867 1153 2259 143 die lakenmakers contant betaelen sijnde mijn vraege alleen

901 1218 2137 173 dat ue tot sijn remboutso 2 maenden naer de betalinge

909 1337 2229 187 soude geloeven te waghten wat passeert verneme geirne

932 1437 996 196 & maer groetenisse blijve

747 1551 398 110 Menel

2793 1495 350 203 28 July

729 1536 1371 213 brussel dheer raedt tegen

925 1626 2268 229 hebbe heden gesien den ue van 115 deser van dhe

902 1731 2282 221 daen d heer nn ytiux geschreven wgens ue venten tot

906 1838 2274 209 laste dese hadt ue prepoutie aen mons herreyre daer

898 1949 2284 189 over gedaen, soo hij seght hem de selve te transporteren

903 2047 2212 207 de Cassitael als verloopen ten prijse gelyck aen

893 2169 2283 184 ue de selve costen, was op welcke conditie wij melinen

917 2284 2237 153 deselve te aenveirden , dogh alsoo eenige op de reducie

920 2374 2254 197 maer onlanghs sijn voldoen, soo versoecke mij gelieft

905 2494 2185 162 eene notitie te seynde hoe veel capitael ieder vente in

901 2602 2283 171 t' particulier ue cost, om dat wiy ende oft ue deselve

911 2698 2241 162 vervolgens sal gelieven telaeten op dat wy onder ons

894 2759 2329 180 de repartitie naer advenandt connen macken in gevalle

882 2879 2221 197 de selve niet te dier vallen niet te veel verloops

922 2968 2220 230 op d'onderenten bij t'capitael is gegeven, want wy

912 3089 2230 184 gullere de geheele partije aen eorden als 't'ul sal

896 3224 323 120 Londen

918 3209 2252 252 gelieven waer eghter ue antwoort daer over

2611 3319 420 194 24 July

869 3344 796 221 I gedrne verneme

734 3473 800 217 egen bolleman

952 3557 2169 171 p 18 deser heb ick u soo sonden teece quitantie san

2117 3637 706 90 d east welden

2195 3634 891 186 u dise, & alsoo

916 3637 1287 198 van ƒ275: wisselgeld

912 3779 2307 159 ssedert van ue daerover niet vern, ilhowel

911 3835 2276 203 u dienaen gester haet  aencom, soolen

907 3969 2243 129 Engeniet oft die geta sijn wat desae ist

891 4062 2324 143 i rgallie iddeende sonderfanty

1036 4114 2096 199 het selve te advese tgneekverweghh

891 4263 420 162 &a l

5708 160 119 113 21

5007 208 551 162 27 mij 93

3318 212 643 175 brugge coots

3446 291 2366 207 p 15 deser was aen u mijn lesten, sedert geen van in, waer

3395 450 2340 153 gver mij vrrevonder a n is het brifie van £ 29:15:st dan

3400 488 2422 189 voldaen d uvent is wijdes van nptijken & N3 voorgevelen

3387 603 2382 188 doer u biste, verwegte sselve mt het geveel liggende

3418 753 2411 147 convey op lendon sal etrecken e u adviss sende

4821 804 1011 210 den. volg

3398 852 1048 165 fout

3396 959 1078 174 e regulen blijve

5161 1010 514 203 27 Juliy 1693

3281 1075 592 192 Bruxgel Jugi loomans

3368 1137 2419 194 alsoo de vertrocken is, sonder afte saelen de ingeslote reeck, soo seijnde ick de selve oft

3396 1286 2402 128 voerman, soo die voorien, als die voors. Willems, sy lieden moet sorgen, dat icl voldaen

3387 1397 2420 119 woorden, ende, voor lienen, ofte seerinen dat gij ul obligatie in treckt volgens dese notisie

3389 1444 2448 153 rest of te betaelen ƒ23- n s Willems ƒ 32-, maecht daer een eijnde van want

3393 1570 2389 157 selkonde niet geerne diedanige open reeck 't welcke as d. Willems oock soo gelieft

3391 1666 585 153 te kennen te geenen

5171 1696 583 186 @ 27 Julij 1683

3285 1738 694 195 Brussel CBuistiaes Segens

3383 1821 2453 181 volgens den ul van 24 deser, hebbe ick prden ontf van 5 dese laer, wrsselgelde een fonders

3390 1964 2216 165 tyt arijshijp goldenen tijf enen stken  en ul daer voor geered, cof als ƒ 468:14

3370 2034 2419 197 shis tulls convoij is in Hollant tarriveert, soo dae, de noortse goederen int cort

3380 2154 2423 191 sullen ter wesen, waer van ick ul als dan het succes sal adviseeren, vesoeckende

3399 2255 1777 178 hoe helve bij opron aen mr. vanden Brurggt te laeten weeten

5222 2294 567 220 @ 27 Juliy 16837

3287 2386 471 174 Brussel Joan vale

3385 2476 2466 166 bij faute van occsie den ul van 9 deser niet eerder beantwoort, eghter goet gedaghte

3381 2582 2414 133 ul te laeten weeten, dat ick geen kenisse & hebbe van ul stofft fabricque, noght

3387 2711 2451 143 tiyt eenige Ingecoget, ofte doen coopts. sulckx ick ul van de aengebodene p resentae

3397 2799 623 139 bedancknde blijv

5281 2863 541 148 C 27 July 1683

3296 2876 670 181 Luwen Barte Contsent

3362 2949 2470 201 selpe wel dat mij dunckt, dat gij mij geseelijck vegent, soo copesch enenwel dat ick

3371 3058 2466 155 ndt 4 getlemael uyt ul gratie en geraecke, & was ser maer rede, ende fit lace

3381 3161 2424 169 Intussen, dat gejn wel een niet gewelt sont uyt comen, daer en brissen bidde Ick ul

3379 3241 2460 188 laet mij dogh wat gelt hebbeen, want over de in heb seks niet vernomen doet testen

3393 3375 2413 176 eeest mijn st muijtinex mijn gebuerman, tot leuven ƒ 100: gelt van do, soo geb

3380 3445 2438 197 sel gom een briefken gegeenen om van is ƒ100- tusselgelt te ontf, biddende 't selve

3390 3562 2439 146 briefken gelieft te voldoen, & mij p eersten nog wat miet te seynden, ende alsoo

3376 3667 2470 197 sck sier veale verseer goederen hebbe ontf van alle soorten, soo werscgte ick wel

3386 3796 714 170 te mogen dienene

5497 3768 258 183 27 d.

3315 3881 774 182 Leuven Jan de goede

3411 3932 2416 182 ue vergeen mij geheelyck, gij seynt my geen gelt nochte onbredt

3398 4082 2429 102 geen goet, ick hebbe ue immers soo queljck niet gedaen daerentusch

3368 4170 2407 155 moch ick om het aflterven van mijne huysvrouwe alle rekeninge

3403 4282 2310 120 adiisteren & sluysen, oversuckx biddent laet seynt mijne verve
