7940 4541
2808 209 281 121 6 Julij

693 212 817 249 Amst Rover

890 281 2218 209 den ue van 3 deser ontfangen godt wilt het convoij van hull

898 415 2259 157 & coopvaerdy schepen haest salvo brengen: dat coenraerd mehue

891 499 2334 170 soo haestigh is om sijn gelt is mij niet aengenaem & oorsaecke dat

922 570 2272 213 ick maer een pack steffens hem laete coopen & met ieder convoij

902 668 2289 156 seynden daer ick nochtans met het naeste wel 2oft 3 packen

904 768 2093 219 soude begeiren, wegens devloot uyt engelant vertrocken

913 852 2204 213 is hier benoutheyt genoegh, & seer wort gevreest de fransen

911 935 2217 183 naer cadiz sijn, waer door veel schaede soude connen voorvallen

924 1045 2071 163 ghter hope beter men sal dese weecke daer meerder af

876 1129 2217 191 hooren te graenen staen hier te velde soo schoon, dat oock de

918 1251 2190 146 oudiste boeren hun leven sulckx niet hebben gesien deste meer

914 1346 2028 155 omdat over 2 maenden de genneraele opinie noch was een

900 1438 2284 216 volcomen n is gewas te hebben & is dese veranderinge door gedung

911 1531 2224 169 ververschenden tegen & heet weder in meij & my soo selfens

878 1631 2154 218 bpcomen, veele velden heeft het coren 6 reyen wooninge aen

913 1738 2190 170 een ader vervolgens 100 tot 120 graentiens op een stroo waer

896 1831 2140 200 voore den keere sij gedanckt & wil geven dat het behoude

921 1918 2250 199 magh ingeoort worden, want het den armen anders geheel

909 2030 2206 232 gualycck soude hebben gecommen, ingesloten remittere ue

938 2125 2195 228 ƒ476:13 de banco in Rott ten laste daerd chaux waer

883 2224 2296 229 voore het noodigh gelieft te besorgen is vervallen p deser

912 2330 2260 208 keert t'selve tot court gelt wil hopen dat vanwegens d heer

885 2417 2228 178 swaen het briefe van £125:- ten lanckstende se weycke

904 2557 2253 181 sal worden betaelt dingeslotene gelieft voortgancck te gevn

932 2645 1229 169 terwijlen naer groet blijve

2762 2684 216 126 6d

706 2737 1264 181 Turnhout Jan bapte Robert

896 2815 2301 176 ue van 3 deser is mij heeiteerst heden geworden sulckx ick niet

904 2916 2258 162 eerder heb connen antwoorden, het versoght sortiment tijcken

900 2999 2237 185 can niet bestaen sonder de 4 grootloot, soo dat het sortiment

911 3121 2201 142 moet wesen gelyck ick heb geschreven dogh het comt niet

909 3219 2293 195 aen op een souck of twee onder oft boven van d'een, oft d'ande

885 3330 2326 179 soorte, ick hebbe den schipper bewillight tot vrijdagh te waghte

903 3439 1955 153 soo laet die 80 stucken comen terwijlen blijve

2826 3493 194 175 6d

2394 3576 98 151 ƒ

732 3542 939 222 bremen Coeur Mehue

932 3627 2213 166 tsedert ijnen laesten van 22 pes den ue van 21 ditto

890 3724 2245 162 ontfangen, ue heeft een aenvangh gemaeckt om een pack N2

904 3821 2243 197 te coopen, ende ue sal sorge dragen dat het goet goet is levendigh

898 3921 2273 190 & nietw dat seer wel is, & daerop mij sal verlaeten, eck sal oock

899 4037 2257 160 notitie nemen als het goet hier comt op het teecken t'gene ul sal

883 4134 2279 165 stellen op het cleijne loot, som daer bij teweten aen wiens

901 4227 2294 168 langhte foute bevonden wort, d'heeren rever sullen

3386 165 2431 115 e ten cenrje den en wenste wel te verstaen wat apparen

3363 305 2452 113 tie daer is van convoij & wanneer ue taet maeckt p selve sal

3396 336 2413 186 vertrecken want ick soude geirne hebben voor auguste naest

3393 424 2300 198 een pack, ende in 78 noch t & soude het met dae convoiye

3385 520 2401 192 botiaegh aen loopen, soo sehoorde ick wel 2 pack hebfben

3378 623 2370 172 te laeten comen, waer toe ick tevreden ben ingevalle ue

3378 748 2410 151 sich wilt vergenoegen voor ditto 2 pack ue remboursement binn

3368 813 2443 174 in 2 maenden by dseen rover te vinden naer den incoop van

3371 925 2315 177 t'selve, soo gelieft 2 packen te laeten comen met d'eerste

3372 1011 2431 187 convoy, soo wanneer ue op ditto conditie tevreden is, & sal d'heire

3377 1119 2312 180 rover voor die weirde verantwoorden waer opue antwoort te

3366 1208 1224 163 gemoet sien & naer groet blyve

5479 1227 297 236 July

3261 1300 1271 228 Londoen tierens & lang

3350 1373 2388 208 volgens mijnen laestel van 29 pas hebbe ick van heer naer

3355 1514 2416 175 brugge af gesonden ue pack N1 volgens medegaende facture

3362 1607 2446 188 bedraegende ƒ 1004:9 £167:8:2 en waer voor mij gelieft

3361 1720 2450 162 te crediterent, hebbe de vragh op gent hier moeten betaelen omdat

3379 1808 2428 143 den schipper een onvry man is & sal den schipper alleenelijck vragen

3356 1892 2397 179 van gent tot brugge geniet en van 5 willaert die ue de selve

3363 2029 2437 148 & voorder oncosten sal belasten, noch een pack wort by gelaeden

3356 2098 2452 210 van ontrent 90 stucken ue daer toegenegntheyt hebbende gelieft

3357 2229 945 165 te commanderen blijv

5304 2281 370 174 6: july

3277 2331 846 154 namen Philippe Lrond

3332 2368 2470 221 le 26 passé estoit a vre grace ma derniere, en suitte a la quelle i'ay envoye

3348 2568 2398 125 le 4:C: per la barque pour brusells a mons. Jan Bale un drap de daing

3342 2629 2471 164 superfin d hollande noir N. 390 .. a 54½ tat 1 a 50½ a 4:5 ... ƒ 227:7½

3343 2705 2328 182 argent de change payable a vre desience en auvers, ie suis reday abbe avei gracc

3335 2856 724 167 eh suitte a le compte

5533 2952 226 197 2 Juy

3299 2972 730 182 Brussel vanderborght

3350 3060 2452 217 Ick heb gisteren ontfangen 5 packen met modecoleure spaense lakens

3343 3180 2415 187 soo gemeyne prijsen als fijne & superfijne, alderhande coleuren ud

5398 3296 59 54 @1

3346 3280 2315 178 ick ue eenigen dinst doen gelieft mij te commanderen blyve

3354 3378 2403 183 goederen met t convoy gearriveert sullen t'eynde deser weecke

3321 3500 1965 189 hier sijn eghter daer ben ick noch wel van voorsien

3322 3591 2419 199 t' selve aen segers, Rijssels, vanden clooster, ververs, aertsens

5467 3754 204 137 8d

3290 3746 1118 183 Gent Endorieus de wielf

3343 3826 2435 207 Ick heb un brieven van 4 & 6 deser ontfangen mons dewaerd

3347 3931 2461 235 haydsell was al vertrocken eer ick ue brieve ontfonge, dogh werwa

3339 4039 2372 218 erte wete ick niet, heeft hij ue geseyt van naer brussel te gae

3343 4165 2382 173 soo sal hij seeekerlijck derwaert syn & van daer naer het can

3318 4251 2373 139 sdemant, soo sal ick die brieven noch eenige degen hier houden
