8810 4500
2048 158 2513 171 ie les retindere a moy  le m. Elie de ridder may escrit un lettre dsurme, ie respondi

2071 301 2498 158 & lauret toute le satisfaction necesire pour vre petitte lettre de change pus qu'il

2053 381 2506 174 oscrive de l'arme & un fort bone dulume ie iugegil na plus malade, sil s'offre quelque

2040 462 1557 157 aultre chousee de mo service commende librement

3873 530 627 208 24 Jblij 1682

1887 537 1394 185 JMoterem Geraert & Palerius Rover

2048 666 2459 195 faut gemoccasie aen i niet geschreven dese principalijcke tot couvort vande

2022 793 2540 154 ingesloten, die aenstondts voortganck gelieft te geven. het convoij van London apostende

2044 888 2488 138 is daer behouden gearriveert soo dat den premiim van afseurantie door B derwaerts

2045 1005 2461 122 doen doen, verdient is, ondertussen verneme geirne waer voor men costij met het

2046 1059 2412 172 convay van Hull can geassureert worden, alsoo eenige packen hope met het selve

2050 1178 2490 116 sullen afcomen: de Bancroeten soo tot costij als rotterdam voor gevallen hebben hier

2063 1241 2458 167 aen sommige al eenige stoornisse geeauseert, dagh mij dunckt sal nogh wel afloosien

2046 1366 2098 158 & alleen met het breken van een cleijn ramer passeren blijve & een

4010 1462 301 182 24 July

2040 1437 751 210 en Jan Kent & comp

2041 1537 2415 218 In answer to yours of 24 & 28 past, & 5 cur the ostendish convoy is

2060 1684 2399 168 arrived, bat I can not butt wh vere mnst wonder that you have not

2050 1776 2400 209 performed my orders you drive the trade to your minde, the 19 jny last

2067 1858 2464 205 have rexpressed to you how manney fine ones I ordered, & of all them there is

2067 1980 2452 160 butt b forwarded, if you wil peruse my orders for spanish cloathes, you will

2074 2069 2496 214 finde, that you had to provide about 40 pieces &  time  thereunden

2074 2196 2378 177 17 superfine & of all them I have butt 6 & 6 others, so that there wants

2062 2270 2401 172 28p. to compleate my demant, & now the convoy is arrived, & god knowes

2046 2379 2446 172 when to have them, & in the meane while, I have rengaged to delivre them

2044 2483 2308 159 here: what  don now, before they bee here the mode may bee

2048 2598 2384 177 changed: I have no small peason to compleane, of this your negligence

2061 2681 2429 194 others serve mee exaeter, in spanish cloathes then you, butt I doubt you

2049 2786 2469 196 have to much to dos, now seeing you wayt forther order, for what

2038 2913 2489 189 I will have that shall beethen onley for one pack of spanish cloathes

2037 2976 2422 197 according to the inclosed instruction & no more as to my goods from

3478 3069 968 152 eisier amsterdam or Rottet

2045 3112 1748 208 the north I exspect them p the first convoy d rest

3658 3205 778 178 Layfor 24 ditto

1887 3236 1075 213 Mon richard Shuckburgh

2024 3326 2509 235 In answer to yours of 27 may last in thomas  is well arived att

2049 3441 2426 200 bridges with your tobacco, &  hope to seeimg them here within

2035 3541 2501 208 weeks whenly shall endeavour to sell them as soone as posible, & act

2052 3658 2459 185 there in, as for my selfs yett pray lett mee know, if p may sel them

2042 3754 2495 186 att prile courant, & by the candele, in case, I can not sell to content,

3004 3880 239 76 mich

2026 3895 2447 172 outp ofhand, for here is move tobacco, brought in from holland,

2036 3977 2512 197 &  the countryes full of armyes, yett the demand p consomption

2022 4091 2213 196 is not accordingley in'exspectation of your answer remaine

6741 135 564 176 24 July tihen

4594 153 1099 192 londen n gyles & als op

4742 181 2432 267 S in answer to yours of 14 past II have bought & packx of

6561 315 151 91 ine

4756 340 2517 173 of the contents as here under & shipped the  aboard Jacob

4766 455 2461 149 van herentals I intended also to make atrayall of spanis

6490 532 182 79 com

4764 555 2533 132 cloathes, but thahth pleased god, to take for mee my wise, wad

4593 651 2655 151 which put mee to an obligation to secure wher goods for our behildien

4774 767 2440 164 if to make monney of all my effects, so that I intend to sell af

4774 852 2457 177 either out ofhand, or by the candel al my merchandise & as some

4773 964 2471 151 as I shall have cleared, shall be gin on newe againe as also, if

4770 1083 2510 201 you please provide you from time to time with tuqe for avieyt

4763 1167 2415 192 accompt in the meane whise I must desire you to take these 2

5672 1250 358 108 the are

4751 1314 2526 145 packs for yours accompt, thoer bought very ship cheap & the best

4789 1385 2451 189 sort & sortement, that if to be exspected, as some as I have your

4770 1509 2487 233 answer, shall send you the bill of loading, & invoyce, & then you

4773 1619 2459 206 can remit mee your one bills, I should not prepose this fet was

4755 1738 2453 194 not upon the accompt as a bove, & there fore exspect you shall

4778 1873 917 187 accepted, whilst I nest

6879 1958 373 197 25 July

4599 2003 1106 276 Brussel procureur de hulder

4773 2114 2521 235 In antwoort aenden ue van 21 deser, betrouwe ende verwachte door ue goede

4709 2228 2525 205 vigilantie, dat den heer raedt de man rapporteur sal wesen hij is venoude

4752 2337 2542 167 laecke sonderlingh niet geinformeert maer alsoo het is een cas van rechte, en van

4771 2425 2461 169 onse costumen, en dat de voors heer daer in volcommentlijck is gevaceert ende

4774 2532 2435 172 diergelycke saecken hem vl liyck wel syn voorgevallen, soo mach ue

4753 2632 2527 162 dat pretent wel gebruycken, al oft hy daer van geinformeert was om hem alsoo

4781 2744 2434 201 voor rapporteur te becommen ick was eerst geraden gewoorden den h

4758 2841 2505 196 des champs te versoecken, om dat hj hier op de selve maniere eenen pandt heeft

4757 2958 2443 244 geabandoneert voorderente, doch ick woorde geinformeert dat din de man

4742 3088 2523 152 expedienten is, behalven dat ick bij den selven particuliere recommandatie sal

4794 3195 2472 159 becommen tot d'expeditie t'welck het eenigh is wat wij noodich hebben want

4778 3288 2479 180 aen ons recht geen achter dencken woort gemaeck wat passeert is mij aengenaem

4772 3425 808 166 te vennemen ende blijve

6984 3525 285 164 July

4628 3526 831 221 Brugge raphael Coots

4704 3564 2600 322 sedert den mijnen van 23 desenden ue vanden selven dat u in oontfange

4777 3706 2453 239 ick can niet wel verstaen, hoe dat het lossen van de schepen soo

4779 3821 2530 220 traegh can toegaen, van de packen, te mier, omdat de sware goederen

4777 3926 2507 225 aen boort blyven & ieder schip geen halve ladinge met packen heeft

5781 4046 336 94 demchelye

4782 4014 2528 258 onse arbeyders alhien lossen a volle by lander op  met packen op

4791 4157 2509 170 eenen dach daerentressen heeft eeckheven al hier een pack met seyne
