7467 4507
637 192 2401 133 redenen van partij gelieft te lichten & aen mij over te seynden

646 246 2348 182 want bij hunnen inventar is die oock sijn gecoteert, ende soo sijde

639 327 2421 180 selve niet en hebben overgelevert, soo moet n daer toe dvinge

655 444 2396 200 ende devoir doen dat mij die becomen om ons tendeele oock volgen

656 539 1547 222 te reguleren, t'welck afwachte  blyve

2940 569 91 153 d

2699 643 332 162 3 sber

487 689 1144 185 Cortryck weduwe Causse

667 764 2441 215 den ue van 13 pas hebbe ick ontfangen, de gecoghte kersyen, swaeren

673 870 2366 197 ende sijn ten deele blouw geverft, sulckx mij dat incomoderen sal, soo ue

650 990 2441 164 de selve niet en ontfiedt d'ordre van den intendant dat alle wolle goedere

671 1082 2339 177 uyt de stadt moeten, can van geen groot belangh wesen, terwijlen dat

632 1150 2476 198 andere vrinden t'sedert goederen gecoght hebben & naer ue quaertier

676 1255 2292 176 verseynden  waeromme niet alleenelijck verwachte dat ue de

670 1361 2352 184 kersyen sal ontreden, maer oock meer andere goederen, waerinne ue

664 1437 2432 180 altyt geirne diene, daerentussen bidde ick ue examineert die onde rek.

683 1534 2369 187 die ick hebbe medegegeven, want ick geloove dat het een errent

667 1661 2326 156 is geweest tot myne preiudivie in t'addereren van de somme

672 1746 2123 175 & mij die reste goet compt, wensende ue alles goedts & blijve

2734 1830 262 216 3 ber

473 1873 1161 239 Lonne Anthon Coomtorel

695 1942 2285 264 J'ay receu en son temp la chere vre de 9 avoust dernier et depuis iay

702 2079 2359 180 eltez en esperance de trouver quelque ordre de vous pour une novelle achapt

683 2161 2414 213 et puisque le dentelles son a present si raisonables blanches et on abondance

677 2256 2346 183 i& me trouve oblige de vous endonner part, d'autant plus, a caus que

670 2346 2367 179 lhiver S'approche, quand l'ouvrage n'est pas si blanche que pendant

677 2455 2308 162 laeste vous priant de ne me pas oublier, et mais croire que ie vous

679 2536 2267 182 servirez avec bant au moims tant de punctuallité, et profit q'une

675 2621 2399 192 aultre, car ie suis en cette affaire universel, et si vre grace sois de opinion

677 2720 2325 222 contrarie, laissez moy avoir une ordre egale a celle d'une aultre, et

678 2824 2397 186 ie ne doubte pas mais que vous trouverez la verite et que mes devoirs

686 2933 2357 202 vous d'onneront plus de satisfaction que d'une autre, pour des patrons

676 3031 2402 170 novelle, il y ya plusieurs mais presque tout ou mesme dessem comme

687 3184 604 174 du passe, ie vous

2691 3227 363 189 4 sber

525 3285 1281 204 Brussel Anthon Rousseau

711 3354 2343 249 J'ay le chere vre de 3 court avec la remise de ƒ2000 florinsy

617 3470 2413 270 montioné depuis les lettres sont en venu de Londres de 26 passé

691 3607 2381 233 respondant les nostres de 18 d tellement que ie croy que vous aurez

662 3706 2439 198 reccu la seconde lettre de  £150 sur wellens indorse p mons batt

681 3829 2276 205 car aultrement ie ne receveray pas le valleur cy comtie vous

670 3920 2458 228 remit ƒ 315:17 argent cour sur S walravens, pour la qull

710 4048 2342 221 comme il doit payer ƒ310  s'il ne veut pas n'en receve point p

697 4201 1032 173 vous laissez le main & suis

5358 155 401 133 4 sber

3163 154 1340 195 Brussel Guilliam Walravons

3325 203 2426 264 In antwoort aenden ue van gisteren ue is soo scrap in corpon dat

3276 334 2520 236 ick niet veel baete hebbe om iedts te laeten corten, maer liever den

3314 434 2385 246 tijt uytwaghte, evenwel hebbe ick heden aen mons rousseau ue

3323 548 2514 196 briefken gesonden van ƒ 315:17 waer van cort ƒ 5117: 8 gelieft

3340 645 2507 209 aen hem ƒ 310: te betalen, & is ue daer niet mede tevreden soo laet

3333 770 2481 195 het noch loopen, want daer met meer af mach, ben e wel

3347 899 2374 171 voorsien van alle goederen can ick ue eenigen anderen dinst

3374 977 1094 235 gelieft te commanderen te

5288 1040 366 179 6 ditto

3194 1113 659 250 mn Jacqus Sovies

3316 1237 2494 169 la vre de 20: jullier dernier, m'ay este forts sensible d'y perce voir la mort de vre fomme

3352 1352 2492 161 dotoit plus a chaise que l'experience me fait sontir la parte que vous avez fait il ay este

3340 1461 2494 124 mon obligation de respondre too plus temp, ce que ie vous prie d'exuser, & de vous designeir

3335 1568 2482 101 avec moy a la roluntie de dieu. nox amis de mons m'oblient tout, ce que ne bien fait car

3350 1630 2485 109 ie besoing le main pour m'an servier, mesme is me respondent pas, ie vous prie de donner

4279 1709 258 67 mon Jaupte

3353 1730 2133 123 adresse a les incluses, & de carger eponsere avec le port de lettres de

5281 1824 326 179 6 ditto

3189 1827 732 172 Mons Andre de Buston

3360 1925 2464 207 des receu en son temp le vre de 8 aoust dernier, & en suitte ie este en esperance que

3344 2049 2495 153 vre grave feroit fait quelques remises, ce que ie vous asseure dans avoir fort besoing, je vous

3336 2162 2457 123 prie de toute mon cour de considerer il occasion que ma presse p. la mors de ma fomme &

3334 2274 2474 136 que non obstante que iay la macheur de ne vous pouvoir servier & ie besoing de l'argent

3337 2351 2482 187 saison paui quoy fait moy la grace de me fairtenir au temp qu'il vous seray possible, soit que

3348 2469 2505 153 vous contes a monsr le frives, ou que mion last tirer p. grison, on parter fort qu'il la commene

3332 2588 2420 151 feray sibre, deua veulie, & nous donner un bonne paix, & attendent le suce de ma potition

3347 2668 1094 160 eut me trouerez de toute mon leur

3198 2726 572 196 Mons B Masson

5294 2765 336 135 6: ditto

3346 2817 2451 198 iayme donner l'honneur de vous escrire le 14 julliet dernier, & ie vois a mon regrez que

3328 2983 2509 148 vous ne pas sensible de ma necessite, ce que je n'ay sammais attendu de vre grace, & ie

3336 3103 2462 136 ne ce sas m'iremaginer comment que mons. Masson peut oblier son amis, il suis acofe

3324 3183 2456 149 censbill que nre commece est rompie, non obstante, joy m'ay touiont fier surrie

3350 3270 2482 114 discretion tousnignore pas, que so ie vous ay touious vondu ma merchandise a si pende

3335 3377 2524 151 profit, que mesme sens payez en argent contant, non pas u'a si bon merche, vous avez

3336 3453 2457 151 jauci que la partie que vre grace me doitt est ace considerable, & qu'il m'incomodes fort

3332 3570 2516 142 car on ne pous par negotier sans argent, que ie vous prie de toutie cousiderer, & princieeerd

3332 3663 2511 171 que p. la mort de ma femme  suis a un embrasse plus considerable, raison pour quoy

3302 3753 2547 177 fait maj quelques remises soit p. S. grison au pr. mons. frinier, qui rece veray pour mon

3319 3820 2219 207 compte, qui vre quare luy payer touter, & attendant cette affect ie me direct
