7316 4521
2474 167 573 132 12 met Juny

400 144 1161 188 brussel procureur de hulder

568 254 2442 162 de ul van 1o & 23 pas sijn mij aengenaem geweest, omdat ick daer by

570 335 2521 193 bevinde ue vigilantie in myne saecken, ½ Junij is nu aenstaende vervol

577 420 2476 187 gens de valantien ten eynde, ende de saecke nu sal connen in staet gebracht

551 562 2470 159 woorden: p artije heeft voorlede wele eenige dagen tot brussel geweest

579 639 2412 174 ben beduckt, ofte sij ons prevenieerden im het becommen van een keer

567 729 2405 144 commissaris oversulckx bidde ue daer in te voorsien, ende voorons d'heer de

586 828 2385 160 mans. Senior te becommen oock is het noodsaeckelijck dat ick costj come mj

582 976 2405 173 sulckx cito t adviseren, alsoo ick van partije niet geirne geprevenieert en

538 1066 2427 186 woorde, dus blijft ue het selve uytterlyck gerecomandeert, & promt advis

596 1174 1064 198 te geven, van wat passeert blijve

2438 1284 549 203 12 Juny 1692

394 1307 940 190 erusele fertho1n rousseau

591 1448 2400 122 la vre de 31 passé m'est rendu en son temp en esperance que ie continue & rr

572 1548 2416 98 bonne, grace, ie prend la liberte, de vous envoyer les meluses quittances une

562 1632 2426 140 de ƒ52„6 ½ 8 une de ƒ50 a la charge de la ville d Brussel ie vous

560 1680 2487 193 prie de faire procurer le payement p occasion, & de me commander pareil

577 1790 2388 150 lement jen tous occasions qu'il pourroint estre vous salment ie medirez

399 1904 805 199 Amst Reer

2431 1983 427 171 12 Janie

536 2026 2513 211 Den ue van 6 dise rotff: weijnian te eantworen

570 2199 2522 157 aouen een waeght serck en midt goede luyden sonde

589 2274 2356 171 scurpues de gelieft bj p dgeesien te laten afsern

599 2367 2350 133 van conden opbrugg als agde te het deser

611 2461 2411 164 en de coliis bij aen cevaen alsoo peerder pertiger

587 2575 750 181 daer ep sal

2308 2647 425 188 £100:-

498 2627 1348 252 schp narten Jaussen schip Joseph

2298 2795 295 110 „ 200

573 2792 1105 218 t'schip Jacob adviaen de raes

2276 2924 613 176 £ 300: a2 p:

595 2922 1104 188 Sort a 2p s te becommens

2342 3063 582 169 12 Juny 1692

371 3046 1197 198 Brussel Graves van Clairemons

542 3140 2384 173 door lieckte ende afsterven van mijne huysvrouwe ben ick al eenige

555 3302 2478 138 tijb belet gewoorden sijn Ed te schrijyven, differente hebben mij aengesproken

564 3375 2400 142 wegens het bewoonen van t huys de lelie in t'hiddorp alhier, ick hebbe

566 3456 2504 186 haer mijn oordeel antwoort gegeven, beneffens copije vande huersedulle notitie

560 3574 2467 150 van disboursementen als andersints, doch ick twijfele, ofte aen sjn P. het

554 3693 2433 105 noodich is gerapporteert, om dieswille, dat oulanx mij is afgevraeght, de

579 3752 2439 150 volle somme van een halfiaer huyshure, verschenen te halfmeirt lesbleden:

543 3849 2441 120 ick wenste wel, dat aenden cans van u syn t geen obstakel & was tot

559 3919 2355 154 het ontfangen van de hure, alsoo deselve by mij altijt gereet is te

558 4023 2531 133 betaelen, maer partije heeft mij doen advirteren, dat ick van geene penning

553 4102 2490 148 soude scheyden ten sijsy behoorelijcke cantie de reparande hebben, ende dat

568 4200 2376 140 ick an ul ordre voldoende, geensins can gedischar geert sijn, vermits inde

3283 173 2537 139 procedure sijn & heeft doen ontiennen, dat ue in die saecke ick geen

3282 223 2515 147 veresseert vonde, ick ben verlegen, ende het is mij lest dat ick oyt in dit

3286 317 2545 156 huyss ben gecommnen, want ick een overgrooteliyandt ben van dif

3280 451 2561 143 ende seer ongenegen daer inne iedts tegen citilituyt & groot respect van syn

3296 524 2427 149 te doen wenwel soo diende ick voor mjne betalinge eenighsins

3301 620 2513 146 versehert te sijn, t'welck alhoewel vertrouwe de goede intentie is van

3288 722 2512 124 ue nochtans verhope, mij sult gelieven texcuseren, voor het gepasseerde,

3298 851 2507 137 ende voor het toecommende, soodanige ordre te stellen, dat ick niet bielde

3280 940 2533 151 mijn huero betaele, ende met rubte den pant bewoone, dat oock iemandt

3271 1007 2536 226 geordonneert sij die last hebbe de noodige reparatien te besorgen blyve

5164 1185 611 162 12 Jny 1692

3132 1142 1112 277 Mechelen Gillis cauwenbergh

3307 1296 2476 212 Ick gebruycke de vrij echeyt ue moeylijck te vallen, op dat ue gelieve mons

3251 1374 2524 186 franssens te vermaenen, aede dat hij van sijn oude goede wegen niet afwijcke

3268 1501 2523 215 maer het laest vervallen iaere betaele, f is saecken hij iedts voor heir kracht

3315 1583 2473 191 oft diergelycke soude mogen corten, daer inne te doen als voor eijgen & als

3304 1736 2525 114 ue ip occasie de goetheyt heeft te antwoorden, eens te noteren, wat ue wegens

3295 1808 2516 127 de willige boomen heeft gedaen, iedts midde lertyt tot ue dinst voorvallende

3311 1897 1170 186 gelieft te commanderen die blijve

5317 1962 375 205 13 Juny

3138 1996 1138 262 Weenen anthoi Comterel

3295 2063 2529 262 En responce a les cheres vre de 24 & 31 passe les 50p deutelles d'anvers

3308 2203 2390 191 a brides & atvaillies seront prest pour la sepmaine prochaine, & ie les

3319 2305 2501 155 envoyerez a l'ordre solide a mons george gabriel nottel a neureusess

3310 2403 2529 152 lasfortement scrasi bonne, blanche & bon marché, que ie ne doubte pas la

3306 2505 2501 192 suitte d'une aultre commission plus considerable, car c'est a present le

3285 2588 2462 153 temp pour faire ce qu'on souhait en cette employ, i'auray soing de

3306 2683 2516 186 negebier vec remise de R 500 en banca d' Amsterdam Ser salomon

3324 2828 2506 146 de bloequerie a vre plus grande avantage la presen perte sera pourtant s

3290 2868 2510 197 l'ayant reccu ie payerez  200 a Mons lous hubert & vre grace

3305 2970 2479 191 aura advis de ce quilse passera puisque ie vous souhait tout bavheur &

3307 3066 922 212 suis saus compliments

5313 3103 397 218 16 Juny

3148 3208 980 239 Rottm Abram de Bra

3305 3263 2477 208 volgens de ue van 10& 12 deser, sien mijne 2 packen N 25 & 27 nochte

3311 3369 2509 230 gemoet seynde ue ingesloten een cognossement van het pack &N7 gelaeden

3229 3486 2589 177 aen boort Jan bottes inhoudende, segge te vercleugen op de licenten inte

3295 3581 2538 139 houden 1t dosijntiens van 18 a 85 ¼ spaense lakens van a 45 met

3301 3714 2484 119 eenen witten baey t'samen weirdt ƒ ƒ150„- stean een packs aen

3303 3789 2500 133 boort de prins van oranden schipper Lambert hnn te verclaeren1

3289 3871 2519 153 d'osyntien van a 18 & 6 fpanse cheure lakens van a 45 met t witten

3315 3980 2523 135 buey t' conen weirt ƒ1050„-, gelieft de selve eitissime te depescheren

3295 4101 2533 173 sij sijn op hun vertreck gelaedent sulckx ue daer naer niet sal moetten

3314 4211 2373 133 waghten, oversulckx bidde laet geen tijt verliesen die voorts te seynden
