<?xml version="1.0" encoding="UTF-8"?>
<alto xmlns:xsi="http://www.w3.org/2001/XMLSchema-instance"
      xmlns="http://www.loc.gov/standards/alto/ns-v4#"
      xmlns:page="http://schema.primaresearch.org/PAGE/gts/pagecontent/2013-07-15"
      xsi:schemaLocation="http://www.loc.gov/standards/alto/ns-v4# https://www.loc.gov/standards/alto/v4/alto.xsd">
   <Description>
      <MeasurementUnit>pixel</MeasurementUnit>
      <OCRProcessing ID="IdOcr">
         <ocrProcessingStep>
            <processingDateTime>2022-02-04T12:20:59.958+01:00</processingDateTime>
            <processingSoftware>
               <softwareCreator>READ COOP</softwareCreator>
               <softwareName>Transkribus</softwareName>
            </processingSoftware>
         </ocrProcessingStep>
      </OCRProcessing>
   </Description>
   <Layout>
      <Page ID="Page1" PHYSICAL_IMG_NR="1" HEIGHT="4548" WIDTH="7844">
         <TopMargin HEIGHT="0" WIDTH="7844" VPOS="0" HPOS="0"/>
         <LeftMargin HEIGHT="4548" WIDTH="0" VPOS="0" HPOS="0"/>
         <RightMargin HEIGHT="4548" WIDTH="0" VPOS="0" HPOS="7844"/>
         <BottomMargin HEIGHT="0" WIDTH="7844" VPOS="4548" HPOS="0"/>
         <PrintSpace HEIGHT="4548" WIDTH="7844" VPOS="0" HPOS="0">
            <TextBlock ID="region_1638976040096_12209"
                       HEIGHT="4162"
                       WIDTH="2688"
                       VPOS="138"
                       HPOS="590">
               <Shape>
                  <Polygon POINTS="590,138 3278,138 3278,4300 590,4300"/>
               </Shape>
               <TextLine ID="region_1638976040096_12209l1"
                         BASELINE="2732,302 2758,301 2784,299 2810,298 2836,296 2862,296 2888,296 2914,294 2940,294 2966,294 2992,294 3018,296 3044,296 3070,297 3096,299 3122,300 3148,301 3174,303 3200,305 3226,308"
                         HEIGHT="173"
                         WIDTH="526"
                         VPOS="193"
                         HPOS="2717">
                  <String ID="string_region_1638976040096_12209l1"
                          HEIGHT="173"
                          WIDTH="526"
                          VPOS="193"
                          HPOS="2717"
                          CONTENT="12 aus 1699"/>
               </TextLine>
               <TextLine ID="region_1638976040096_12209l2"
                         BASELINE="686,334 764,330 843,325 921,322 1000,318 1079,316 1157,314 1236,313 1314,312 1393,312 1472,310 1550,310 1629,310 1707,310 1786,310 1865,310 1943,310 2022,310 2100,310 2179,310 2258,308"
                         HEIGHT="190"
                         WIDTH="1607"
                         VPOS="193"
                         HPOS="668">
                  <String ID="string_region_1638976040096_12209l2"
                          HEIGHT="190"
                          WIDTH="1607"
                          VPOS="193"
                          HPOS="668"
                          CONTENT="AMMr Cornelis Janse &amp; wert coman"/>
               </TextLine>
               <TextLine ID="region_1638976040096_12209l3"
                         BASELINE="860,480 974,468 1088,460 1202,453 1317,448 1431,445 1545,442 1660,440 1774,440 1888,440 2003,440 2117,440 2231,442 2345,442 2460,442 2574,440 2688,440 2803,436 2917,434 3031,428 3146,422"
                         HEIGHT="222"
                         WIDTH="2319"
                         VPOS="297"
                         HPOS="844">
                  <String ID="string_region_1638976040096_12209l3"
                          HEIGHT="222"
                          WIDTH="2319"
                          VPOS="297"
                          HPOS="844"
                          CONTENT="Ress D. tijt vanervwip van di nye lakens is aen haede"/>
               </TextLine>
               <TextLine ID="region_1638976040096_12209l4"
                         BASELINE="840,560 958,556 1076,552 1194,550 1312,548 1430,546 1548,546 1666,544 1784,544 1902,544 2021,544 2139,542 2257,542 2375,540 2493,539 2611,536 2729,534 2847,530 2965,526 3083,520 3202,514"
                         HEIGHT="163"
                         WIDTH="2394"
                         VPOS="431"
                         HPOS="824">
                  <String ID="string_region_1638976040096_12209l4"
                          HEIGHT="163"
                          WIDTH="2394"
                          VPOS="431"
                          HPOS="824"
                          CONTENT="e au worden die a ƒ24:10: op laeeringe veroght, en alsoo"/>
               </TextLine>
               <TextLine ID="region_1638976040096_12209l5"
                         BASELINE="864,670 982,664 1100,658 1218,654 1336,650 1454,648 1572,646 1690,644 1808,644 1926,642 2045,642 2163,642 2281,642 2399,640 2517,640 2635,640 2753,638 2871,636 2989,634 3107,630 3226,626"
                         HEIGHT="161"
                         WIDTH="2395"
                         VPOS="529"
                         HPOS="846">
                  <String ID="string_region_1638976040096_12209l5"
                          HEIGHT="161"
                          WIDTH="2395"
                          VPOS="529"
                          HPOS="846"
                          CONTENT="due uytsert sijnde te ooetsange am daer veremaer ƒ 24:-"/>
               </TextLine>
               <TextLine ID="region_1638976040096_12209l6"
                         BASELINE="912,774 1025,768 1138,764 1251,759 1364,756 1477,752 1590,750 1703,748 1816,746 1929,744 2043,742 2156,740 2269,740 2382,738 2495,736 2608,734 2721,732 2834,730 2947,727 3060,724 3174,720"
                         HEIGHT="146"
                         WIDTH="2298"
                         VPOS="634"
                         HPOS="894">
                  <String ID="string_region_1638976040096_12209l6"
                          HEIGHT="146"
                          WIDTH="2298"
                          VPOS="634"
                          HPOS="894"
                          CONTENT="p suck bedingen, daer toesensindrende gelift eaoryen"/>
               </TextLine>
               <TextLine ID="region_1638976040096_12209l7"
                         BASELINE="910,896 1026,887 1142,881 1258,874 1374,870 1490,864 1606,860 1722,854 1838,850 1954,846 2071,842 2187,840 2303,837 2419,834 2535,832 2651,830 2767,830 2883,828 2999,826 3115,826 3232,826"
                         HEIGHT="187"
                         WIDTH="2358"
                         VPOS="734"
                         HPOS="891">
                  <String ID="string_region_1638976040096_12209l7"
                          HEIGHT="187"
                          WIDTH="2358"
                          VPOS="734"
                          HPOS="891"
                          CONTENT="soude t fent te antwoorden, want vreeste soo het benen"/>
               </TextLine>
               <TextLine ID="region_1638976040096_12209l8"
                         BASELINE="900,1004 1012,999 1125,994 1238,990 1350,986 1463,982 1576,978 1688,974 1801,971 1914,968 2027,964 2139,960 2252,958 2365,954 2477,950 2590,948 2703,944 2815,942 2928,938 3041,935 3154,932"
                         HEIGHT="179"
                         WIDTH="2291"
                         VPOS="871"
                         HPOS="881">
                  <String ID="string_region_1638976040096_12209l8"
                          HEIGHT="179"
                          WIDTH="2291"
                          VPOS="871"
                          HPOS="881"
                          CONTENT="convoij arrieeet tin en daermede sal efloop"/>
               </TextLine>
               <TextLine ID="region_1638976040096_12209l9"
                         BASELINE="926,1118 985,1116 1045,1113 1105,1110 1165,1108 1225,1106 1284,1104 1344,1102 1404,1100 1464,1097 1524,1096 1583,1094 1643,1092 1703,1090 1763,1088 1823,1085 1882,1083 1942,1080 2002,1078 2062,1074 2122,1070"
                         HEIGHT="204"
                         WIDTH="1233"
                         VPOS="976"
                         HPOS="907">
                  <String ID="string_region_1638976040096_12209l9"
                          HEIGHT="204"
                          WIDTH="1233"
                          VPOS="976"
                          HPOS="907"
                          CONTENT="ie  an dan tot he diene"/>
               </TextLine>
               <TextLine ID="region_1638976040096_12209l10"
                         BASELINE="2760,1184 2785,1184 2810,1184 2836,1184 2861,1183 2886,1182 2912,1180"
                         HEIGHT="170"
                         WIDTH="187"
                         VPOS="1071"
                         HPOS="2742">
                  <String ID="string_region_1638976040096_12209l10"
                          HEIGHT="170"
                          WIDTH="187"
                          VPOS="1071"
                          HPOS="2742"
                          CONTENT="12"/>
               </TextLine>
               <TextLine ID="region_1638976040096_12209l11"
                         BASELINE="704,1260 739,1258 774,1256 809,1254 844,1253 879,1252 914,1249 949,1247 984,1244 1019,1242 1054,1239 1089,1236 1124,1235 1159,1233 1194,1230 1229,1228 1264,1224 1299,1223 1334,1221 1369,1218 1404,1216"
                         HEIGHT="222"
                         WIDTH="744"
                         VPOS="1104"
                         HPOS="679">
                  <String ID="string_region_1638976040096_12209l11"
                          HEIGHT="222"
                          WIDTH="744"
                          VPOS="1104"
                          HPOS="679"
                          CONTENT="Rutt. delva"/>
               </TextLine>
               <TextLine ID="region_1638976040096_12209l12"
                         BASELINE="890,1342 1001,1336 1112,1332 1223,1328 1334,1326 1446,1324 1557,1322 1668,1320 1779,1320 1890,1318 2002,1318 2113,1318 2224,1316 2335,1316 2446,1316 2558,1314 2669,1312 2780,1310 2891,1307 3002,1303 3114,1300"
                         HEIGHT="171"
                         WIDTH="2259"
                         VPOS="1182"
                         HPOS="872">
                  <String ID="string_region_1638976040096_12209l12"
                          HEIGHT="171"
                          WIDTH="2259"
                          VPOS="1182"
                          HPOS="872"
                          CONTENT="my en lesen was aen ue 9cod. alleen tot covert van 2"/>
               </TextLine>
               <TextLine ID="region_1638976040096_12209l13"
                         BASELINE="894,1452 1007,1445 1120,1440 1233,1434 1346,1430 1460,1427 1573,1425 1686,1423 1799,1422 1912,1420 2026,1420 2139,1420 2252,1418 2365,1418 2478,1416 2592,1414 2705,1413 2818,1410 2931,1406 3044,1401 3158,1396"
                         HEIGHT="196"
                         WIDTH="2295"
                         VPOS="1328"
                         HPOS="876">
                  <String ID="string_region_1638976040096_12209l13"
                          HEIGHT="196"
                          WIDTH="2295"
                          VPOS="1328"
                          HPOS="876"
                          CONTENT="engesoten ex londen, verwaets bidde den medeg"/>
               </TextLine>
               <TextLine ID="region_1638976040096_12209l14"
                         BASELINE="892,1552 1002,1546 1113,1540 1224,1536 1335,1534 1446,1530 1557,1530 1668,1528 1779,1528 1890,1526 2001,1526 2111,1526 2222,1524 2333,1524 2444,1522 2555,1520 2666,1518 2777,1513 2888,1510 2999,1503 3110,1496"
                         HEIGHT="173"
                         WIDTH="2252"
                         VPOS="1402"
                         HPOS="874">
                  <String ID="string_region_1638976040096_12209l14"
                          HEIGHT="173"
                          WIDTH="2252"
                          VPOS="1402"
                          HPOS="874"
                          CONTENT="te  d sedet Cers. van 6leor versoelen"/>
               </TextLine>
               <TextLine ID="region_1638976040096_12209l15"
                         BASELINE="872,1660 987,1653 1103,1648 1219,1644 1335,1640 1451,1637 1567,1634 1683,1632 1799,1632 1915,1630 2031,1629 2146,1628 2262,1626 2378,1624 2494,1623 2610,1620 2726,1617 2842,1612 2958,1608 3074,1602 3190,1594"
                         HEIGHT="145"
                         WIDTH="2355"
                         VPOS="1509"
                         HPOS="853">
                  <String ID="string_region_1638976040096_12209l15"
                          HEIGHT="145"
                          WIDTH="2355"
                          VPOS="1509"
                          HPOS="853"
                          CONTENT="dat ue hem advisrt al leest ien venige dosijn lekens"/>
               </TextLine>
               <TextLine ID="region_1638976040096_12209l16"
                         BASELINE="884,1758 983,1752 1083,1748 1182,1744 1282,1740 1382,1738 1481,1736 1581,1734 1680,1732 1780,1730 1880,1729 1979,1728 2079,1728 2178,1726 2278,1726 2378,1724 2477,1724 2577,1722 2676,1720 2776,1718 2876,1716"
                         HEIGHT="189"
                         WIDTH="2025"
                         VPOS="1631"
                         HPOS="868">
                  <String ID="string_region_1638976040096_12209l16"
                          HEIGHT="189"
                          WIDTH="2025"
                          VPOS="1631"
                          HPOS="868"
                          CONTENT="dan het gebooght goet voor de der vande"/>
               </TextLine>
               <TextLine ID="region_1638976040096_12209l17"
                         BASELINE="884,1866 991,1862 1099,1858 1207,1854 1315,1850 1423,1846 1531,1842 1639,1840 1747,1836 1855,1832 1963,1830 2070,1827 2178,1824 2286,1822 2394,1820 2502,1818 2610,1817 2718,1816 2826,1814 2934,1814 3042,1814"
                         HEIGHT="205"
                         WIDTH="2192"
                         VPOS="1728"
                         HPOS="866">
                  <String ID="string_region_1638976040096_12209l17"
                          HEIGHT="205"
                          WIDTH="2192"
                          VPOS="1728"
                          HPOS="866"
                          CONTENT="geintresser sonde hebbe gecoght, warvoo"/>
               </TextLine>
               <TextLine ID="region_1638976040096_12209l18"
                         BASELINE="872,1974 987,1968 1103,1964 1218,1960 1334,1955 1450,1950 1565,1946 1681,1942 1796,1939 1912,1936 2028,1932 2143,1929 2259,1926 2374,1922 2490,1919 2606,1916 2721,1914 2837,1910 2952,1908 3068,1906 3184,1904"
                         HEIGHT="226"
                         WIDTH="2346"
                         VPOS="1817"
                         HPOS="855">
                  <String ID="string_region_1638976040096_12209l18"
                          HEIGHT="226"
                          WIDTH="2346"
                          VPOS="1817"
                          HPOS="855"
                          CONTENT="sonder die ue icl heeft toegesonden, waerover miy"/>
               </TextLine>
               <TextLine ID="region_1638976040096_12209l19"
                         BASELINE="872,2078 979,2070 1087,2066 1194,2062 1302,2058 1409,2054 1517,2052 1624,2050 1732,2048 1839,2046 1947,2046 2054,2044 2162,2042 2269,2040 2377,2038 2484,2036 2592,2034 2699,2030 2807,2025 2914,2020 3022,2014"
                         HEIGHT="187"
                         WIDTH="2185"
                         VPOS="1927"
                         HPOS="855">
                  <String ID="string_region_1638976040096_12209l19"
                          HEIGHT="187"
                          WIDTH="2185"
                          VPOS="1927"
                          HPOS="855"
                          CONTENT="ons vermond pvant ue sulx noytvvordise"/>
               </TextLine>
               <TextLine ID="region_1638976040096_12209l20"
                         BASELINE="866,2192 978,2181 1091,2173 1204,2164 1316,2160 1429,2154 1542,2150 1654,2146 1767,2144 1880,2142 1993,2142 2105,2140 2218,2138 2331,2138 2443,2136 2556,2134 2669,2132 2781,2128 2894,2124 3007,2120 3120,2114"
                         HEIGHT="224"
                         WIDTH="2288"
                         VPOS="2030"
                         HPOS="849">
                  <String ID="string_region_1638976040096_12209l20"
                          HEIGHT="224"
                          WIDTH="2288"
                          VPOS="2030"
                          HPOS="849"
                          CONTENT="Rest ges, pnochte wij wyt soodanige ordre hebb"/>
               </TextLine>
               <TextLine ID="region_1638976040096_12209l21"
                         BASELINE="872,2304 982,2292 1093,2282 1203,2273 1314,2266 1424,2260 1535,2256 1645,2254 1756,2250 1866,2250 1977,2248 2087,2246 2198,2246 2308,2244 2419,2242 2529,2240 2640,2237 2750,2234 2861,2229 2971,2222 3082,2214"
                         HEIGHT="224"
                         WIDTH="2242"
                         VPOS="2139"
                         HPOS="855">
                  <String ID="string_region_1638976040096_12209l21"
                          HEIGHT="224"
                          WIDTH="2242"
                          VPOS="2139"
                          HPOS="855"
                          CONTENT="gegegrten, waeromm blijons daer in uidt"/>
               </TextLine>
               <TextLine ID="region_1638976040096_12209l22"
                         BASELINE="868,2398 986,2391 1105,2386 1223,2381 1342,2376 1461,2372 1579,2369 1698,2366 1816,2363 1935,2361 2054,2358 2172,2356 2291,2354 2409,2350 2528,2348 2647,2344 2765,2340 2884,2336 3002,2331 3121,2325 3240,2318"
                         HEIGHT="211"
                         WIDTH="2404"
                         VPOS="2229"
                         HPOS="852">
                  <String ID="string_region_1638976040096_12209l22"
                          HEIGHT="211"
                          WIDTH="2404"
                          VPOS="2229"
                          HPOS="852"
                          CONTENT="geintresse ul ordeeln maer een eynde, en pertinente"/>
               </TextLine>
               <TextLine ID="region_1638976040096_12209l23"
                         BASELINE="860,2508 978,2498 1097,2489 1216,2483 1334,2478 1453,2473 1572,2469 1690,2466 1809,2464 1928,2462 2047,2462 2165,2460 2284,2458 2403,2456 2521,2454 2640,2452 2759,2448 2877,2444 2996,2438 3115,2432 3234,2424"
                         HEIGHT="231"
                         WIDTH="2407"
                         VPOS="2329"
                         HPOS="843">
                  <String ID="string_region_1638976040096_12209l23"
                          HEIGHT="231"
                          WIDTH="2407"
                          VPOS="2329"
                          HPOS="843"
                          CONTENT="pe verseren. waert gencons delwegens seijen"/>
               </TextLine>
               <TextLine ID="region_1638976040096_12209l24"
                         BASELINE="876,2594 990,2589 1104,2586 1218,2583 1333,2580 1447,2578 1561,2578 1676,2576 1790,2576 1904,2576 2019,2574 2133,2574 2247,2574 2361,2572 2476,2570 2590,2568 2704,2566 2819,2562 2933,2557 3047,2552 3162,2544"
                         HEIGHT="180"
                         WIDTH="2322"
                         VPOS="2445"
                         HPOS="858">
                  <String ID="string_region_1638976040096_12209l24"
                          HEIGHT="180"
                          WIDTH="2322"
                          VPOS="2445"
                          HPOS="858"
                          CONTENT="tegoet de vet sijnde niet redelijk salx soo lanck"/>
               </TextLine>
               <TextLine ID="region_1638976040096_12209l25"
                         BASELINE="872,2692 988,2694 1105,2694 1221,2696 1338,2694 1455,2694 1571,2693 1688,2692 1804,2690 1921,2688 2038,2686 2154,2683 2271,2680 2387,2678 2504,2675 2621,2672 2737,2670 2854,2668 2970,2666 3087,2664 3204,2662"
                         HEIGHT="192"
                         WIDTH="2367"
                         VPOS="2561"
                         HPOS="855">
                  <String ID="string_region_1638976040096_12209l25"
                          HEIGHT="192"
                          WIDTH="2367"
                          VPOS="2561"
                          HPOS="855"
                          CONTENT="tordet. de schepen van ecomen toossam"/>
               </TextLine>
               <TextLine ID="region_1638976040096_12209l26"
                         BASELINE="720,2800 839,2799 959,2798 1078,2796 1198,2796 1317,2794 1437,2794 1556,2794 1676,2792 1795,2792 1915,2792 2034,2790 2154,2790 2273,2788 2393,2788 2512,2786 2632,2784 2751,2782 2871,2780 2990,2778 3110,2776"
                         HEIGHT="190"
                         WIDTH="2420"
                         VPOS="2681"
                         HPOS="705">
                  <String ID="string_region_1638976040096_12209l26"
                          HEIGHT="190"
                          WIDTH="2420"
                          VPOS="2681"
                          HPOS="705"
                          CONTENT="j sijn costen bienen comn, en comen seylen net"/>
               </TextLine>
               <TextLine ID="region_1638976040096_12209l27"
                         BASELINE="684,2908 810,2906 937,2906 1063,2904 1190,2904 1317,2902 1443,2902 1570,2902 1696,2902 1823,2902 1950,2900 2076,2900 2203,2900 2329,2898 2456,2897 2583,2896 2709,2894 2836,2892 2962,2888 3089,2886 3216,2882"
                         HEIGHT="176"
                         WIDTH="2565"
                         VPOS="2791"
                         HPOS="668">
                  <String ID="string_region_1638976040096_12209l27"
                          HEIGHT="176"
                          WIDTH="2565"
                          VPOS="2791"
                          HPOS="668"
                          CONTENT=" R ens vaerders naer oslende gedest. dae na "/>
               </TextLine>
               <TextLine ID="region_1638976040096_12209l28"
                         BASELINE="838,3018 958,3013 1079,3008 1199,3006 1320,3004 1441,3004 1561,3004 1682,3004 1802,3004 1923,3004 2044,3006 2164,3006 2285,3006 2405,3006 2526,3004 2647,3002 2767,2998 2888,2994 3008,2988 3129,2980 3250,2970"
                         HEIGHT="179"
                         WIDTH="2444"
                         VPOS="2894"
                         HPOS="822">
                  <String ID="string_region_1638976040096_12209l28"
                          HEIGHT="179"
                          WIDTH="2444"
                          VPOS="2894"
                          HPOS="822"
                          CONTENT="dervile niet sijn genn doerombid van hn"/>
               </TextLine>
               <TextLine ID="region_1638976040096_12209l29"
                         BASELINE="864,3114 955,3114 1047,3114 1138,3114 1230,3116 1321,3116 1413,3116 1504,3116 1596,3116 1687,3116 1779,3116 1870,3116 1962,3116 2053,3114 2145,3112 2236,3111 2328,3108 2419,3105 2511,3102 2602,3098 2694,3094"
                         HEIGHT="181"
                         WIDTH="1862"
                         VPOS="3007"
                         HPOS="848">
                  <String ID="string_region_1638976040096_12209l29"
                          HEIGHT="181"
                          WIDTH="1862"
                          VPOS="3007"
                          HPOS="848"
                          CONTENT="te vinfor men waerdie sijn ble"/>
               </TextLine>
               <TextLine ID="region_1638976040096_12209l30"
                         BASELINE="2666,3222 2691,3222 2717,3221 2742,3220 2768,3220 2793,3220 2819,3220 2844,3220 2870,3220 2895,3220 2921,3220 2946,3220 2972,3218 2997,3218 3023,3216 3048,3215 3074,3212 3100,3210"
                         HEIGHT="133"
                         WIDTH="466"
                         VPOS="3132"
                         HPOS="2649">
                  <String ID="string_region_1638976040096_12209l30"
                          HEIGHT="133"
                          WIDTH="466"
                          VPOS="3132"
                          HPOS="2649"
                          CONTENT="12 august"/>
               </TextLine>
               <TextLine ID="region_1638976040096_12209l31"
                         BASELINE="696,3252 722,3251 748,3248 774,3246 800,3244 826,3242 852,3240 878,3238 904,3238 930,3236 956,3235 982,3233 1008,3232 1034,3230 1060,3230 1086,3228 1112,3228 1138,3226 1164,3225 1190,3224 1216,3224"
                         HEIGHT="195"
                         WIDTH="558"
                         VPOS="3090"
                         HPOS="675">
                  <String ID="string_region_1638976040096_12209l31"
                          HEIGHT="195"
                          WIDTH="558"
                          VPOS="3090"
                          HPOS="675"
                          CONTENT="Londen Kent"/>
               </TextLine>
               <TextLine ID="region_1638976040096_12209l32"
                         BASELINE="860,3328 976,3324 1092,3320 1208,3318 1324,3316 1440,3314 1556,3314 1672,3314 1788,3314 1904,3316 2021,3316 2137,3318 2253,3318 2369,3320 2485,3322 2601,3322 2717,3324 2833,3324 2949,3324 3065,3323 3182,3322"
                         HEIGHT="190"
                         WIDTH="2353"
                         VPOS="3167"
                         HPOS="844">
                  <String ID="string_region_1638976040096_12209l32"
                          HEIGHT="190"
                          WIDTH="2353"
                          VPOS="3167"
                          HPOS="844"
                          CONTENT="sence my last of 5 cur non from you so referre you to the same"/>
               </TextLine>
               <TextLine ID="region_1638976040096_12209l33"
                         BASELINE="868,3428 985,3426 1103,3424 1220,3422 1338,3420 1455,3418 1573,3418 1690,3418 1808,3418 1925,3416 2043,3416 2160,3416 2278,3416 2395,3416 2513,3414 2630,3414 2748,3412 2865,3410 2983,3408 3100,3404 3218,3402"
                         HEIGHT="160"
                         WIDTH="2385"
                         VPOS="3319"
                         HPOS="850">
                  <String ID="string_region_1638976040096_12209l33"
                          HEIGHT="160"
                          WIDTH="2385"
                          VPOS="3319"
                          HPOS="850"
                          CONTENT="&amp; formars to compleate my orders accordingley &amp; you may make up"/>
               </TextLine>
               <TextLine ID="region_1638976040096_12209l34"
                         BASELINE="880,3530 997,3527 1114,3525 1231,3524 1348,3522 1466,3522 1583,3522 1700,3522 1817,3522 1934,3522 2052,3522 2169,3522 2286,3522 2403,3522 2520,3522 2638,3520 2755,3518 2872,3516 2989,3513 3106,3510 3224,3504"
                         HEIGHT="126"
                         WIDTH="2378"
                         VPOS="3448"
                         HPOS="863">
                  <String ID="string_region_1638976040096_12209l34"
                          HEIGHT="126"
                          WIDTH="2378"
                          VPOS="3448"
                          HPOS="863"
                          CONTENT="att least 2 packes of sp clothes, &amp; bmitt not the dark grayes so"/>
               </TextLine>
               <TextLine ID="region_1638976040096_12209l35"
                         BASELINE="860,3636 980,3636 1100,3636 1220,3634 1340,3634 1460,3632 1580,3632 1700,3632 1820,3630 1940,3628 2060,3628 2180,3626 2300,3624 2420,3622 2540,3620 2660,3616 2780,3614 2900,3610 3020,3606 3140,3602 3260,3598"
                         HEIGHT="190"
                         WIDTH="2434"
                         VPOS="3504"
                         HPOS="844">
                  <String ID="string_region_1638976040096_12209l35"
                          HEIGHT="190"
                          WIDTH="2434"
                          VPOS="3504"
                          HPOS="844"
                          CONTENT="often writt for, thoug you added some of 6 ƒ a 6:6 a yd mand"/>
               </TextLine>
               <TextLine ID="region_1638976040096_12209l36"
                         BASELINE="856,3730 975,3732 1095,3734 1215,3736 1335,3736 1455,3736 1574,3738 1694,3738 1814,3738 1934,3736 2054,3736 2173,3734 2293,3732 2413,3732 2533,3730 2653,3726 2772,3724 2892,3722 3012,3720 3132,3716 3252,3714"
                         HEIGHT="209"
                         WIDTH="2430"
                         VPOS="3600"
                         HPOS="839">
                  <String ID="string_region_1638976040096_12209l36"
                          HEIGHT="209"
                          WIDTH="2430"
                          VPOS="3600"
                          HPOS="839"
                          CONTENT="them &amp; the silver grayes must of by my last the ostend convoy"/>
               </TextLine>
               <TextLine ID="region_1638976040096_12209l37"
                         BASELINE="866,3824 983,3828 1101,3833 1218,3836 1336,3840 1454,3842 1571,3842 1689,3844 1806,3844 1924,3844 2042,3843 2159,3842 2277,3840 2394,3838 2512,3836 2630,3834 2747,3832 2865,3828 2982,3826 3100,3822 3218,3820"
                         HEIGHT="165"
                         WIDTH="2385"
                         VPOS="3752"
                         HPOS="848">
                  <String ID="string_region_1638976040096_12209l37"
                          HEIGHT="165"
                          WIDTH="2385"
                          VPOS="3752"
                          HPOS="848"
                          CONTENT="is appoint to go for london in 3 weeckes, &amp; what I ordered"/>
               </TextLine>
               <TextLine ID="region_1638976040096_12209l38"
                         BASELINE="872,3950 989,3948 1106,3948 1223,3948 1340,3948 1457,3948 1574,3948 1691,3946 1808,3946 1925,3946 2042,3946 2159,3944 2276,3944 2393,3942 2510,3940 2627,3938 2744,3934 2861,3932 2978,3928 3095,3924 3212,3920"
                         HEIGHT="136"
                         WIDTH="2371"
                         VPOS="3851"
                         HPOS="855">
                  <String ID="string_region_1638976040096_12209l38"
                          HEIGHT="136"
                          WIDTH="2371"
                          VPOS="3851"
                          HPOS="855"
                          CONTENT="wfor that convoy yett to ship notting before convoy conces butt "/>
               </TextLine>
               <TextLine ID="region_1638976040096_12209l39"
                         BASELINE="876,4066 990,4061 1104,4056 1218,4053 1332,4050 1446,4046 1560,4044 1674,4042 1788,4040 1902,4038 2016,4036 2130,4035 2244,4034 2358,4032 2472,4030 2586,4030 2700,4028 2814,4026 2928,4024 3042,4022 3156,4020"
                         HEIGHT="142"
                         WIDTH="2313"
                         VPOS="3960"
                         HPOS="858">
                  <String ID="string_region_1638976040096_12209l39"
                          HEIGHT="142"
                          WIDTH="2313"
                          VPOS="3960"
                          HPOS="858"
                          CONTENT="sond mee acctt &amp; past as soon as goods brught to takee my"/>
               </TextLine>
               <TextLine ID="region_1638976040096_12209l40"
                         BASELINE="868,4156 986,4151 1105,4148 1224,4144 1342,4142 1461,4140 1580,4138 1698,4136 1817,4136 1936,4136 2055,4136 2173,4136 2292,4136 2411,4138 2529,4138 2648,4140 2767,4142 2885,4144 3004,4146 3123,4148 3242,4150"
                         HEIGHT="153"
                         WIDTH="2406"
                         VPOS="4056"
                         HPOS="852">
                  <String ID="string_region_1638976040096_12209l40"
                          HEIGHT="153"
                          WIDTH="2406"
                          VPOS="4056"
                          HPOS="852"
                          CONTENT="in casures accordingey, inclosed £130: on sclomel de medine"/>
               </TextLine>
               <TextLine ID="region_1638976040096_12209l41"
                         BASELINE="866,4242 948,4244 1031,4244 1114,4244 1197,4244 1280,4242 1363,4242 1446,4240 1529,4238 1612,4236 1695,4234 1777,4232 1860,4232 1943,4230 2026,4228 2109,4228 2192,4226 2275,4226 2358,4228 2441,4228 2524,4230"
                         HEIGHT="153"
                         WIDTH="1689"
                         VPOS="4152"
                         HPOS="851">
                  <String ID="string_region_1638976040096_12209l41"
                          HEIGHT="153"
                          WIDTH="1689"
                          VPOS="4152"
                          HPOS="851"
                          CONTENT="procure the ncedfuil &amp; advise what pais"/>
               </TextLine>
            </TextBlock>
            <TextBlock ID="region_1599577988834_4546"
                       HEIGHT="1248"
                       WIDTH="2125"
                       VPOS="2830"
                       HPOS="3308">
               <Shape>
                  <Polygon POINTS="3330,2897 5427,2830 5433,3647 5408,4078 3308,4078"/>
               </Shape>
               <TextLine ID="region_1599577988834_4546l1"
                         BASELINE="3954,2950 4019,2949 4084,2948 4150,2946 4215,2945 4281,2943 4346,2941 4411,2938 4477,2936 4542,2932 4608,2930 4673,2927 4738,2924 4804,2922 4869,2920 4935,2918 5000,2916 5065,2916 5131,2914 5196,2914 5262,2914"
                         HEIGHT="149"
                         WIDTH="1338"
                         VPOS="2833"
                         HPOS="3938">
                  <String ID="string_region_1599577988834_4546l1"
                          HEIGHT="149"
                          WIDTH="1338"
                          VPOS="2833"
                          HPOS="3938"
                          CONTENT="12 flanners or 14 to be dyed vizs"/>
               </TextLine>
               <TextLine ID="region_1599577988834_4546l2"
                         BASELINE="3668,3082 3709,3078 3750,3074 3791,3072 3832,3070 3873,3068 3914,3066 3955,3066 3996,3064 4037,3064 4078,3062 4119,3062 4160,3062 4201,3060 4242,3060 4283,3058 4324,3057 4365,3054 4406,3052 4447,3050 4488,3046"
                         HEIGHT="203"
                         WIDTH="855"
                         VPOS="2946"
                         HPOS="3649">
                  <String ID="string_region_1599577988834_4546l2"
                          HEIGHT="203"
                          WIDTH="855"
                          VPOS="2946"
                          HPOS="3649"
                          CONTENT="to each patt ope p"/>
               </TextLine>
               <TextLine ID="region_1599577988834_4546l3"
                         BASELINE="3778,3182 3848,3182 3919,3180 3990,3180 4061,3178 4132,3176 4203,3172 4274,3170 4345,3167 4416,3164 4487,3159 4557,3156 4628,3152 4699,3147 4770,3143 4841,3140 4912,3134 4983,3131 5054,3127 5125,3124 5196,3120"
                         HEIGHT="220"
                         WIDTH="1453"
                         VPOS="3005"
                         HPOS="3760">
                  <String ID="string_region_1599577988834_4546l3"
                          HEIGHT="220"
                          WIDTH="1453"
                          VPOS="3005"
                          HPOS="3760"
                          CONTENT="N3 for a peirle cullour il to dull"/>
               </TextLine>
               <TextLine ID="region_1599577988834_4546l4"
                         BASELINE="3796,3288 3854,3286 3912,3284 3971,3282 4029,3280 4088,3278 4146,3274 4204,3272 4263,3268 4321,3264 4380,3261 4438,3256 4496,3253 4555,3250 4613,3245 4672,3242 4730,3238 4788,3234 4847,3231 4905,3227 4964,3224"
                         HEIGHT="180"
                         WIDTH="1202"
                         VPOS="3156"
                         HPOS="3777">
                  <String ID="string_region_1599577988834_4546l4"
                          HEIGHT="180"
                          WIDTH="1202"
                          VPOS="3156"
                          HPOS="3777"
                          CONTENT="&amp; N2 for a gray must be blewer"/>
               </TextLine>
               <TextLine ID="region_1599577988834_4546l5"
                         BASELINE="4138,3354 4164,3352 4190,3351 4216,3350 4242,3350 4268,3349 4294,3348 4320,3346 4346,3345 4372,3344 4398,3342 4424,3341 4450,3338 4476,3336 4502,3333 4528,3330 4554,3326 4580,3322"
                         HEIGHT="132"
                         WIDTH="477"
                         VPOS="3252"
                         HPOS="4118">
                  <String ID="string_region_1599577988834_4546l5"
                          HEIGHT="132"
                          WIDTH="477"
                          VPOS="3252"
                          HPOS="4118"
                          CONTENT="to be pressed"/>
               </TextLine>
               <TextLine ID="region_1599577988834_4546l6"
                         BASELINE="3792,3446 3832,3442 3873,3440 3913,3438 3954,3435 3994,3433 4035,3432 4075,3430 4116,3428 4156,3426 4197,3425 4237,3424 4278,3422 4318,3420 4359,3419 4399,3417 4440,3414 4480,3413 4521,3409 4561,3407 4602,3402"
                         HEIGHT="167"
                         WIDTH="844"
                         VPOS="3326"
                         HPOS="3774">
                  <String ID="string_region_1599577988834_4546l6"
                          HEIGHT="167"
                          WIDTH="844"
                          VPOS="3326"
                          HPOS="3774"
                          CONTENT="12 white kersies 30 p"/>
               </TextLine>
               <TextLine ID="region_1599577988834_4546l7"
                         BASELINE="3960,3524 4004,3521 4049,3518 4094,3516 4139,3514 4184,3512 4228,3510 4273,3509 4318,3508 4363,3506 4408,3504 4452,3503 4497,3502 4542,3500 4587,3497 4632,3495 4676,3491 4721,3488 4766,3483 4811,3478 4856,3474"
                         HEIGHT="180"
                         WIDTH="932"
                         VPOS="3398"
                         HPOS="3941">
                  <String ID="string_region_1599577988834_4546l7"
                          HEIGHT="180"
                          WIDTH="932"
                          VPOS="3398"
                          HPOS="3941"
                          CONTENT="yous white of the best"/>
               </TextLine>
               <TextLine ID="region_1599577988834_4546l8"
                         BASELINE="3960,3608 4009,3608 4059,3606 4109,3606 4159,3606 4209,3604 4259,3604 4309,3603 4359,3602 4409,3601 4459,3600 4508,3598 4558,3596 4608,3594 4658,3591 4708,3588 4758,3583 4808,3579 4858,3574 4908,3567 4958,3560"
                         HEIGHT="188"
                         WIDTH="1032"
                         VPOS="3473"
                         HPOS="3943">
                  <String ID="string_region_1599577988834_4546l8"
                          HEIGHT="188"
                          WIDTH="1032"
                          VPOS="3473"
                          HPOS="3943"
                          CONTENT="sort though 44 a 45 "/>
               </TextLine>
               <TextLine ID="region_1599577988834_4546l9"
                         BASELINE="3708,3730 3794,3722 3880,3716 3966,3710 4052,3704 4138,3700 4224,3698 4310,3694 4396,3692 4482,3690 4568,3688 4654,3687 4740,3686 4826,3684 4912,3682 4998,3678 5084,3676 5170,3672 5256,3667 5342,3661 5428,3654"
                         HEIGHT="262"
                         WIDTH="1755"
                         VPOS="3517"
                         HPOS="3690">
                  <String ID="string_region_1599577988834_4546l9"
                          HEIGHT="262"
                          WIDTH="1755"
                          VPOS="3517"
                          HPOS="3690"
                          CONTENT="to be dyed to each patt one p &amp; them to be frant"/>
               </TextLine>
               <TextLine ID="region_1599577988834_4546l10"
                         BASELINE="3792,3824 3817,3824 3842,3822 3867,3822 3892,3820 3917,3819 3942,3817 3967,3816 3992,3814 4017,3812 4042,3810 4067,3810 4092,3808 4117,3806 4142,3804 4167,3802 4192,3801 4217,3800 4242,3798 4268,3798"
                         HEIGHT="158"
                         WIDTH="513"
                         VPOS="3725"
                         HPOS="3774">
                  <String ID="string_region_1599577988834_4546l10"
                          HEIGHT="158"
                          WIDTH="513"
                          VPOS="3725"
                          HPOS="3774"
                          CONTENT="or putt upon"/>
               </TextLine>
            </TextBlock>
         </PrintSpace>
      </Page>
   </Layout>
</alto>
