7837 4555
2847 183 422 117 25 augusti

698 160 955 147 brussel guill walravens

878 187 2399 252 Ick hebbe den ue van 19 deser niet eerder beantwoort omdat den inheudt

861 339 2426 181 my geheel verstelt maeckt, want hebbe nu 20 iaeren de nogotie & is sulkx

882 410 2370 155 mij noyt tevorengecomen, het can gebeuren dat bij een ongeluck inder

886 497 2378 179 20 lakens iedt of wat te cort sande wesen maer alle 6 de stucken die

893 604 2298 160 ue gehadt heeft egalyck te cort te vallen, dat is een vremdesaeck de

878 679 2341 169 fouten in tr carmosijn sijn aen het eynde ontrent eene elle of  in

881 791 2338 169 t laken suyt mij die celle of ½ af soo sal ue daer geene schaede

895 863 2363 141 bij hebben, voor ue betalinge dat sommige noch in hun geheel syn

882 982 2397 172 & ue daer van noch niet gehandt geft is mij leet & wilde wel dat sij alle

882 1076 2409 123 vercoght waeren & ue geliefde over te comen om andere te coopen, want het

877 1171 2407 142 be nu soo veele goederen bij my, dat ick nouwelyckx wete hoe die al te verkoe

872 1264 2403 170 =pen vooorders van ue precise betalinge hebbe ick ue te bedancken

870 1341 2372 131 maer daer over 1pe te corten is onder onse negotie noyt stick

854 1462 2397 152 geweest, ick hebbe menige schoone partije vercoght, somtyts wel

896 1529 2313 142 van £1000: die prompt & contant betaelt wierden maer noyt

885 1630 2371 116 een stuyver daer voore laeten rabatteren, maer wel dat menaen

862 1721 2410 145 die vrinden die soo prompt betaelen als ue het goet naer advenant

869 1824 2400 134 seer goeden coop vercoopt gelyck ick aen ue oock heb gedaen, & als

860 1935 2394 130 ick e soude laeten corten t gene gij vraeght dansoude ick mogen

878 1988 2384 177 dencken een ledigh werck gedaen te hebben & daer van can men niet

882 2085 2407 160 leven aen my compt noch ƒ 291:11 volgende de medegaende notitie

873 2176 2379 162 & belieft ue mij den lap carmosyn te elynden van a 1 a 1¼ an

863 2286 2357 132 t eynde daer deplacke is, soo sal ue daer by geene schaede hebben &

873 2376 2416 167 om ue voordere satisfactie te geven soo sal ick elst guldens & nt

849 2504 2360 132 lasten & eene quittantie van ƒ 280: seynden waer op de

872 2582 2403 160 elle carmosijn oock voor betalinge sult mogen aftrecsen, st

870 2663 2357 117 belieft ue dien cap oock te sehouden sal daer voor ƒ4: laeten

868 2777 2400 110 vallen dat waer ƒ276: te betaelen soo veel refactie en geniet

863 2835 2419 194 ick niet in Engelant op eene reken van ƒ50000: nu patrentie

871 2930 1715 121 ick doen het om ue gelt meer te hebben & blyve

2838 2985 230 132 25d

677 3008 1050 206 Brussel Jacob Rosselmans

796 3085 2484 202 volgens ue ordre hebbe ick ue wisselbrief van u deser prompt betalt

844 3187 2430 149 tn volde aen Joff de weduwe willens in voldoeninge vant gene ick over

872 3288 2399 137 hadde, dans ende ue voor ue betalinge & versoecke ue voorden calan

882 3401 2381 149 disie ben mu dier wel voorsien van alle sorten van winter goeden

879 3475 2372 164 oock witte grijselghens waer dat eeenige de casie van leveringe voor viel

885 3584 2344 127 baeyen kersyen  goede vootraet sal al doen wat mogelijck is

877 3676 1294 151 om in dinst te doen terwijlen blyve

2984 3697 213 197 25d

680 3762 1047 150 brussel Andrres Aertssen

851 3791 2403 207 Ick hebbe verlanght & verwaght deere te hebben ue een hier

844 3953 2360 134 te sien, hier nu syn alle onse winter & andere goederen hier, &

856 3967 2437 183 di en te wel ons onde kennisse eens te vernieuwen, oversulckx soo adt voorvant

851 4127 2422 111 versoecke my iue commande te geven, ofte soo eenige leverantie voorvel

861 4238 2335 120 van witte graijse baeyen ofte kcosyen t sal mij aengenaem syn, ue

3438 101 1221 193 dn milse dere

5760 103 188 211 d

5399 230 110 104 21

3316 236 912 219 Amst geerd Rover

5464 270 437 151 6 august

3441 298 2468 199 by den ue van 19 deser gesien dat ue had gesproken met assura

3441 455 2431 140 deurs dis bij het schip van Cornelis riversen sijn geintresseert de

3441 542 2387 183 welcke besigh sijn om alle noodige verclaeringen tot hun voordeel

3450 643 2430 136 te besorgen ende soo daer iedts uyt te vorschen is ip dat wel sullen

3432 707 2463 178 doen tgene wij wel toebetrouwen hier is £3000:- op frandewyn

3431 806 2455 216 geteeckent & wij hebben van Caluis ontfangen Copiye van alles dat

3425 930 2448 182 ten affie vande admiraclitert daer over bekent is wij hebben geteeckt

3433 1022 2460 173 met convoy van Cadiz tot Amsterdam waertegens den schipper heeft

3434 1139 2378 170 gedeposeert den 31 july dat hij het convoij op dekooghte van

3431 1214 2346 188 cap finisterre heeft moet en verlaeten omdat hij te veel waeter

3410 1350 2425 111 in hadde & te veel moest pompen syne laedinge bestaet de ½ in sout

3424 1410 2324 171 130 pijpen trandersyn, &o pijpen olj 5 booten & 117 barillie

4605 1497 642 86 het sout, secg & rosijnen

3421 1484 2482 167 seeg & ioo bosten rosijnen & was geconsigneert tot stinst door wahn

3419 1602 2302 205 & Janss hamburges aen peeter vander hulst in anise, den

3439 1703 2382 162 brandewijn aendirck iock de oblij aen Jan Eggebrecht, ondersyne

3425 1800 2415 181 cognossementen is gevonden een voor 250 pijpen meerder brandewyn

3434 1901 2465 183 als hij n heeft waer over hij vandeingegevraeght sijnde de reden

3440 2002 2415 177 geseght heeft dat de partije niet connende gereet sijn daer sont

3418 2106 2313 171 in plaets gelaeden is, nu biy onse calculatie synde 150 pijpen

4169 2202 186 77 wel

3415 2236 2443 135 brandewijn niet veel ne werdigh als wij hier alleen geseeck hebben

3428 2354 2387 111 soo dat ingevalle die van costij & londen oock op brandewijnen

3433 2434 2388 118 hebben geteeck niet veel sal sijn uyt tekeeren, al waert datter

3433 2497 2422 193 geen schem stuck onderen schuylden gelyck die van Calais solfs

5121 2613 195 62 pijen

3436 2618 2378 123 schrijven, alwaer voor differente vrinden attestatien sijn gelight

3434 2742 2447 129 soo dat te presumeren is op differente andere plaeteen noch meerder

3425 2830 2474 105 is geteeckent twelck versoecke bij occasie aen iemant vande alsure

3433 2920 2388 163 dores te kennen te geven, & dat wij van opinie syn voor die

3420 3025 2444 162 schaede niets te willen lijden, daerentusschen wat deswegens

3429 3127 2379 143 by hm passeert sal ue mij verobligen te laeten weten m

3435 3225 2456 125 onse mesures naer advenant te nemen wat ue seght van lakens van

3416 3294 2509 178 38 can wesen maer ick vinde ende lahte noch lakens noch cange

3431 3391 2435 174 van a 38 ofte eenigh maengels man factuer dat 9st cmon

3431 3508 2405 151 betaelt oock syn het geene lagens maer kersijen geween

3428 3606 2385 157 midde lertyt verneme geirne oper convoy van naer ghul

3411 3666 1620 169 vertrocken is ofte te vertreckee staet bijv
