7933 4541
956 186 2288 126 AE6 van Corls huel oock nidt  aen die

940 259 2314 170 hem desen brief behmdigen e& segh en dat hij moet gelt

935 340 2108 151 besorgen, oft dat ick hem wel regt sal devine

1062 432 1814 137 ue adelandiele   med o

999 509 2127 180 ue senden ul doch hier ingslot, ½ quitantien wier

976 604 2234 158 Dan ƒ 20: tot last de laet haelft, gelijk ul wet

1080 680 2168 161 oek dese hebt ingewoerden, gelieft daer vere

922 813 2058 136 deleverlae doen, en seuet mij veet wat passeit

936 882 1735 191 sal ue costij tenoyt en dan ie betalen

2732 918 359 227 9fd

747 1014 714 198 huest volcaen

986 1069 2054 221 leden dat iuck op 21 deter lest leden aen u heb ges

941 1222 2167 162 hebben wij van us met vermomn, alleande

2325 1325 112 73 1nm

929 1302 2249 148 meet van Jan lerhuse, nensalx  dse n ordre

953 1444 2107 154 doat ue sonder tijt verblis de selven teclisen sult

946 1531 2209 173 gelaken te doen excourte en met het good

1000 1611 2242 207 vouis vgn sonder fm la et de

848 1715 2386 188 de veele voldoening iniluk want die maner van

964 1851 2248 135 geen goeden will, en ick vrostaennnee beylange

943 1931 2292 109 ons cant sal blijvvn gelgln, daeromime vewogtte

952 2049 2191 133 dat ue he  alles al greeenie & alue

950 2150 2322 135 weetmogelijk is tot dat  voldaensijn mdl

939 2199 1843 169 & disseende ewat cassein als derob

2780 2341 314 179 8 hb

762 2323 869 242 Jossenis Cort hiel

959 2422 2194 224 Ick hebbe nu differente brieven aen ue geschreven

962 2552 2232 169 en de nochte antwoort nochte gelt becomen & alsoo

948 2689 2218 188 wij niet gesint syn sulckx langer te gedoogen, soo

964 2763 2258 198 vermaene ick ue biy desen dat gij ous moet gelt besoggn

954 2918 2223 170 ofte gedoogen dat ick ul daer toedvinge & een ander

954 3029 2211 191 op de hoef brenge, want daer syn lief hebbenig.

929 3123 2222 175 noeghtoe die prompter betalinge belove blijv

3027 3223 122 139 d

809 3222 840 209 brussel Valliyn Sensor

943 3332 2304 186 alsoolyck van mons vallyn ue sone tot noch toe niet anders het

956 3431 2313 183 ontfangen als gelosten & geen gelt, on dat ick daer mede myne schulden

941 3520 2283 174 niet can betaelen, soo ben ick genoodt saeckt ue dat te adverteren,

956 3627 2303 165 om dat ue is mijn debiteur principael, ick hebbe myn leven noch niet

964 3705 2303 188 gehandelt daer ick soo bene beiegent geweest, ende, alsoo sulckx is buyten

955 3806 2289 167 alle discretie & stiel marcantie, soo bidde ue mij niet langer uyt

953 3926 2243 161 myn gelt te houden, tgene in corte daegen ben verwaghtende, ofte

933 4028 2279 130 anders bidde ue niet qualyck te nemen dat ick wettelyck het mijn

944 4072 2326 146 soude vraegen, ick en can niet bedencken wat reden & waerom

835 4187 2432 141 dat ick soo ondanckbaerlyck geloont worde naerdemael dat ick uytne

3454 203 2425 142 goederen voor soo cleyne wincte & soo sineetelick aen ue

3445 247 2390 191 heb vercoght, op ue soo positive & affirmatioe gelofte van

3458 331 2402 195 contante betalinge uytterlijck ses weken naer de leveringe

3440 425 2340 218 milaete ick ue oordeelen de saecke selver eghter alsoo

5203 552 323 104 versoecke

3441 549 2384 228 geirne met vie inder minne handele soo bidde mij aloor

3448 658 2264 214 een antwoort hier op toe te seynden terwijlen blyve

3342 798 721 228 gent herrebout

5473 782 313 191 9 feb

3413 860 2442 231 volgens den ue van p deser heb ick het pack N 28

3436 989 2409 226 wel ontfangen, ende alsoo N 29 heden ofte morgen by

3424 1103 2426 173 ue sal wesen, soo bidde alle vlyt & devoir te doen het selve

3429 1228 2397 225 sonder tyt versuym aen mij p wagens te seynden, waer op

3405 1327 2437 225 my verlaete want my daer seer veel aengelegen is

3402 1437 2488 245 ende schrijft wat sal sijn gepasseert & wanneer de wage

3437 1547 2420 247 over teveir sal wesen connen op dat ick het by tijde van

3428 1688 831 158 daer can haelen

5440 1772 224 146 16

3407 1793 539 167 brugge ots

3435 1855 2451 201 de en van 7 en 8 deser end. aend answol wet ostij ende

3454 1974 2377 163 comme aencomen, doch hadde ue geen caye codin

3450 2090 2414 148 crijgen, dat wil hopen gest sal san gesoien aen soo veel goede

3440 2194 2418 184 gelost, dat 2yn pack N 29 Jal syn gevonden, en heden naer

3446 2316 2421 168 gent veots geraeht, rolebende shelvebont denabdige ordre

3434 2376 2414 137 ck 5 wil. et denyesurge de plie sale vor vallen

3437 2467 2480 170 op de qualituyt het geheel pack cost 145 daer sijn ewel eeiges

3440 2556 2399 181 fijne bij, neghter alle de 12 stuck cort van lemgdes, en om dat ick

3431 2674 2322 105 daer o se ben verleeen soo recom andermel de

3476 2749 2369 110 tersn dil qeutie. t or rede sal ick vrevonden sijn

3441 2821 2311 169 sale die vanestende andere re maeken als tat

3460 2936 2450 144 arbeijts loon, ten ware dat het scp 24 unen hadde geaban

3396 3022 2421 152 dodweert geleceet, tgene niet wer is, alsoo het

3439 3136 2461 132 vest alradelos was de dagh naer het smonden egter

3456 3178 2437 152 gwet en can ghet geen strandie groet. worden alsoo

3419 3277 2395 121 het mat  blijven erst saten en de ross: meest

3408 3339 2476 132 droogh g borgen, & geloove het scp ooch afgeom

3443 3462 2405 132 nt jadr 1679 dd julij blevy een bijlande die sijn geheele

3425 3538 2476 135 ladinge oms toe aer in k hadde 3 pato: 2 winden nol

3445 3613 2463 124 genbot gevonden onder de ef vast sotenndies sijn rj

3430 3716 2446 138 geheel gewooden indreeriegen cast, het doo de l

3437 3780 2368 122 eenige dar doer neer nffens noch an drre gevisn

3443 3901 2405 115 naer dat men hadde alveetens verclaert sor eede

3446 3972 2283 139 iets voor den 0de vss soude hebben, gelijk

3455 4036 2423 201 gestiet is sonder andere ost als dat 5 'tgene de visses

3443 4120 910 160 vande stuckn afone de
