7440 4493
2509 171 580 171 15 sber 1692:

491 192 1058 211 Amst Pierre Frencs pam

819 309 438 110 3:: advise

680 267 2360 246 ie vous ay cait le 28 du passé, estant alvec de la vente de vos monssclines

789 459 190 73 woge

674 429 2435 182 et e coset dn compte avec presentation pour vous faire tenir la prove

525 488 73 140 S

658 562 2441 157 mie, sur quoy ie n'ay pas reccu a uleure novelle de vour ce que me donne erainte

648 639 2425 234 que la lettre na pas touche vos mains, raison pour quoy ie vous prie de me

643 764 2376 197 respondre le necaissaire pour prendre mes mesures a l' advenant puisque ie

649 904 185 137 shij

463 940 835 231 Sondert Jn de water Kend

623 1013 1862 252 Sehve Bay Lalt to you of to instandreccat. y of 41 past

460 1179 976 196 Janty Pierre Trenche pain

2491 1182 381 204 18 ditto

619 1289 2458 231 depris la maine de 15 c. reccula vre du mesme date pour responce ie vous dire, que

669 1434 2398 154 zassurance de dettes est ordineire 2 p C. & en cettertemp d'augeruse pas euss, aultre

675 1545 2411 153 non ob stemste convant a 3 mois le payements ne suivent pas si promtte & si que

669 1639 2439 125 je ne vois pas prossite a 3 p: C. & ce ne que pour vous rendre un service parriculiere

630 1727 2471 141 teslement qui si vre grace reut disponer de la balance & estant ƒ317:7:7 en 1abbantans

643 1811 2443 151 £9„ 7 „ 7 &. sa4 payeray a vue p. cassa £308:- si non ie cere fort bien contant

677 1931 2361 142 que vous attendre le temp, vous asseurant de mon deredr vre intreste pour

641 1983 1122 193 la Maiye propt, & sil loffre &

2769 2012 167 148 afo

481 2092 1230 243 Londen Jass Kent & Comp

683 2176 2408 293 Sence my last of 11 mod rec yours of 30 past, lett the bayes

674 2340 2434 196 of kersies come fr om the north p first convoy for hollant whelh

664 2440 2427 205 Isuppose the amsterdam will bee the costendish is to come for

664 2540 2410 191 londen in few days so gett my goods readdy & lett the cottons I say

698 2632 2335 189 the stokinges bee well cossed in the packes not all in me cotton

675 2760 2347 160 butt in severall pusces well vleyd with in the p. that if can not bee

671 2832 2379 201 seen, neither must the hose bee declared, if a convoy gott for holland

674 2946 2424 193 I say Rotterdam before that of ostendt, so lett mee have one pack of

644 3078 2462 223 spanish cloathes that way, with or without do zens & rather without

701 3182 2284 174 for I have the house full of these commes devils, never vendable,

674 3295 2434 185 provided also for ostend 10 a12 p withe flanclss from 13 a 14 a 15 penc

679 3360 2419 188 to 18 a 20 p a goad off the f finst oft braast sorts as last sent

677 3470 2421 178 in N8, with 2 p flancels gekeperde in dintcn, with a8 a 6 swanhin

671 3610 2362 182 bayes of 16 st as the 4 where n N8 to bee a pack as to the

671 3676 2443 221 spanith cloathes some gnore silvere grayes of seve rall prise for 8bo

682 3805 2413 169 10 as1 s to the patt. sent yo butt these in N 83 are so fraad

676 3890 2429 212 mixt that are not vere well vendable, soo pray endeavour to sent

673 4028 2437 162 cloathes mixture & lively, lovely cullours upon the blew, which

681 4101 1366 177 is the needfull att present from

3327 77 2481 177 etsen me naeer artemeneet sae me de

3346 184 2454 166 of spectacle for mee the best that uresto be had to strchant

3343 286 2290 174 sigh of 30 a 35 yeare ayes I hope the red & blew cloathes readdy

5459 391 339 164 18 sber

3164 377 1155 251 Londen Richard Southell

3355 487 2432 214 sence my last of m curt non from you the bykes are not shipped

3348 615 2464 164 yett whoever hope to send with the convoye, that is to depart th 8 a 10

3259 713 2476 200 dayes for londen, for which prepare one double red of £20:4 of

3274 827 2551 159 £11 & one of £11:10 a £12 with arooar of £12 a 5 13 to bemade

3315 946 2507 153 uy in 15 single pr 8 to come with the first convoy for ostend 8 mease

3307 1019 2515 197 can not bee readdy with the first convoij for ostend not to send itt

3324 1144 2460 152 the reds must be a good cullour as the last you sent mee not to

3339 1237 2449 180 broune or dark butt as by the inclosed patt. the aururo must be as

3342 1398 157 64 much

3313 1324 2400 245 pon the scarlett as possible for alight coleur desen is not

3336 1399 2419 224 vendoble, the deeper the better I can not sell your spa cloathes

3335 1568 1063 202 they provenot well I rest

5501 1595 259 171 20d

3169 1692 1344 208 bergen op Loon mons de Brevel

3305 1780 2527 244 En responce a la vre de 11 court, i'ay receu l'argenterie de brussel, le quelle

3318 1892 2531 171 ie remetterez enter les mains de mons hubert, aussi bost que vre grace

3327 1991 2400 237 luy a respondu puisque mons lurond, vous donne explication de la

3321 2103 2499 210 partie en difference p l inchuse esperant qu'il sera a vre contentement

3312 2213 943 223 vous salvent ie me direz

5464 2277 259 167 20 d.

3154 2319 803 260 Brugge RCoots

3331 2361 2360 286 en gevolgen den ue van 15 deser sende hier beneffens de

3270 2508 2565 286 duplicatie vande certificatien vande 2 packen tycken  N. 162

3283 2625 2530 245 aen boort Jacob van herentals die goet salvo seynde, ue can het

3328 2728 2493 251 daer van bedienen heden vertreck van hier marten jansse

3334 2867 2446 235 naer londen inden selven te claeren 2 packentjcken be

3323 2983 2478 217 N.3 met 65 & N.4 met 36 stucken tijken N. 3 weirt ƒ 500

3317 3098 2490 257 & N4 ƒ 270 van R een paxken met 2 engelse lakens die te

3325 3237 2459 236 rugge wederom seynde & 4 laurier boomen weirt ƒ16 segge

3351 3392 1255 199 16 alls tol be betalen blyve

5339 3473 256 198 20 d.

3176 3519 671 198 in chanp E. de virder

3324 3631 2449 157 de reeu la vre de 18 c s& ie n'ay pas payez le £3„- a vre & non u le ditte

3311 3759 2546 161 lettre de changhe a   tellement que ie ne l'ay encor a vre goutenne le montante

3341 3897 2423 144 eene envtron ƒ33„ argent  de cette pays, ie suis bien ayse que vous vous porte bien
