7954 4534
2578 170 593 167 a9 pb 1692

872 178 855 178 Cortrys wed. conisse

975 255 2303 183 t sedert mijnue van 14 van B niet vernomeni en twijfele moet

984 360 2247 164 oft den senden is i& wel deworden, door het fanck verwaeyt weder

964 462 2272 127 hebbende schopen in hollant opgehanden geweest & sijn maer eerst

971 570 2320 118 die van rotterdam dese heydde daegen hier gearriveert met deselve

985 616 2329 189 een partije engeesche gemengelde frisesten soo mode colleuren als grijs

947 717 2332 178 volyens  van mij hebt gehadt, gelieft ue nu wederom van eenige

963 834 2329 206 gedient, te sijn luttel oft veel gelieft mij cito te antwoorden want

976 938 2308 176 die goederen moeten nu metter eerst senden man, daer om verwaete

968 1031 1429 184 itb advies, daer over terwijlen blijve

2819 1072 242 241 29d

849 1160 649 206 gent: herrebout

1004 1191 2195 219 en ue van 13 deser ontfangen met de oncost rekeninge

988 1322 2292 188 bedraegende ƒ 103:1 waer voore ingesloten ue remittee ƒ103-

985 1435 2239 171 ten laste Mons Reynir de buck deuwelcken ick geloove het selve

992 1571 2250 124 niet prompt sal willen betaelen, soo caen ue versoecken, dat hy het

992 1669 2274 165 op eenigh tyt wild accepteren & op d'een, oft d'andermannier devoir

973 1769 2265 119 doen dde weirde met gelegentheyt in te voorderen, heet ue voordesen

970 1864 2310 170 niet voldaen aen geel Cornelissen de ƒ 7:3 dat ick ue wel hebbe

1000 1975 2284 150 versoght te doen, myne memorie gedraeght van iae, oock vinde ick, dat

972 2071 2303 147 eene antererdeurx regeninge on mijne boecken soo veel soude differere

983 2159 2259 179 derhalven gebove ae my als dan daer voore te hebben belast, & het

992 2278 2247 197 selve aen hem sult hebben voldaen, dus bidde my te antwoorden

983 2394 1146 152 wat daer van is terwijlen blyve

2791 2429 262 220 29d

793 2500 999 268 Gent Reunir de Bick

997 2612 2224 207 hebbe heden eene partije gemengelde engelse frisetten

968 2730 2309 173 ontfangen soo mode coleure als grijse, ingevalle ue eenige gelieft

972 2851 2235 144 t hebben, moet cito laeten wetere ick moet tot gent ƒ103:-

1002 2961 2071 200 court gelt betaelen aen mons frans herrebout over gerese

1000 3061 2290 192 oncosten opeyne goederen, ick hebbe daer voore by ul een

1004 3169 2272 195 hem gesonden met een briefken tselve van ue te ontfangen

981 3291 2086 167 biddende hem nmet gelegentheyt dat te willen voud oe

994 3398 2290 156 het comt op 14 dagen & weecken oft een maent niet ae

995 3501 2299 111 als t' ue t'beste passe comt soo ue eenige super fijne carmo=

989 3619 2311 146 sy ne hollantse blouwen belieft, heb oock een extraordinan

938 3714 2238 184 supersijn holt sualleys a 2 breet, iedts noodigh gelieft

956 3824 1502 167 de commanderen, die naer groetenisse blijve

2875 3826 253 231 29d

788 3935 873 193 mechelen van Aken

972 3991 2275 171 volgens den ue van 21 gb laest, heb ick ue gecrediteert voor

982 4096 2333 193 ƒ 6:16 voor corte maeten, als andersints, gelyck ue vermett

957 4209 2305 141 sal eerst daeghs ue rekeninge court seynden. hebbe soo

3491 201 2417 126 aenstonts van Engelant ontfangen een partije gemengelde

3490 292 2411 177 modecoleuren engelse frisetten ofte keere pyken  breet

3493 366 2393 218 gefriseert curins & fijn. heefter ue eenige noodigh moet

3452 486 2442 240 ccito laeten weten, want dat gaet rap voort agovene naer

3446 595 684 195 groetenisse blijve

3374 675 1276 264 Mechel Gillil van Cauwenbergh

5320 689 586 242 29 xb 1693

3476 833 2387 199 den ue van 3 sber laestleden, hebbe ick op syn tyde ontfangen

3472 973 2408 163 den inhoudt is drocf dogh met moet sigh met de gemeynde ellende

3465 1116 2348 173 genoegen ondertusschen, dunckt mij dat het niet alles behoorde

3453 1193 2424 175 quyt te wesen, want sy hebben goede weyde gehadt inden voorsomer

3457 1319 2415 189 ende toemaete inden naersomen, & terwijlen het platte landt met

3450 1459 2412 177 garsoen niet beleyt en is, soo hebben sy de toemaete genoeghsaem

3459 1534 2419 205 genoten, & was sekerlyck het hoy al af voorde bataillie, daer

3408 1687 2303 138 Aenboven soo synde 2 iaeren 1691 & 92 noch niet voldaen

3467 1785 2440 170 & was ue propositie dat s franssen daer van ben minsten noch ƒ 30:

3451 1849 2419 198 soude betaelen & dat ue soude devoir doen ƒ 45 te becomen nu bidde

3448 1943 2416 248 daer over met hun een eynde te maecken, ende wegens dit geyndight

3455 2101 2400 217 iaer 1693 te doen al wat mogelyck is & gelyck voor ue eygen, want

3451 2182 2407 223 al quamp daer maer weijnigh van voor die huerders, soo hebben sy

3439 2352 2381 159 dagh die bemden goeden coop, met het aenstaende iaer 1694 comt de

3432 2426 2369 181 huere te expeveren, hope in tselve beter uytval & in toecommende

3435 2570 2458 166 vrede, & rust & hoogere prijs, wenschende ue geluck saligh die vestaende

3430 2610 1007 186 nieuviaer & blijve & blijve

3381 2725 687 181 Amst  Rober

5475 2745 339 160 31 xb

3467 2791 2375 220 t sedert mijnen van 28 deser den ul vandenselven dato becomen

3438 2934 2381 188 ick sien wel biyden ingeleyden vanden maeckelaer spelliers

3436 3022 2447 259 van Rott dat die vrinden ens sullen geven wat sy willen quybsyn

3445 3166 2365 200 die man op aneland die ue heeft geimployeert heeft niet wel

3427 3249 2457 265 gehandelt, nu dat is te laet, moeten voorder sien, hoe het tot Rott

3410 3368 2444 258 sal uytvallen, ingesloten remittee ue ƒ 444:10:9 a 9g½ en

3428 3455 2409 227 £ƒ84:5:11 en ten laste vigne & zani vallende 2 toecommende

3428 3617 2452 176 gelieft het noodigh te besorgen, siende de versochte remisen o son

3387 3719 2461 171 den te gemoet & daer mede myne reken court ondertusschen

3440 3778 2404 283 sal ue wel dienen beneffens dh pradellis d'oncosten op

3411 3879 2419 278 bestellen die ue gedaen & dren doen hebt over tgoet in

3432 4067 2419 175 anelant vm vervolgens ons bij die van Rott te reguleren
