7954 4534
978 176 1504 183 protest my terugge te seynde

2797 267 402 148 21 same

814 260 788 239 Rottt de bra

984 353 2229 148 tot antwoort aen den ue van 8 deser hebbe wey

982 473 2232 165 nigh meer te seggen al dat hope onse goeden

978 548 2078 193 salt becomen volgens het oock recht costum

979 672 2145 184 & redenie dogh naer ue gedaene beste, dat die in

960 736 2234 231 coneurrentie nevens andere moeten vercoght worde

983 875 2268 217 myne lakens sult gelieven in te coopen tot ontres

969 955 2080 220 30st d'eelle op waerts tot 40 st toe te besteden

1001 1069 2208 189 dogh verwaghte beter middelertyt soo s de mjer niet

1002 1166 2103 254 vertrocken waere dat hy naer huyskeere want de

968 1281 2230 233 vercoopinge te lanck tardeert & noch con uyt gestelt

984 1373 2046 265 wordet het geoassceer de verwaghte te verst

993 1572 405 133 & blijve

2787 1541 353 232 12 Jan

800 1573 1326 294 Leuven Bartob Corthout

992 1703 2177 241 hebbe ue brieven van 9 & 17 pas & 3 deser wel ontf

992 1843 2104 205 als mede de dowintigh pistolen van den schipper

2452 1939 191 85 hebbe

1434 1964 289 97 twelck

978 1877 2325 268 Jan dije volgens & selve aen ue alnogh geschreven, seynde

981 2079 668 109 volgens t ue begoorti

990 2033 2097 234 vop desen ue rekeninge courant waer bij ue mij noch

985 2118 2271 233 schuldigh blijft, eenhoudert seventhien pouden achtien

981 2236 2214 247 schellingen & 1 grooten vlaems wisselgelde, twelck sal

982 2391 2168 185 t is droct om hooren dat sulcken slechten tyt moeckt

974 2459 2093 191 boope het in tcort sal beteren, wenschende ue van

977 2552 2244 243 gelyck een gelucksaligh ni enwiaer niet veele naervolg

973 2668 1917 206 in gesontheyt & prosperiteyt waer wede bly

2848 2774 295 211 19d

769 2818 1218 310 Amst geerd Rover

977 2927 2333 276 Ick hebbe op 11 deser aen ue geremitteert £ 220:16:8

958 3088 2295 232 in geaccepteerden brief tot laste Jan danen in Rotterdam

955 3221 2234 224 by pells in amst te betalen, 24 deser vervallen, & alnogh

973 3315 2314 207 200 op 6 daegen dato tot laste george liffend tsedert geene

975 3436 2230 184 van ue 6 dat mij doet ordeelen wel eenige veranderinge nde

973 3593 2234 132 wisselwel machte sijn voorgevallen, eghter hope wel voorige

2711 3647 271 78 connen

977 3659 2233 151 ordre voor £100 op Londen sult hebben naer comn

975 3755 2324 147 al soude ue oock 32:7 en uytterlyck 8 besoeden middelertijt

970 3864 2318 158 mjne reken court wijders geexamineert hebbende, bevinde het

966 3980 2273 169 saldo volgens ue notlent acn ue goet compt ƒ27111

954 4081 2008 205 gaet af de remise van ƒ 448:16:9 a99 ½ ƒ189:8:11

2476 4196 456 136 a ƒ1166611 ½

956 4203 1100 154 met den agio van 5½ spe

3491 213 2414 135 moet by voor de schaede van de ƒ161:13 op 18 op res

3485 251 830 195 ƒ 8:9: maecken

5438 271 457 159 ƒ163:10

5010 289 441 201 ƒ 1535:19

3473 385 2432 215 soo dat ick ue op nieuwe reken creditere voor ƒ1383:19

3482 494 2397 208 t welck niet en twijfele ofte ue sal soo conform approteren

3479 605 2397 214 & tegen die ƒ 8:9 niet replieeren, want schoon de reductie

3477 724 2370 181 van gelde op de schellingen is geschiet, soo bestaet alle het

3471 821 2409 200 courant gelt daer uyt niet, bovendien rekent ue hadde oock in

3476 941 2429 190 t'minsten geene gedachten om soo een weynigh iedts soude pretenderen

3457 1065 2327 186 want hadde daer van als dan genoeghsaem conen disponeren

3452 1233 2407 170 bovendien debiteert ue my van port van ƒ 30 7al van Rott

3477 1304 2391 223 &alvoorens is eene provisie van 4 pc daer over afgetrocken

3476 1420 2388 223 soo dat ick op ue approbatie myne rekeni sluyte ue als boven

3472 1573 2379 135 schuldigh te wesen tot pr Janu, & comen de boven p remisen dan

3447 1653 2450 153 op nieuw, ick & eenige vrijnden hebben speculatie gelt oft bijfrente tot londen

3440 1753 2422 111 te geven de conditien syn te coop soo ick meyne by ormen costij ontrent de

3452 1865 2440 122 beur bidde de selve my morgen sonder faut p post te seynden, want

3905 1925 1635 109 naer 2 feb naest can nuemarst heer income

5723 1948 59 99 9

3408 1888 2355 235 eft de bree uk sonde op myne 3 soone Ill£ 300 nvn wates al lact

3460 2023 2425 211 wij hebbe u ue brief van 12 deser & dien van S de Myer gesien

3453 2152 2449 192 & soo ue wij hadden verwaght te verstaen wat uytslagh de schepene

3448 2245 2393 203 voorbeden maendagh soude hebben gegeven, dogh alsoo ue

3460 2384 2415 138 daer niet van vermaent, soo vermoeden wij het veel goets daer

3429 2477 2461 206 entusschen om over dese laecke eene lange procedure aen te gaen

3439 2587 2460 208 soude maer wesen een middel om het goet tot niet te brengen

3442 2735 2432 182 & soo die andere geintresseerde daer toe in clixeren, connen

3445 2801 2390 227 sij ons wel wat quaets brouwen, evenwel pourseert om ons goet

3411 2949 2481 177 te becopen & sot sj derven de selve int vercoopen nevens andere

3444 3021 2463 194 soo protesteert & doet al wat doenlijck is niet om het te belotten

3439 3143 2448 190 & sbaer t' mogelyck deselve onder candie in hume possessie te becomen

3452 3234 2360 237 pretes nepevende voor reden, dat sij moeten gereddert worden

3415 3360 2489 193 midts sij het sijn, uyt welcke reden de heer van t gerecht wel behoor

3439 3493 2424 134 den sulckx toete staen onder cautie als vooren, deste man, omdat

3451 3598 2439 170 sij bij provisie hebben toegestaen dat sij niet sullen moeten vercoght

3431 3663 2457 164 worden, maer soo d alles niet can helpen, soo presponeert

3425 3783 2412 177 aen d'andere onse saecke in goede manschap te stellen, & laeten

3428 3878 2388 197 t'alsoo door abitragie van eerlycke luyden afdoen, daen soo ue

3441 3992 2465 197 de goederen onder cautie in ue possessie conde becomen, soo waer

3442 4095 2366 186 dat verre het beste oversulckx doet voorts als voor eygen &

3449 4204 2411 181 laet mijne lakens ingecoght worden als voor desen geed viseert
