7858 4541
3429 164 2406 149 ofthis come in time lett insteed 2 demie reds of £11: - e

5899 194 79 106 6

3423 237 2424 172 dent 4 & 6 £ 10 a £9:10 to be 14 demie tedo mall

3418 341 2318 180 that s as above 4 of £8 „ £8:10 a of 9:10  £ 10:

3443 455 2441 197 rother £10 & 4 of £11: what is become of my packing press

5366 569 487 141 14 augussi

3354 570 1047 203 brussel Jacobus mosschmans

3423 595 2411 256 tsedert den ue van 30 July laest heeft mons Janssens ue remise

3431 733 2420 193 in wisselgelde doen betaelen en volgens ue ordre van 11 deser, soo hebbe

3427 844 2450 209 ick aende weduwe wellens voldoen de ƒ 252:10 wisselgelde die ick op rest

3408 937 2478 185 voor ue overhadde, derhalven ue bedanckende voor ue proepte betalinge

3428 1028 2488 167 wenschte wel de occasie te hebben van aen ue anderen dinst te conmen

3428 1158 2484 147 doen, daerom bidde ick ue soo ue iedts noodigh hebt mij niet te vergeten

3437 1249 2410 170 sal altijt met eene seer ceyne winste mij vergenoegen oock n

3451 1319 2404 204 alle sorten van hollante swert carmosyn & blouw goet: waer in

3434 1446 1852 178 ick mj particulierlyck assortere terwijlen blyve

5503 1502 113 153 d

3349 1595 634 220 brussel Valliyn

3413 1715 2510 208 Ick hebbe op 31 pas aen ue largo geschreven waer op geene antwoort vor

3445 1776 2493 194 neme waer over mij verwondere te meer omdat ick daer by ue voorstelle

3445 1867 2444 208 al wat ue van mij soude connen verwaghten, daerentusschen verloopt

3443 2020 2458 133 den tijt & ue is oorsaecke dat ick van het mjne niet can bedienen waer

3440 2076 2432 197 door morckelijck naerdeel hebbe, & alsoo daer van dogh een eynde

3449 2164 2463 183 moet gemaeckt worden soo versoeke andermael vrindelyck leta

3442 2268 2442 173 ling & bidde geene moordin maer gelt gelieft te geven ofte te

3446 2418 2428 172 gedoogen dat ick de gecantioneerde goederen met den uytroep

3430 2485 2419 133 vercoope gelyck ue niet d'andere goederen vanden winchcl hebt

3441 2570 2495 212 gedaen waer op ue antwoort sonder uytstel te gemoet sien & blyve

5563 2727 367 136 16 augu

3357 2710 1004 204 Londen Wall & Will Kent

3453 2790 2496 201 on the 12 curt remitted you £130:- on sclomel de medina sence receaved

3446 2926 2452 150 yours of 27 past, as soon, as you have bought my spa clothes desire

3439 3002 2500 196 you would send past of all them though not yett packed because I might

5049 3081 688 92 yops again close mixthire

4592 3107 123 63 Meco

4785 3104 184 74 wiendi

3460 3092 2486 152 have timee enough to writte for what might be wantinge, as for the

3457 3173 2456 168 reds, beinge no haste so my last letter shall come in hime to mages

3458 3290 2459 136 them up 14 demie p or 26 addinge 2 more of £11:- £12, I have

3468 3397 2474 137 seon the mode cullored flannels which you have send to egansacker

3473 3460 2487 167 st please to provide for the first convoy for ostend which would depart

3466 3556 2434 153 in 14 dayes 12 flannels of the same prise you have sent hien

3477 3638 2477 158 with y supubse to bee 15 a 16 pence & lett them bedyed & pressed

3461 3741 2484 134 so as you did for him, buy also 12 of the vere beste white kersies

3469 3815 2416 139 lett them be dyed in cullours as the flannels, butt drawen upon

5414 3914 484 104 & letthent

5108 3918 308 103 whill

4726 3937 265 91 en they

4503 3936 135 90 dir

3464 3970 2379 104 the tontur longer  with 4 white cottons of 20 a 21 pence one there off

3469 4044 2496 84 bee vere neadley frised to be in one pack orampee  a ninase

3487 4099 2404 117 t on of e pence to be wrapper, this s doe for a trayall

3462 4137 2482 175 wherien pray take care the cullours be good & the flannels neadley

3472 4250 2375 112 handeled & pressed & the kersier close grised inclosed £80 on
