7912 4541
1141 1198 1982 160 th letters not here yett: interim I have ordered the 18 past

1138 1305 491 123 4 ment 1694

1137 1355 1924 182 to make up the 2 packes of sp clothes adsome to N1

739 1408 71 109 4

1146 1463 1822 207 of 7 ƒ8:8 a 9 16 a yd as best penny worst present

1039 1574 2078 210 I suppose you have to N2 & the like bought al reddy yett a

1044 1685 2080 206 1p of 13 ƒ1 of 24 p yett more lively & upon the blew thoug

1043 1789 2085 175 some what lighter to N3 will be well few p ofanney prise

1047 1941 301 113 if good

946 1995 2100 142 besides if anney new cullour be come out that was newer yett

936 2097 1828 139 sent beond zea, or to us so ad 1a 2p of 14 a 15 ƒ

3069 2079 70 161 le

936 2190 2170 180 which I recommend above all for there by Jean doe good
