7954 4528
2759 186 264 137 17 xb

836 186 1020 213 Rijssel vanden Cruyee

991 310 2251 153 in antwoort aenden ue van gisteren, segge ue wel sal doen te volgen

1006 436 2204 95 d'ordre van Mons Jan du maistre van londen met de 3 packe

996 485 2189 175 van M toussin van Parijs alsoo deselve syn voor ditto de maistre

1005 578 2191 210 & alsoo ick niets genegen was iedts te assureren hebbe gerecomman

1000 687 1061 181 deert d la maire te imployere

2845 767 241 163 18d

828 774 1117 210 leuven herman Essincks

981 904 2149 212 In antwoort aen ue aengenaemen van 7 & 14 deser de

971 1005 2200 188 weduwe vander haert heeft mij het restant vande bekende

980 1119 2146 187 schult dese weecke toe gesonden, & ick seynde ue met den

988 1226 2140 169 bode franco een ½ pistolen synde ƒ 4:17½ & ½18 gelt

980 1309 2134 177 tot voldoeninge van ue corten, bedanckende ue voorde gemome

985 1407 2154 163 moeyte & punctueliteyt in dese saeke, nochtans en wille ick

994 1564 2167 144 de weduwe vander haert daer om niet quytschelden maer dat

1001 1638 2128 183 sy haer deel oock betaele, dat sij arm was of onmachtigh,

1009 1715 2145 198 ick soude sulckx niet begeiren, maer omdat ick hun lanck

988 1818 2180 222 genoegh met soettigheyt hebt gemaent & myn gelt gederft

920 1963 2111 132 meriteren sij wil die costen te draegen, derhalven ue van

995 2010 2209 198 haer ƒ2:11½ ontfangen hebbende, can ue my die wederseynde

1014 2138 2204 204 afcortende t'gene ue goetdunckt voorde voordere moeyte eghter

1009 2248 2144 154 vindt ue sulckx te effectueren in ue gemoet en geraeden

977 2374 1847 184 sal mij volgens tselve vergenoegen mits blijve

2781 2392 278 196 18d

805 2490 826 226 gent dh Jan Elbo

990 2575 2068 182 tot antwoort vanden ue van 13 deser, ick hebbe veeler

997 2696 1985 131 brieven geschreven aen dh waepenaer & aenden heer

973 2783 2185 184 greffier van waeisberge die tsedert de doot vanden h

945 2885 2166 152 priester guus eenigh gelt op cortinge hebben gegeven

977 2962 2193 169 want in tleven vanden voors heere priester hadde by de

972 3129 2167 109 betalinge begonst te doen ick hebbe oock geschreven aen

943 3184 2228 165 mons J Bapt guns tot aelst dogh noyt vanden eenen, ofte

969 3283 2185 194 anderen een letter antwoort becomen tsedert den iaere 1688

984 3396 2275 186 17: gs, ende eyndelyck geinformiert tynde dat ue medu ers geval

966 3497 2201 168 is van Joff de weduwe guus hebbe ick my voordesen aen ue

963 3559 2269 273 geaddresseert synde ue danckbaer over de £21: 5. 10 en, die

985 3706 2209 236 ue voorleden iaere betaelde op myne ordre vanden 26 janu aen

964 3826 2283 184 t frans herrebout welcke betalings geloove geschiet door ordr

971 3949 2209 175 vanden voorse heer J wapenaer, derhalven wille wel

953 4035 2316 189 gelooven myne pretensie hem is aengecavelt eghter opdat

967 4145 2270 197 sij ofte niemant anders vande voors erfgenaemen mij niet

3457 216 2440 101 & voldoen naer eene acht iaerige patientie, soo hope ue t

3480 290 2367 167 niet qualijck sal nemen met recht te pousseren, willend

3462 355 2394 140 by desen niet argumenteren wat iuris is, nochtans ende om

3468 483 2379 141 te betoonen dat ick ue geiegentheyt estimere, soo seynde ick

4050 544 155 78 brief

3930 547 114 79 en

3455 552 2428 186 ue ingesloten aend hr J wapenaer &emen aenden greffien

3471 650 2367 189 vall en aesberoe hem tet die naer lecture hem gelieft toe

3462 761 2363 204 te seynden & om te voldoen ten vollen aende discretie, sal ick

3452 893 2382 156 noch een geheel maent waghten alvooren eenige costi doe

3435 977 2449 234 vrindelyck versoeckende gelieft devoiren te doen dat ick voldaen

3456 1071 2294 216 worde, het is des te slechter gedaen om dat oock den minsten

3458 1242 2318 134 vande erfgenaemen in soo florissanten staet is te voldoen

3459 1308 2219 182 ende de party soo inconsiderabel dat ick selfs vermijt ben

3462 1413 2339 205 een procureur die ter handt te stellen, oversulckx verwaghte

3446 1520 2452 195 vrindelyck voldoendige & maer door de doot van myne huysvrouwe

3454 1624 2239 205 die over 18 maenden gestorven is can ick volgens onse rechten

3459 1746 2318 166 niet langer dilayeren metter minne ofte met den rechte die

3449 1906 2403 170 oude schulden in te voorderen agoverno naer vrindelycke groe

3449 1985 463 170 tenisse blijve

3401 2067 913 231 overmeere J Wapenaer

5431 2065 363 197 18 xb

3449 2198 2389 225 naer dat ick den ue van 11 Janu 1692 op 17 d hebbe beantwoort

3439 2358 2430 144 ende volgens ue versoeck een extract vande rekeninge van 't sterf=

3492 2455 2342 198 uys van Mejoff de weduwe Jaques Philip guin gesonden

3455 2547 2391 231 waer bij my noch compt by rest £24.—. 3 en vlaems wisselg

3440 2648 2379 244 soo hebbe ick t' sedert van ue niet meer vernomen, alhoe=

3434 2769 2419 214 wel ick differente brieven aen ue heb geschreven , i onder

3425 2881 2434 177 couvert van Mons guus van aelst, daerentusschen, hadde

3440 2975 2259 188 ick niet getwijfelt ofte ue soude prompt hebben voldaen

3435 3077 2377 218 volgens ue gelofte bijden voors missive, het is nu soo dat

3432 3223 2350 232 om redene van strven van Mijne huysvrouwe genoodtsaeckt

3868 3329 90 76 1t

3657 3337 192 63 anters

3419 3352 2374 189 ben alle schulden in te voorderen, tsij metter minne, ofte

3438 3491 2453 181 met den rechte, ende daer omme alreede procuratie gesonde

3422 3603 2355 132 aen Mons robert matton tot gent, om dhr Jan Elbo

3432 3687 2319 226 als mede erfgenaem daer over te betrecken, evenwel

3431 3834 2327 186 hem belast hebbe tot naerder aenstaende vacantie

3433 3950 2408 172 daer mede op te houden, om dat ue middelertijt can

3414 4048 2415 169 prevenieren costen te rijsen, soo is dat ick ue by dese

3423 4151 2420 165 vrindelijck versoeck die te willen mijden & mijne voorde

3419 4258 2382 108 re moeyte te spaeren considerede, wat preiuditie ick
