7309 4514
2338 170 644 138 19 Juny 1682

401 162 1210 176 Amst geer & Valer Rover

540 238 2503 228 Ap 16 deser was aen ue mijnen laesten, waer aen my refere t'sedert den ue

581 366 2424 186 vanden selven dat um becommen de geassureerde ƒ 1800 sijn wel twijfele

572 448 2494 194 niet oft ue sal de laeste versochte  ado oock met goede luyden als dander

566 584 2497 124 geasssureert becommen ingesloten een cognossement van een pack N.1 inhou

585 684 2400 160 dende voor vracht te betalen voor p lakens, maer de verclaringe te doen

584 768 2379 184 als aenden voet deser, tis aen boort van schipper Lambert Annis

563 872 2481 139 naer rotterdam gedestineert, ende door hart weder te harlingen ingeloopen

572 990 2496 109 hebbende met de lijf te rotterdam geweest, & sal costij sijn loedinge lossen oversul

584 1085 2483 119 gelieft t selve pack te doen uytlichten, ende p eerste occasie die ue het spoedigh

521 1171 2529 126 ste saloordeelen mij toe te seynden, adviserende wat passeert sal ue verobligeren

578 1266 385 144 die blijve

414 1334 1041 223 Gent Lodonious de Bulf

2519 1325 378 211 19 Juny

530 1427 2401 205 door ordre van martin derasse, sal ick ue heden seynden met de

584 1572 2369 166 wagens aen ue 2 pasxkens met lakens gemerckt s van in hout, als

563 1632 2481 161 an de voet deser, om de selve, te leveren in handen vanden voorman Jan

515 1767 2471 144 maes van lndenaerde, ickent wijfele niet, ofte ue heeft daer toe oock de

565 1832 2321 156 noodige ordre vande voors de rasse a governo naer groetenisse blijve.

659 1931 1341 150 N.4 inhoudende 2½ swerte lakens

1386 2022 1342 172 1 swert½ blouw & I engels grijs laken

846 2058 154 99 „5

2374 2139 289 178 19 d.

363 2141 943 226 Brussel Pierre Lion

544 2265 2386 182 francois cancheret is gisteren hier bij mij geweest, ende heeft mij

513 2366 2506 147 voldaen dus hebbe hem daer over volle quittantie gegeven, inde welke wck

555 2471 2500 150 csepresselijck hebbe gestelt sonder preinditie van de costen aen ue, over sulck

558 2584 2465 147 gelieft hem die afte voorderen, hij is een motich onbeschaemt dier i& was

534 2663 2454 144 soo tout, dat hij tegens, mij een deel poillies dierst uytspouwen, doch

545 2734 2481 183 ick hebbe hem die genereuselijck beantwoort & niet schuldich gebleven

574 2848 613 186 a governo blyve

2629 2849 335 190 19 Juny

597 2956 616 125 Jan Kent & comp

375 2928 2574 194 Londe mj last to you was 16 curant sence non from you. this is ouley

557 3076 2427 140 to express you my minde, & recommand the spanish cloths I have ordered you

557 3160 2404 177 by former letters first on the es may last, have sent you a pattarne of a

548 3260 2421 128 blew gray, of whth inclosed an other patt according to which I exspect

545 3347 2469 156 att least 3 piesces as one of 13 „6 a ƒ514, ope of about s5 s8 ote or two

556 3459 2443 144 about 9 a 10 ƒ further have sendt you 26 may 14 patternes according to

540 3564 2460 117 which I have ordered 6 p. recommending you a bove all to procure the

552 3640 2444 149 3 p toN.1 being asortt of drap collour browne with & owo oye witthe

543 3718 2418 150 mixt, now I desire, that you please to double that ordre for the

540 3821 2427 145 three other cullours that is to M.3 a 84, to eath 2 p. in prise as

554 3915 2451 140 then adviced, so that my order of 26 may is for 9 p my order of

539 3993 2487 161 8 maij for 4 blew grayes, & my order of 16 curant for 4 more fines

541 4109 2465 146 pr makes in all 17 p to which please to had, 7 a 8 daryck grayes

1713 4190 229 78 though

550 4213 2496 141 f 7 & 6 to to  at yeard, & to you had, butt 5 a 6 p. reddy at

3311 170 2487 118 ata time when anney convoy de parts, for Rotterdam mist. or Estend

3305 262 2474 130 lett mee have someting, butt way of holland, had 2:3 „ a 4 silvel iee

3300 345 2509 148 or stone grayes dozens, yett if no dozens readdy, & redded then to loose the

3309 455 2404 119 opportunitie of shipping, sent the spanish cloths without, so that I

3292 535 2513 161 exspect with eith convoy some tingh, yett de must part, by way of

3272 664 2496 122 ostend, in case aux that convoy goeth & all what can benaddy, of my

3296 721 2442 167 se et orders, for ostend, in cas that convoj goeth before anney other

3287 867 2282 133 lett this bee observed, beeing the needfull att present from

5373 952 345 178 19 Juny

3115 935 937 226 Londen Richard Southell

3217 1050 2588 218 sence my last of 9 cur receaved yours of 24 past with bill of loading

4940 1166 79 80 £

3270 1166 2463 180 of my pack N.s, which really hath beeng wsly, to have beenge

3286 1273 2422 222 m alhoureus p againe, because lambert annis by storme as beeng

3262 1388 2531 239 foreed, to hun for beseel, I hope god will grand better luchke when

3285 1482 2497 188 here, I have the patternes of N.2, which pray ship p first convoy

3266 1588 2533 194 that shall depart first, either for amst, rott or Costend, & do

3281 1692 2536 188 not getitt ensured, seinge you oe dilayed to shipps to my direction

3281 1842 2510 149 lett mecknow, oo have an perfect invoyce of N.1. supposeinge you

3297 1909 2523 180 lest tout & kept to you the mocke, not with Etandinge my contramant

3282 2021 2548 161 t sent mee 5 pack whites EE yeallow mark p first opportunitie, provided

3289 2121 2440 167 they bee good white & without blew streepp: lett me know what

3266 2233 809 196 passe whilst I rest

5295 2320 292 215 19 d.

3106 2359 1132 187 doornick Martin de rasse

3294 2486 2477 137 le 17 cour. es dot a vre grace ma derniere, depuis receu la chere vre de16

3277 2621 2452 131 ditto en suitte a la quelle i'ay de livrez au facteur auiour d'huy vos

3283 2708 2500 124 2 ballotS N.4 & 5 les quelles partiront demain au matin pour gand

3265 2769 2554 168 a mons endovieus de wulf, ayant escrit al uy houiourd'hur le necais

3250 2871 2551 137 faire & envoye l'attestation de S huybrechts pour francer les pack N4

3253 2965 2510 166 & de demie bleu dans N.5, ayant a luy donne advis de la coutenne de

3260 3080 2565 160 vous deux, et l'ordonne de les rendrre a Jan maes cheroier d'ondenair de

3251 3161 2538 205 pour suivre vre ordre, le bon deeu les gard pour tout malieur, puisque

3275 3270 816 155 ie suis & tous occasions

5378 3344 355 178 20 Juny

3123 3364 672 172 brussel p dehulder

3260 3434 2555 192 volgens den ue van 18 deser, seynde ick ue de acte van resumptie, neffens de clansule

3274 3545 2475 176 van procuratie & sijnde myn versoeck ue de goede hant gelieft aentehouden dat in

3249 3639 2523 189 ganderhande manieren iedts versmant woorde, maer al gedaen wat mogelyck is tot

3271 3744 995 167 een corte coepedie waer metde blijve.

5337 3737 391 188 21 Juny

3129 3823 1223 180 brussel grave van clairemont

3247 3864 2552 249 sedert dat ick den ue van 14 deser hebbe ontfangen, ie aen mij op 19 ditto een

3180 3982 2547 157 wettelijck verbot gedaen, geen huere te betalen, volgens de medegaende

3265 4069 2481 153 co be vane aete, door de corteroude in myne abreutie aen myn volch

3260 4170 2440 147 overgelevert, ick henne joff de lase niet e hebbe haer mijn leven
