7940 4528
969 194 2229 160 soo het ue gelieft versoeckende het selve niet ualyck gelieft te

981 259 2070 159 nemen want ick geen e reden hebbe dese reys aende spresen

966 348 2128 205 oensche het anders waere als t ue sal gelieven sal aen my

974 493 620 125 noyt manqueren

2839 517 255 174 17 b

758 558 1063 205 brussel frans vanden heck

981 632 2175 180 het goet op 13 mej laeht aen ue vercoght bedraeght volghs

953 728 2268 193 de facture ue als dan medegegeven wisselgelde ƒ 437:17½

998 831 1848 172 daer op hebbe ick op 12 augusti laest getrocke aen

2868 902 252 115 200:-

2107 939 550 128 £23:6:8:

949 972 698 193 Mons rousseau

2256 994 921 177 resteert ƒ 237:47

962 1070 2249 212 welcke reste ick heden op ue trecke te betalen aen Mons anthony

960 1218 2206 161 rous cau voorschreven, widdende het selve prompt te voldoen

967 1354 2238 161 & sal wesen tot voldoeninge als boven & soo wanneer weder

970 1437 2205 151 iedt voor valt tot ue dinst sal soo veel te gereedes wese

976 1537 2181 156 ue wel te dienen ende geobligeert goeden coop te geve

975 1657 253 116 blijve

2908 1670 198 161 17d

765 1692 790 238 brussel Jan Jonaert

942 1766 2298 264 Ick hebbe op 3 pb laest deere gehadt aen Joff ue huys vrou

950 1913 2284 221 te vercoopen eene partye goet voor ƒ 442:14 £73:15:8

946 2026 2287 155 waer op ick op 13 & p laest hebbe getrock aen in rousseau. 33:6: &

1264 2141 931 174 soo dat hier van resteert

2744 2139 480 165 £ 40:9:-

971 2254 2120 113 in gevolge het bewys dat vervolgens heden seynde aen mons

966 2330 2126 150 rousseau voors biddende tselve hem gelieft te voldoen, ick

951 2438 2190 131 soude wel langer gewaght hebben maer ick wete dat ue

942 2515 2257 160 daer niet mede gedient is, des te meer om dat het iaer daer

931 2592 2297 201 mede eijndigh, wenschende dat ick in toecomende ue ander

980 2714 2183 124 dirst coude doen ue verseeckerende dat aen mij nogt sal

964 2807 888 151 manqueren blyvende

2793 2863 429 238 5 gdt to

768 2847 1516 245 Monsr. Anthout Rousseau Brussel

938 3004 2309 195 Jay recu en son temp la chere vre du 10 & ensuitte pare al. prinie prsed

893 3129 2362 159 £59: 8„10: argent de change a mad. vanden berge cependant je vous & ieu termenter

930 3230 2346 149 encos avccy 5  de mes assignation come au que de cette & esperent qu'il feront

934 3340 2278 116 avecq payement, au Moins ci dief & li le Sr. Panden hecke ne pas proipre

926 3404 2321 151 proose leaeceptation a quellque tervie. le S. Vallyn ne me respond pas, maiste

928 3506 2306 153 sor je smedt madit qu'il est bieve en pegce sans les traitement des amis achose

910 3581 2358 151 de son mariage mon obstante il fait mal d'estre ineras a moy, ie voirrois

921 3681 2340 152 lesen quil mous ourez sutifair, & quel les incluses payerane promptecent

932 3753 2339 139 a chouse quil me foit ballences de mes livres cate fin de ce mois cepondent

932 3867 2315 158 je laus prie de vous renvagier sur moy, pour qittoutes le donner sp

900 3943 1354 185 que vous me fait puisque je suis de

785 4034 810 196 Londen e du Rayhrl

931 4116 2316 173 le 26 du passe estoit a vre grace ma derniere a las quelle ie ne pas retpr

944 4236 2192 129 ev de meton to sousplus la cheuze en lus lettre: de smes pas bltr

944 4298 1892 84 sen ret spoud copende  ne marchandise oot ontrirdre ac

3435 170 2469 118 dur este arius a diber, pris vne race in casse a 1  3. conteraut 78„ 1 6:1

3409 209 2404 162 teffesas sans que mons. tossjn pour la valeur tellement que vouus aveutre

3433 300 2442 153 deslas, ausi bien srvre resulation pour le prise de 4 p c d'asseurence de lible

3425 423 2455 111 a rotterdam comme jayaus marque p. ma ditte lerniere pour le S. onand dela

3410 464 2420 187 maire agent de huis parser de lesaultres, qui font la send profetlion mais il

3418 535 2447 195 my qui mons. praly a les quelles ie fiery cependent vaus faire a bonvas

3417 624 2406 243 safilre & je suirne vvis ordres, ie faire foure assistence p. me interrese faus

3418 760 2463 152 que ie avoir aulttre recompence, qui honneur de var correspondence je peusa

3417 831 2441 159 depoir sons ordre de schapte de deutelles puisque le ccette marchandise est bant

3411 928 2442 167 resonable cependent ie la vre du 17 passé la quelque eotres poudu pr. se presente

3422 1069 527 162 puis que ie suis

5414 1076 452 208 17 xber 1693:

3359 1159 698 213 mn Jaqus Tanier

3408 1246 2390 194 en responce a le vm du 7: C le triste devoire que perin due veus pas payer,

3419 1366 2423 161 ie ne ce pas compreandre pour quoy il me na marque deraison, mais au conframire

3401 1497 2431 117 auans de chiese de mons, il me doit rauvare le drat de £18 & parerfer Reste

4761 1567 274 79 deme donner

3394 1586 2455 135 ie vois que plus le basoust nu pas intention quelque chaise il me sombse que

3393 1655 2438 188 sa con lienl & stant pire de le luy demeurant a qui vous ne pas trouer apre pas

3409 1773 2424 153 de rendre ma lettre, ce que vous fait a tous pard huy le S. Bustontire biena la

3394 1864 2483 147 longe cespendant le S. Masson vous acompte ƒ300:- les escus a 49½ les quelque

3384 1964 2430 190 puis me poure remettres si vaus plair ie vre commoite, ie vous tsoit bien

3405 2057 2438 186 que la portie de mons: buston celestavccy non bostemte ie ne vous trouce pas

3411 2125 2481 206 &'apparence il ne foit pas tttendre i'espere que le son dieu danmeras d'occasion

3395 2273 2462 185 puis vous lest. s'obligation que iay a vans, & que les aultres porsentousire

3378 2407 2430 158 leur iniustice, ie ne jamais panter que mons. masson voideroit proffites lu

3401 2510 2477 174 cours du monney de franco ou l'il est p. qu sig nature jece main de payer a cevez

3385 2670 2147 159 mille &6 depences, ie vous salue, e cais de toute mouceur

3357 2756 517 202 Londen Kent

3415 2809 2383 235 sence my last of 10 cur non from you you have order for

3395 2951 2390 210 some p clothes & flancls you shall have time enouf

3419 3123 2390 148 to provide them lett the sp clothes come by them self

3395 3194 2347 243 with a white cotton wrapped of 20 p a gend & make

3411 3307 2376 228 up the flannels to 25 p from 13 to 20 pence as

3419 3445 2342 195 hested as best to be hadt most about 13 14

3385 3517 2427 203 & 10 pence broad white & pennyworth these two

3377 3660 2472 250 pack for new gecont exspecting the old account from

3355 3771 939 218 yue  fion Crest

3358 3888 880 239 nott de bra gept

5563 3914 127 197 9d
