7954 4534
971 192 2065 107 alreede heb tegeleden, ende bijde 9 iaeren het goet

961 268 2148 168 gelevert, & d'erfgenamen middelertijt vanden intrest ge

973 343 2166 197 fiteert verwaghte ick oock, dat ue niet sal niet sal dencke

989 462 2230 128 hooghgelt voor wisselgelt te geven, gelijck de laeste betalinge

1010 563 2107 191 e geschiet waer van my haer canserentie noch compt

1010 662 2166 230 ƒ 10:12½ dat het courant gelt was & gemeeckt het den

1004 754 2200 231 wijsen wel staet een ander principalijck syn credite ur buyte

973 884 2198 203 schade te houden soo is dat ick ue bidde tselve in ue tegeens

975 999 1425 212 mij de considereren verwjle blyv

2767 1041 299 215 18 xb

800 1118 1268 239 Aont Proeus M Matton

975 1215 2125 222 volgens den ue van 11 deser sal met occasie verwaghten te

995 1353 2144 181 verstaen oft Jan lamberti tot aelst wel soude derven in

983 1507 2055 182 oppositie comen hebbende van hem tot nogh toe niets

785 1580 2369 236 opes gekoort, dhe Jan Elbo heeft mij geschreven & ick aen

788 1687 2294 296 hem heden geantwoort & een maent tyt toegestaen om

971 1816 2212 187 sijne mede erfgenaemen te vermanen, alsoo hy pretendeert

934 1949 2256 171 de schult een ander aengecavelt te syn, ende een eofge=

1028 2046 2187 204 naem maer can aengesproken worden soo rato sijn contingent

979 2135 2213 199 t' welck niet can aennemen soodanigh costume te wesen, nochtans

995 2273 2226 161 omdat ick voorleden iaere door sijn tredoen £21 hebbe become

975 2405 2153 134 soo wille hem met volcomen discretie beiegenen, & sal

988 2489 2247 194 ue tijdelycke advertentie doen vanden selve blijve sy hier

979 2599 2241 194 ue p occasie hem rescontrer ende son mij verobligeren, hen

974 2710 1211 193 de saeck indaghtigh te macke

2324 2765 110 152 d

2655 2761 463 227 199

779 2820 1162 216 elft &hem morel

967 2919 2226 203 Andre loson heeft my op 5 gende £50: c0en

985 3073 2204 149 wel ul selve mijnen itt oft sende wel

990 3149 2113 158 op in risice sal proesie belalen oft port en

1010 3242 1542 174 al amec vwag

2707 3266 206 241 19

772 3317 1072 217 Brussel Beusseau

935 3441 2296 191 hem some a laen dhier revoy lalettes

959 3562 2141 149 de £180 tur Jan Antoni vande ende

961 3648 2217 116 us conselle pas de vnientenellen

989 3733 1895 130 payers  ratt & demn

971 3847 1365 145 16 de sue tale larga

3406 187 698 171 Arnsge Coots

5441 207 449 161 19 xber

3439 284 2467 231 gesien bjden ue van 16 deser veele redenen tot defensie

3476 422 2424 171 kan ue rekeninge die wij dan soo sullen sluyten biddend

3470 520 2427 202 van het reste prompe voor het eynder deiermaent te dispo

3476 629 2421 162 =neren, omdat ick daer over niet meer soude hebben te ballancere

3466 730 1767 218 derhalven waghte ue ordre citissime & blyv

5487 845 139 171 d

3386 857 827 209 bredael laureys ka

5369 946 81 100 6

3456 982 2443 206 In antwoort aenden ue van 14 deser, ick hadde wel gewilt, dat

3476 1117 2440 183 gij de wolle eens hadt naergewogen, om te sien ofte ick myn gewight

3425 1219 2470 154 hebbe maeckt voor eerst een 3600 breedeleyst N7 & dan N8 een

3463 1303 2321 160 drapdedam, N9 & 10 weder breede leysten & N11 een drapde dam

3440 1477 2432 122 ick ben seer verlegen om bij provisie van elcks een te hebben terwijl

3456 1566 263 159 blijve

3396 1609 832 237 brussel frans de haes

5548 1644 186 174 d

3467 1790 2428 205 In antwoort aenden ue van 17 deser, ick ben tevreden ue wissel

3458 1897 2329 182 brieven aen te nemen op 3 & 5 maenden selfs sonder intrest,

3454 2001 2354 175 midts dat ue goede ende suffisante borge stelle, derhalven

3436 2148 2366 172 ick ue niet genegen ben te preiudicieren, maer terwijlen ue

3460 2226 2336 201 selfs mij geootelyckx reden geeft van mistrouwe soo magh

3439 2365 2442 201 ue niet qualijck nemen, dat ick suffisante borge vraege, oversulckx

3441 2453 2406 214 gelieft die te stellen tot mynder gerustheyt want het mij leet

3586 2595 195 82 sy e

3432 2596 2373 218 soude dat ick ue coediet ergens in soude te cort doen terwijlen

3452 2727 633 155 midts ick blijv

5508 2804 175 150 9d

3373 2793 756 182 brussel peere Lion

3422 2890 2404 261 op 14 deser was aen ue mijnen laesten, tsedert bevinde ick tyden

3430 3031 2440 254 ingesloten van p frans de haes, dat hj genegen is my volcomentlijck

3427 3201 2401 168 te verseheren, oversulckx, bidde dit met hem afte doen, ende mj

3422 3289 2451 186 soo danigh te verscheren, dat ick magh gerust syn van t' vervolgh

3427 3393 2419 209 der betalinge, versooeckende daer over met mons rousseau gelieft

3429 3514 2413 170 tespreken & sal approberen wat ue te saemen met hem daer

3428 3605 2467 202 in sult doen, is de hij potheque ofte pandt goet & suffisant

3434 3704 2337 223 genoegh soo comt het mij op den tyt niet aen, dogh ick hadde

3433 3827 2392 198 liever dat eenigh contant gelt conde geobtineert worden, eghter

3399 3943 2389 221 doet daer in met kennisse van mons rousseau als voor eyge ue

3413 4060 1817 191 moeyte & devoren worden ten dancke vergoeyt
