7912 4528
2436 187 741 156 Adij 14 uay 1693

678 199 932 204 LAuon Richard Southell

864 282 2290 221 en responce a la vre de 14 passe, j'ay fait un commencement de vendre vos creses

848 419 2354 165 Mais de trouvez qu'il soit un marchandise dont nes boutticques ce contentent avec1. a2 p

867 515 2320 118 ie voij que le draps touges sons seres sur voeis a chouze du grand demand pour turai

853 589 2344 114 & indico, & que pour cette raison vous avez dillaye la complissement de mon ordre

849 700 2354 128 ce que leufort bien & comme le draps hanges me ce vendent pas icy au moins to pou

857 743 2342 193 que pendont liveir vous dilciere ancor la faite jusqu au que vous les trouverez a vos

863 863 2304 124 contentement & a bon prise. nre convoy de ostende portitat a londres selon tout

857 947 2314 136 appatence pour la fin du c, & si vous trouve pouralors quelques draps songer

849 1034 2335 151 comme ie difire vous envoyerez seulement 1o demy p., assortie belont mon ordre

854 1161 2344 132 precedente & au mois de juin, julet au quoust qua vous trouverix la ditte sore

3013 1229 144 78 allors

869 1243 2322 104 de draps le mellienr marche & a vre solein satisfaction vous avoyere oncor

857 1336 2341 169 10 demy : & aiment de ne pas avoir adgunes avec le premier convoy que de e

865 1469 2320 138 payer chere, car comme iay vous ay sit, ie ne les pas besoing que pour liver

2916 1542 103 59 ese

857 1551 2344 130 Causee que ie lisse cette direction a vre experinue, & me donnerr araiz u paye

857 1654 730 143 vous m'obligere qui suis

2692 1684 432 177 14 mey

812 1732 582 176 Rott de bra

813 1779 2330 214 t'sedert mijnen laesten van 7 deser geene van ue, joseplave

878 1918 2194 176 was noch tot londen alwaer noch is gelaeden in t'schip

881 2014 2205 137 van vau land banneck een pack  N12 te verclaeren van

866 2097 2275 210 inhoudt 11½ inde wol geverfde gemengelde lakens ieder tot a 45:-

873 2211 2290 151 & 2½ witte kersey van ieder a 16 t'samenwerdigh volgens dan

862 2275 2310 253 tarijf ick bidde ue dese schepen arriverende mij cito te adviser

884 2385 2246 203 ende de packen niet in een schip maer d'een naer d'ander voorts te

878 2505 2144 171 seynden, een dagh naer den anderen, ben niet gewoon dat het

863 2591 2260 218 Rott convoy soo lanck tardeert & volgens ick verstaen, soo

880 2694 2283 175 soude het rott p convoy niet inde rivier van londen syn maer

895 2788 2215 176 die scheyen het selve van costij noch moeten waghten, ofte

883 2892 2236 163 met eenige transport schepen onder engels convoij over comen

894 2995 2230 149 biddende mij moogen te informeren, wat wegens het voors convoij

884 3099 2287 209 is om mij volgens te reguleren gevende expeditie aende ingsloten

889 3247 272 159 blijv

2709 3267 298 133 14 mey

703 3308 849 204 londen gijles & alsop

892 3331 2278 275 In answer to yours of 7 past, I have rec the goods out of twyman

819 3483 2309 198 the cloth is not assorted in cullour as I desired principally the blew

884 3610 2197 169 grayes, & them that are in a N4 is so burned in the press that

869 3711 2324 165 itt beeng sold I have been foreed to bose 30 p Iif to gett itt

870 3784 2247 174 of againe, I feare the other light cullours shall be the

842 3889 2296 189 same as much as I can see butt they are not yett sold, &

858 3988 2294 140 so can not know how theiy are within, the heath of the

864 4084 2252 215 press hath taken off all the liveley hood as farr as the

868 4195 2342 197 rons have been & the rest is as was before, so that opening

3366 142 2487 192 the cloth thes po t 4 cullours inclosed invoyce of your i

3352 227 2484 216 pack N2 with 97 tykes for which pleace to give mee creditt

3376 312 2417 217 also bill of loadinge of said pack & of N1 aboard adriaen

3345 405 2483 215 de raes they beong boath readdy att bridges to depart p fist

3370 505 2407 215 convoy which as appoited att the latter of this month, if

3364 599 2372 230 you please anney more tykes command freeley whilst I rest

3358 705 2433 170 i ships are departed for ostend & suppose this for this which you for

5417 781 282 119 14 mey

3274 775 2004 239 Amstt geer & valer Rover the convoy is readdy to depart

3362 852 2440 256 op 1 deser was aen ue mijnen laesten t'sedert geene van ue maer wel

3355 982 2431 178 een brief van p mehue van 29 pas, synde advis als dat hij een pack

3373 1070 2362 207 MN1 voor mij hadde gelaeden in t'schip van claes broumont

3342 1177 2467 206 inhoudende 40 stucken, ende grijse pyelakens dat het hollants convoij

3338 1276 2440 193 naer 3 legdaegen naer de elve was vertrocken, ende de schepen

3352 1416 2477 166 niet claer waeren soodanigh dat de selve company met malkaer soude

3356 1509 2460 192 maken & sonder convoij over de watten naer costij hunne reyn ver

3345 1615 2490 162 voorderen, t'welck is directelijck tegen mijn ordre, ende naer mij opinie

3348 1705 2463 177 wat te veel periculeus, dogh dese noord oosten wint beheorde de capet

3346 1840 2478 147 aen blint te houden blhoorde hun sonder vrees een spoedige reys

3343 1916 2471 194 te geven, gelyck ick hope van ue overmorgen te verstaen sal syn

3363 2017 1245 239 gelhiet waernaer verlangende blijve

5445 2240 283 131 14 mey

3282 2192 718 237 Londen Jan Kent

3351 2301 2438 221 sence mij last of t4 cur rec yours of 23 past with bill of loadinge of my pack

3349 2407 2510 199 N12 for rottm which is not well & is now my order to take out either N12

3342 2555 2505 139 or N11 & to reship itt for ostend for I suppose our convoy with you before

3357 2662 2461 182 they shall reach your handes whoever I have al wayes writt you that

3361 2769 2443 136 sometingh with each convoij for holland willdo, butt not as you do

3373 2857 2413 169 & for all most for ostend & now you make your packes 16 p. clothes

3350 2983 2373 179 I will never theless have above 12 & you ship oz of 16 each,

3363 3063 2444 193 make 32 in one convoy for holland & charges over holland are

3333 3177 2515 177 muck more then over ostend, gives content when I have so motine

3354 3279 2469 166 bj way of holland butt though butt 6 a 8p. in one pack, pray

3357 3379 2400 161 help us this time of warr in heace I will not be so exact butt

3358 3455 2450 189 how I ean gaine little, & love to be served exactt. reship N12 or 11

3337 3624 2497 129 & send butt one over holland, I hope the rest of my order shal

3358 3670 2428 206 te compleated for ostend & lett the flannells be of al sort, some

3349 3782 2438 185 vere fine though 20 a 22 pence as wel as the sarge flannel &

3346 3897 2519 190 make 20 a 25 p. in the ordered pack: I pettie N12 to have butte

3358 3973 2444 155 me carfie trapper fie, whij not att leas a cotton 2 bayes or 2

3361 4067 2478 160 kersyes, for Ill never blame you to wrap the goods well & 3 bary

3360 4160 2437 194 in one pack of cloth in the north I exspet the palt off the nord

3383 4253 993 109 ot send more orders frest
