7954 4521
2624 199 385 136 10 sber

747 194 964 194 sLonden Jan du maistie

947 250 2166 200 le 27 oupassé estoit a vre grace ma derniere, portant facture de vre

955 404 2114 186 pacquette N5 bien arrive a Rott le 28d dpuis rien de vous

940 445 2260 221 cependant iay occasion de remettre a mons Richard fonthell pourson

954 549 2241 162 compte £73:13:3 en  que iay tire sur vous payabla le son

948 639 2259 224 ordre a 2 usance a 33  ce que ie vous prie dhonnorer faisant

1530 741 1650 198 & de groos vous estant credite en suitte, et si l' s'offre

950 821 141 132 £

953 859 1630 205 quelque chose a vre service commandé qui suis

2682 942 270 217 10 d

751 955 1148 240 London Pichard Southell

940 1061 2169 207 in answer to yours of te past the ostendich convoy is wel arrived &

945 1173 2206 230 you have credit for the pack of reds N1 beenge. £56:9:5-

963 1287 1843 167 the proceed of your crespers £27:1:9 en addinge themsta

963 1357 1845 194 =ken oft the last pack of tycken £1:4:7 are £28:6:4 en

2777 1387 403 180 17:3:2-

946 1486 793 187 a 33 s makes £48

2799 1542 317 126 73:123

947 1557 2285 235 for which inclosed my bill on mr John dumaistre att swousa proceur

950 1690 2130 192 the needfull & ballance our accounts accordingley I am glad

937 1779 2184 181 mr gaytchell was not in the pacquet bont, that was sunck, as

946 1876 2079 196 itt was haved, if anney things offers to serve you here

1127 2001 395 117 1d: 1113 5 n

944 1982 858 181 frcely commany I rest

2800 1975 239 224 10d.

766 2086 954 218 Aontt Abrah de bra

1018 2137 2163 224 foute van occasie hebbe ick den ue van 28 July laeste

863 2285 2218 151 niet beantwoort eghter hadde ick middelertijt van ue

920 2362 2184 201 my ue oncost rekeninge te gemoet verwaght, & alsoo deselve

935 2443 2230 180 noch moet hebbe verkomen soo versoecke die ten eersten gelieft

927 2568 2081 175 te seynden gevende expeditie aende ingetlotene blijve

2974 2598 105 88 1d

2724 2648 343 120 Loude

2766 2747 245 92 10

754 2691 919 225 brussel walravens

928 2785 2167 210 In antwoort aende u ue van gisteren ick ben seer verwondert van

897 2914 2230 189 tgene gij schrijft het carmosijn laken heeft meer als a 45 ge

900 3000 2109 207 meten golyck gy op 11 april laest selver hebt geschreven

913 3105 2118 173 ende ick hebbe ue maer met a 46 belast soo dat ick

917 3220 2196 174 genoogh verliese als ick eene elle laete vallen want gij

883 3323 2302 161 weet wel dat de hollantse maete een weijnigh corter is als de onse

908 3434 2236 149 dat ick op 13 april ue heb geschreven, ende wel duydelijck

915 3524 2258 168 geseyt dat ick niet meer als eene elle wilde laeten valle

860 3639 2243 174 en wegens deplecken dat hebt gij mij iimers wedermgesonde

905 3719 2152 209 a 1½ soo dat ick ue daer op in t' geheel 2½ aget doe

896 3817 2218 217 ende niet meer, sijn „15„7½ & den wisselbrief bedraeght

930 3916 2237 216 ƒ318:8½ soo dat de rnste is ƒ 502: 14, de welcke soo ue

893 4063 2292 203 gelieft te betalen sal mijn aengenaem maer om volgens ue reke

877 4165 2313 171 voor 6 weken ƒ 5 telaeten vallen voor intrest dat sal ue

3462 209 2407 131 ick oock met doen en den tyt ujtwaghten want

3451 269 2426 176 op ue mannier soo soude ick myn kucht voor ue syn

3444 382 2349 151 oversulckx sal ick den tyt mij t waghten & al dan de

3441 461 2373 161 voors ƒ502: 14 assimeren, want ick en gebeove

3441 543 2420 203 niet dat het laken nu magh corter gerekant worden als gij

3419 636 2370 209 met ue brief van 11 ap vel selfs hebt geseyt & alsmen

3442 741 2421 250 op een hollants laken eeneelle verliest dan behoorde

3423 838 1235 245 ue ruym toebekome blijve

5405 955 344 189 11 gbe

3326 979 980 249 brussel ChureMort

3418 1069 2406 263 Myn keer Ick hebbe den ue van gisteren ontfangen, beneffens d'inge

3434 1233 2357 184 slotene, myne intentie is om dit huys voor ue ledigh te maecken tegens

3421 1327 2409 184 bamis volgens ue versoeck ende niet in twee huyshueren te saemen mij

3429 1413 2383 224 & ingaseren, maer van dit ontlastende dat van d' heer lendich be bamiste

3430 1541 2449 191 aenvoirden, maer omdat het mij onmogelyck is op wejigedaegen te verhuysen

3439 1636 2404 201 soo hebbe ick sijne lig hier synde voorgehouden dat ue soude gelieven mj

5388 1775 148 81 voos

3419 1788 2442 171 eenige dagen naer banis toe testaen, de welcke al hoewel ick tof op het uytterste

3417 1876 2336 200 tot 15 october hebbe gepreschribeert nochtans alle haest maecke om

4985 1993 742 80 gewoon ben te comn

3412 1995 2399 200 verdor gedelogeert te sijn, dogh alsoo ick niet genne ceme meen huyt

3419 2099 2428 218 daer soo veel geirne verhuyse ten sij het huys volcomenttyek gereet

3401 2205 2412 203 & gepreparcert is, soo hadde ick alreede van laeste woensdagh met vaegen

3331 2316 2523 197 &'schieven doen beginnen, ende heden het schilderen aen besteedt, als ware

3420 2423 2371 207 sser waermede wel 10 dagen werck sal wesen, daerentietsen comt my

3417 2512 2348 223 vremt voor de huersedulle die d heer lendich proponeert, synde

3436 2633 2284 226 geensins myne propositie, ofte intentie om noch een voor 3 iaeren

3415 2763 2373 186 te verhuysen, oversulckx dat ick liever mij sal consenteren met het

3433 2862 2359 239 geval van wat huys mij tegen haefmeirt sal bendinst vallen, dan

3397 2995 2444 174 in te gaen een huys daer ick maer 3 iaeren sekerheyt hebbe soo swehet

3428 3060 2288 274 syne sig. gelieve te gendencken wat wij tsamen voorleden

3422 3176 2380 227 loterdagh avondt hebben geiprocken wegens den toe mijn, want

3434 3301 2341 240 het gelieft de ue te preponeren, vergoedinge van onse differentie

3451 3427 2355 239 ƒ30 voor een iaer, als wanneer ick antwoorde, dat het was voor 6

3436 3563 2407 191 laeren ƒ 180:- sulckx, dat ick wel niet voor minder maer wel me als

3412 3670 2435 242 voor 6 iaer huere hebbe gevraeght gelyck ick bereet ben te aenveirden

3436 3777 2347 203 derhalven verclaere andermael wat ick doen te geschieden om sjne

4455 3886 328 93 alhoewell

3400 3912 2427 139 sig. aengenaemen dinst te doen, eghter niet tot mijne groot preuuditie en

3413 4007 2364 182 ongelegentheyt, oversulckx soo d heer lend ick desen nevengaende

3412 4125 2436 163 niet gelieft tea huereedulle niet gelieft te accepteren, soo sal ick

3415 4233 945 131 moeten patientie hebben
