7412 4493
2019 50 1097 190 Adij d at 17 eae 1 6141

648 187 2413 169 2 packes of kersies with one of 24 a 55 ƒ & 15 a 120 ay

658 254 2372 216 40 a 48 p ncclosed £200 on John Jackson £120 on

636 364 2349 236 John du maistre & £219:-12 on Chris batt or the

631 518 2449 166 name of Joh mattias, which is pro forma, & pray lett the

629 581 2460 209 not know that these bills comes from mee directeley I exspect

630 703 2439 199 to know what further is past their beeng a report as if

641 821 2205 242 the if hull convoy were safe arrived, itt is sod rest

2628 949 340 158 3 sber

472 990 743 189 Mamon Rolsp Lurond

639 1040 2451 220 ie reccu on son temp les cheres res de 11 & 25 du passo, & apriesance dessoes que vous

649 1194 2457 180 est tous en bonne faute, ie donne adresse a vrd inclise & receu responce que une a vre grace

637 1304 2439 132 que vous avec siont mons. le morior de bruis demendent le 7. costuex, 7: guillieres -

659 1391 2416 116 & 7 fourletters d'argent, tellement qu'il vous plaira ordonner les estres envoye a may

656 1486 2464 146 de mons. Vale poi les rendere icy selonlordre de mon f. bruil a mons. iber e cctreville

649 1609 2480 112 qui a orderer de me payez alers ƒ106:6:- & de plus ƒ 73:14:- & oncor ƒ33. estant tos ƒ 222:-

634 1658 2461 169 & non pas les ƒ34:18 selon que ie croy qui vous voyer fier l'incluse  vous me marquere

644 1750 2445 181 ucy si vous plair s'il doit estre d'argent foit  d'argent courant, en attendent

637 1858 941 188 Mo advies e vous dise &

2482 1940 396 178 31 ditto

452 1960 813 241 rugpheorten soe hetfornt

657 2042 2408 188 en mesme temps que la chere vre de 21 pase me doit rendu salloy premies a les

640 2172 2448 176 officiers de la postes les quelles mont afsaire que vrs lettre soit achemine p. lamburgh

649 2304 2401 135 doi 15 prendent le route p. norlay avec le mot payable ce quil font ordineurement j'auis

655 2365 2465 157 receavent quelques lettres et trangieres les quelles ne sont pas rency pour doble port ne pu

648 2484 2465 147 payer & si que ie co que la lettre sera bien rendu, cet ancy la raison qui ie dilaye ree

632 2572 2462 149 responce, entre temps s'il s'offre quelques aultres services commande librement

492 2643 2494 238 Londen Christop Batt ogeschreven aen d' bat den p sber

662 2806 2460 172 sence my cast of 26 june last non from you, I can not apprekend, what

668 2907 2455 177 migh detaine you from giveing mee your further orders, if I know

657 3004 2386 188 itt, I should do my endeavour to remedie itt sure I can serve you as

660 3096 2433 227 well if not better then others, pray breake not of our correspondencu

664 3202 2405 184 & lett mee have part of your commissions here. lave vs plentie

672 3312 2394 198 whites I wel to be had att present itt hath pleased god to bake

669 3413 2351 254 frommee my wife, & according to the laws of this cittie

668 3537 2397 185 am obliged to cleare my bockess bring over my estate, to given

662 3630 2463 217 my cmildren theire due, which is the reason I send in llosed acctt

655 3784 2436 152 & made told to draw te ballance beenge ƒ 369:11:4 f lemigh

667 3863 2440 211 which I have don att 33:9 en 2 uso payeable to m. Kent for John

679 3982 2447 178 mattias in my bill for £219„ - 1 & pray honnour & pas according

694 4065 2026 218 to acct & lett mee have your further comande I nest

5337 171 352 180 4 sber

3160 174 817 203 Londen Anna besse

3336 281 2514 199 i'ay receu en sontemp la chere vre de 19 sullet dernier ap et en suitte i'ay

3341 378 2518 217 traivaillez pour preparer les 3 assortiments de dentelles a bride & 3 adraissea

3342 494 2505 165 ensemble 6 de yu 14 p chaqueuer et comme la partie, estoit prest ie ceriva

3336 622 2509 147 a mons de la motte de rotterdam pour l'ay advertir de la pacquette que ie luy

3349 697 2490 212 is enoyer etau  la traitte que ie fairois sur luy, surgnoy ayant

3348 799 2484 210 receu sa responce, et considere la contenne, aussi bien que la peste que vous fairiez

3323 962 2468 150 dans le change pour tirer en banque a 3 usance, ie trouva apropos de vous en

3333 1034 2509 144 advertir et de vous dire qu'il soit necaissaire de m'envoyer vos remises addroitre

3346 1152 2439 144 pour anvers, que vous pourriez faire end des bonnes lettres a 2 usanec, et

3360 1249 2442 166 en cela, vous profiterez au mons 3 pi et pour vous donner toutte asseu

3371 1309 2404 160 =rance, donné vre argent a mons Jan Kent & comp a Londres & voucrensse

3365 1427 2439 157 ie vous responderez pour vre remise en sa lettre, comme il faire aussi pour

3355 1561 2439 132 moy, quelie vous faira tenir promptement, ce que vous commanderez on

3335 1658 2461 181 faisoit passé long temp de dentelles messe de bride & au raisseau, la bride

3356 1732 2461 190 c'est separe du raissseau, mais cette mode est passé ton en fait plus, si non

3344 1831 2492 217 qu'on fait faire xpres, comme aussi de dentelles gasez et comme les 6 assor=

3356 1946 2395 204 timents ordonne sont prest & portent environ ƒ1200: i'attendray vre

3349 2050 937 169 remise a l'advenant & suis

5452 2201 167 115 4d

3161 2178 752 201 Londen Jan de Capie

3335 2258 2386 231 en responce a la vre de 15 sullet dernier, cy comt vous avez mon intention

3347 2437 2492 137 explicque a madame anna besse touchant le payement carsans cette satisfaction

3358 2506 2395 160 ie ne puis rien enterprendre, et c est la maniere d'agir de tout mes amie

3352 2607 2442 117 d'envoyer leur remise avec l'ordre, il est vray pour faciliter leur avance

3355 2739 2483 134 ie me contend avec lettres a 2usance, entretemp la partie ordonné estit prest

3357 2831 2426 132 et i'et nouva quet en tirant a 3 usance trop frande disavantage, ie fairez

3336 2945 2483 110 tout qu ont peut attendre de nre negot, mais il fault que ie vous parle

4155 2997 303 80 wael reust

3353 3038 2455 161 trancement, que si vre me  fit faire quelque service & plaisir il

3351 3100 2461 212 fault estre p. des commissions icomt avec de remises & allors ie ne serez

3352 3193 2439 191 pas seulement prompt pour les expedier, mais aussi pour enterprendre

3324 3286 2443 239 de novelles patrons, et vous faire tenir toutte le nouveaubez qu'on

3346 3444 396 159 fait icy

3171 3509 1048 222 Rotterdam Abraham de Bra

5467 3526 185 189 1d

3309 3658 2480 152 In antwoort aen beyde de ue van 2 deser alsoo het pack N. 13 met het

3277 3761 2543 181 vertreck van francois snew is in gelaeden soo it het selve maer t'uewer

3331 3868 2483 173 gelieften te lossen, oversulckx verwaghte dat het voor nu van costij is

3337 3946 2432 158 versonden, godt lof dat het baels convoij behouden binnen is bly

3333 4052 2509 196 hebben vrij al wat lanck op see geweest, myne 3 packen sien wijdern

3360 4204 2411 136 tegemoet met advis van wat passeert ul bijdingesloten geleoft

3345 4257 1758 88 voort ganck totgeven weest 41ot bevolen & bly
