7275 4500
554 178 2506 119 af mn thing to bee readdy in london 2. severatts conlayes are arrived A rotter

552 264 2450 145 I expecned att Leidts some pack whepes & spainch louthes, now I think fo you shall

523 367 2533 120 have send hem foomamsterdam. you nouw whatt orders you jane for goods from London

515 444 2501 121 to be shipped for ostend & 21 past I writt for spainh csouthes & sence ordered

542 518 2506 146 you 8. son more the be adved & now I say that you please to dobbe of the

543 612 2514 131 N. o the grayes & lett not slip & loveley gray coulleur to the feitternes sent you

526 694 2515 133 of Penny sujs from 6 tot 10. a 11ƒ that so you can matke p 3 a 4 packx

529 761 2536 188 of 10. a 12 ieces ardthegh 4. desins  when send way of holland whirch ingles

530 855 2491 131 delins ought to be of severall colleurs loose no opporunise of anny convoy

505 976 2554 159 for bstend for holland that I mee have whit ineti one of them some spainch loand

524 1011 2503 174 though you shilbt have readdeye butt 6. a 8 p: with oray minde for I wat

525 1159 2506 151 fphemhn Ctoerthes &E. Challow marchs. C conitted you most all my orders, there

521 1219 2504 172 fere you most in delles that I my be attsorted from time totime & have

520 1329 2514 169 wich each canvay. sone thingh or other I lang to see y gonger letters in hopes

538 1437 1944 152 to finde better content of goods slupped I Rest & en

2684 1456 329 154 A

545 1514 1894 165 yott most send n 2 a 3 mochs of 4.6: 5 & abaut 6ƒ

2766 1547 298 72 op danderblan

2763 1601 260 80 remachter

365 1567 869 175 London Richard Soutthell

2289 1597 557 179 ady 15 may

534 1687 2487 166 2 seneial convayes hevr arrived att rotterdam the forst 14 dayesagoo the 2-

537 1810 2525 150 8. dayes ago & is the the receaved bout y. of 22 & 26 past really onwilcom

538 1923 2508 132 itt was nietles to stay to have 16: cloathes ready for 1 pack there by I se

534 2009 2461 125 you have not onders tood mee about the moctx inilbsedis a hatterre &

506 2091 2508 146 I never kneuw odres so heve N. 14.15 & 16 care I knou not & by the collours

492 2148 2541 196 I sippose thij will nott do heare beseyd if the list be soo then as the inclosed

514 2281 2549 141 patternes will not bee vendable att hall, so keep than with you N 11:11 & 13

513 2339 2520 175 are also vereill collouss now I fe by I mis fortune som appines that the

517 2433 2521 209 pack is seaved & brought up to y setter the cloathes, can not have beeng

495 2554 2529 125 so well in weipted 60 that the water god trough & wittand tou the weetters

527 2650 2540 158 bet ween blauewall & shravensande are shalt wich neest maest bee gethaen

515 2701 2494 206 the cloathes throighley wetted, & wetted the geen, & so the drayed & may

519 2810 2527 168 dospreging as if they where new le rest for if the salt watter bee not

527 2932 2474 116 gett hult the cloths will stincks & the loos pres & sight there by wat iluer

524 2986 2474 151 you to but new tollets lett that cost wattet will because hertoiller

516 3100 2536 131 thathas been wet as last, s  colleurs pres & sight & disgraces this

519 3144 2488 179 cloths, so an receavit here of but then in new boillets the the tack

510 3297 2544 128 was all reaudy made up again, s peuhoed thake notice that the cloatho

512 3366 2534 145 must bee cleered of the shall water tho bay had been wet ouley n

482 3459 2568 153 Corner of de ., whatt past hier aff lang to hor & incas thij bee nos

486 3536 2535 157 dam maged I would readdy heave you distose of them in sondon the

490 3656 2571 128 futt bee all loufer, then that your send them over for thare is minder

511 3753 2528 130 occasions o dispoos of them wich y au that there is not une for mee hier

501 3834 2567 137 olich if your b bease, I know you cau tre & suit henm aff by de grayes wal

488 3924 2563 144 I can send mee orders a monghst som of thees that hare best conditioney

495 3996 2518 153 wichs pray to & seed the mochp bee of the colleurs en qualijte to the

500 4085 2542 132 inclosed patterres, lous no oppoctunitie of acconvay for holland that

465 4172 2590 147 for amsterdam is well the best as ordonairie 2 mans of war & stay 2 ux

3298 81 2515 174 0 de e may closhsin are  shoot d ar a d n a trice

3284 185 2561 158 rather & then the louse opsortunirie of shipping, whilst I suppase

3271 300 2570 143 wee shall have sone convoy for ostend so lott the rets bee reddey ther

3293 427 2522 103 waij & some spainsh clouths of not all readdy forwarthed by way of holland

5721 484 81 61 21e

3293 471 2529 178 if you desired of my correspondence you most bee quipperin reartuer

3291 570 2506 142 advies wat you do 8 shall do abaut may ordres & that I lave & will being

3288 668 2481 169 your auuage for I most payer the portt of letters pray lostt mee havve

3303 775 2537 146 one patterne bouch of the niewers mode colleurs as also  wensch suyder

3281 896 2554 135 & new colleurs commeshoud for there boy you shall have ofter an orther forb. Cols=

3296 967 2531 154 where by them orders are hadded to may coippeda heu so pray observed that

3290 1058 2433 139 itt being of superfijn Clouths, inclised a letter to mr. Jabbarton opon

3287 1174 2547 149 which hray peruse & cesther haveing red seale tt & livered to m. Sabberton

3270 1256 1490 201 which is the met full att prend £rom

5134 1346 595 186 15 maj 1682

3084 1367 1002 194 rotterdam Vivient Herrines

3262 1484 2571 180 evengenaeme van 2: & 6 deser ontfangen bedancke N voor degenomene

3286 1582 2549 179 moejte inde besorghde acceptatie. heden hebbe p sest in tolgesonden

3276 1680 2551 163 een peux ken canten A4N. 3 waer mede gelieft de ordre te volgen tan

3278 1841 2541 152 Mons. Christhoparis Bett inLondon genende vanden ontfanck advis,

3270 1908 2433 198 & voortganck aende ingeslorenen sult pobligeren die blijve &

5181 2039 389 159 15 ditto

3118 2024 1166 200 Amsterdam Dert & Valerius Rovel

3262 2176 2554 148 B aengenaemen van 8. & 9 deser ontfangen, wegens mijre verwachte a srent van

3295 2289 2541 126 will sult gelieven te declareren in quantiteyt & weirde gelijck to hebbe

3303 2407 2509 122 geschreven dat ick segge van geen vracht voor de vraspers te betaelen dat is

3277 2450 2554 162 om dat die van rotterdam sullx niet doen & datwij in tijde van vrede

3269 2577 2530 126 tot ostende voor een paute van 40 karleyen maer 36 macht betaelde

3289 2686 2513 140 & voor 40 baijen oock mever 136: & de baeynomde laeckens voor af pers

3266 2733 2523 169 dienende betaelen huyt eacht dagh sulex raectet het aengeeyenen ofte

3293 2847 2562 175 declareren a de lienten niet & is t' gene B. daer over voorhadde mermijnend

3277 2979 2571 165 letten te schrijven. nu hebben wy brieven van Engeland dogh nagh geen vorder

3294 3053 2556 183 cognossementen becomen sulex dat in d'assurantie noch niet can gedaenworden

3302 3192 2555 154 & waeren de convoyers van costy in reuire van leth in schotland sulex dat

3288 3265 2536 166 het magh wel wert soude aen loopen connen eers het selve salconnen

3274 3393 2492 175 opsnieten middelert it waeren die van rotterdam met hun convey

3265 3488 2582 210 tot hull laer sulex dat sij voor die van costij wel moeten tenvour

3274 3597 2573 177 filjn ceamen & vervolgens mijne goederen loeteraende uere et t schijp

3271 3682 2577 192 men ean present niet well rechte mesures nemen. het soe lang gelaede ne

3275 3783 2568 195 & herladene pack N108: soude met het scip van rochus la maire ten

3278 3878 2561 154 ostende wel gearriveert sijn geweest had het aen bordt gebleven alsoohen

3265 3955 2422 232 selve schip behouden reys heet gemeecnt met een haest ladinghe

3293 4063 2551 198 &at passeer verneme geirne & oft convoy vae cot naer landen

3304 4186 1476 153 1s ofte derwaerts sraetse pertrelken
