7782 4548
825 217 2399 154 ljken sijn nu wel 16 p et deter coop als leverdegen k en in

735 299 726 147 Diekt & il

2581 371 632 223 1694 p eb

700 416 721 235 Rott de bra

896 567 2371 192 In antwoort aen den ue van 23 pasto, wegens de 5 geborgene

872 626 2215 223 lakens moete ick & sal blyven Claegen & cont uyt seggen

860 731 2399 206 alhoavel een ander geen voordiel gehadt heeft dat ick groot

865 819 2416 199 nadeel hebbe & geene reden vinden van daer over gerust te moete

872 916 2376 202 wesen alhoewel ick my vergenoege ue syn best gedaen heeft

870 1039 2373 184 & het niet beter en verstaet wegens ol van diest syn wij vol

848 1139 2401 189 comentlijck d'accord van hebbe hem oock anders niet willen

853 1206 2446 251 betaelen de ƒ 396:10½ ten sy hy volcomen quitt gaf gelgek

845 1335 2450 252 hij gedaen heeft, soo dat hyover het vierde paert in ue onet

843 1422 2460 220 niet heeft te seggen veel minwegens de ƒ 30:17 st derhalve

844 1532 2435 197 ven met hem gerust moght voorts gaen godt wilselel huls

882 1674 2309 200 convoy behouden seynden welck geirne verneme blijv

2805 1779 326 147 3 xber

679 1786 629 197 brussel Rousseau

853 1889 2440 141 ie suis bien aise devoir dans la chere vre de p court vre bon retour chez

860 1996 2397 128 vous quand vous m'envojerez la premiere accepte de la remise de

884 2109 2406 133 £250:- sur van tonchont de gand ie receverez la valeur cependant

848 2168 2459 164 ie procurerez le necaissaire pour celle de £50: 14 a 32.6 sur matth

870 2272 2403 133 proster de bruges payable en cette ville, cy ioint ie vous renvoye la lettre

861 2371 2431 149 de  £200:- a 32:6 en sur jan baps van p  et fils p eux accepte

871 2477 2210 162 ils sont de gens de tres bonne reputation a vre governe ie suis

2982 2552 192 142 3d

683 2555 937 176 Brussel govaert ververs

867 2632 2418 213 lek. verhope continnatie van ue gesontheyt & dat ue de goederen bij

859 2736 2437 152 my gecoght tot contentement hebt ontfangen, behalven het supes

855 2886 2400 122 fijn swert laken twelck ick ue heden toeseynde p bode bidloo een

873 2930 2428 167 seer eerlyck man die wel sorgen sal dat het ue behoorlyck geworden

869 3025 2428 135 ick wensche bequaem te syn ue voorder dinst te connen doen, verhopende

866 3128 1476 165 de continnatie van ue genegentheyt blijve

2863 3191 269 199 4 eb

696 3225 685 175 Brussel Bertsens

837 3320 2394 165 volgens den ue van 2 deser, hebbe ick ue heden p beurtschip

847 3453 2394 135 toe gesonden de 2 spaense lakens van van ingesloten de facture

860 3494 2442 201 & mij daer voor gelieft te crediteren, ick hebbe daer by gedaen 2 andr

873 3640 2371 139 baeyen van & 29 inplaets van de 2 beschaedgh de vrappers de

868 3743 2421 128 ue mij heeft wedergesonden derhalven blijft die facture inst

872 3810 2388 166 sochecl & voor soo veel belanght de schaede aenden rooden boy

804 3951 2474 136 over mij niet claegen, het noorts goet is noch niet comen

878 4003 2411 172 soo dat ick geene verse baeyen hebbe, soo de flannels geverft tgen

871 4146 2414 134 daen staende weecke eerst sal geschieden sal ick ue d'ievoe synde

5713 176 158 99 336

5154 184 446 165 7 A 1694

3365 201 918 208 Dernindesleegh

3451 285 2387 237 volghanden vangit sende sched, p beuursschip een

3424 437 1851 213 packie dedrin den lakenen eenen bay

3433 541 2464 173 het aen brie swaer baye elb de 20 ontf, en recom

3451 627 2437 230 ue dequi van lijfrente. tegers keromisse te nvoorden

3295 787 512 162 brugge Coots

3387 853 2450 205 In antwoort aende ue van 7:10 & 12 pas daer is niemant

3405 973 2440 161 hier van ense ingotie van de welcke hunne vrinden tot brugge vralge

3433 1083 2449 124 de weirde vande spaense lakens ick hebbe ue de weirde vande myne geschrev

3431 1179 2484 170 & genoeghsaem geseyt dat het alle gemeyne lakens waeren & dat alleen

3435 1295 2440 140 m N50 twee fyne waeren niet tegenst aende verclaert ue imdat pack

3314 1358 2499 186 6 fijne want gelyck alle 3 die packen ofe geene packen door een verclaert

3420 1465 2407 182 worden soo can ick niet anders besluyten als het is voor het pack N50

3427 1539 2444 180 & calculeert eens 4 stucken a ƒ 119:, 2 borende ƒ 120 & 8 onder de ƒ90:-

3410 1649 2439 186 met de 15p ofte het niet soo veel sal monteren als dat pack my heeft gecost

3433 1760 2443 172 & soo men abe goederen de volle wende d'officieren maer willen aenslam dat de

3438 1830 2398 197 volle we inde niet verelaert is, soo mogen sij vrij alle de lakens die comen gestaen

3415 1931 2489 189 hadde ick eenige achter dencken gehadt dat het ue soo souden gemaeckt hebben

3435 2035 2466 193 ick soude positief geordonneert hebben onder de ƒ90: te verclaeren, maer

3437 2145 2476 168 omdat ue seyde dat ue soude sien heet het te maecken met de 2 fyne in N80

3426 2210 2392 253 peysde ick dat het weder met een soeytie voorde vrinden te doen souden syn

3427 2311 2474 203 maer voor 2, 6 fyne te verclaeren, dat is buyten mijn vermoeden, & heeft

3408 2423 2507 189 ue sulckx noyt voordesen gedaen, ick hebbe dan ue rekeninge cars naergesien

3435 2508 2507 199 &al ende naer ue schrijven d'accord bevonden derhalven versoecke in antwort

3438 2626 2509 172 deser vande rest ue comende op sight p cas te disponeren naer groetense

3435 2773 244 122 bly

3313 2838 810 198 Brussel Rousseau

3449 2846 2376 254 ray lhonneur de la vre dhier arec la premiere accepte de la

3448 2997 2428 211 remise de £250:- dont iay le seconde & pour la quelle ie procu

3427 3142 1693 137 =rerez le necaissaire, vous aurez credit e& suis

5385 3163 309 202 9d

3299 3257 546 177 London keet

3398 3323 2459 214 gence in g laste ƒ2 us non f inclose

3445 3439 2481 190 f£200: on orself ma selond ble of vuch

3418 3551 2444 195 kfirst shal ke sem gen at soone as comen

3431 3683 2387 138 sand b en raegt   sende n

3431 3802 2385 168 at. avcand pr of the crrenievet

3421 3901 759 197 thet  ma

3496 4042 602 117 rourswi

5302 4059 385 180 9:

3305 4128 534 199 dtt Ban

3549 4244 1777 120 gesonden t en voors dooloiden te bestelen
