7577 4528
741 188 2403 135 dat en tweede iaer packt comt tevervallen ende ick niet gecwtie

721 268 2287 151 die vrinden in quaecde gewoonte van betalinge soude gesien te geraecken

769 329 2348 148 due recommandere ue mijnen intres & waerimne ue can dinst doen gelieft

778 461 1072 185 mij liberlijck te commanderen

2789 528 352 157 6 gbr 165

540 567 912 237 hul Henry metealle

767 702 2379 224 here as much cole seeds is exported for hyegreley att hull for hollad

760 823 2307 165 other places so pray informe me ifnow itt bee plaintie with you, &

773 913 2374 190 well gained drye & cleane, & att what prise to bee had, in exspectation

778 1057 732 182 of your answer I rest

2867 1035 194 173 6 d.

566 1145 1206 252 brussel Anthoni Rousseau

738 1231 2371 259 En responce ala chere vrede 3 court le s surnese me promet de iour en

757 1384 2384 135 aubrre de pajer la reste qu'il vous deebt, ie le shuivre iusque au l'effect

757 1457 2376 204 d'ay negeatre vre remise de ƒ498:10 a 8p  de vre perte cy comt ƒ200

749 1576 2282 165 argent de change a la charge de S. henry de smidt, vous saluentie

742 1685 396 157 ghederez

486 1786 984 233 brussel hend de smet

749 1841 2390 233 hope ue gesontheyt t welvaeren hebbe heden op ue getrocken ƒ200:-

746 2001 2370 178 wisselgelde te betalen aen mons anthony rousseau welck gelieft

750 2090 2387 154 te voldoen, terwijlen op ue ordre het ont restie dan oock sal trecken

735 2202 2377 155 & eene genneraele quittantie seynden, omdar de nieuw begonne reken

766 2295 2257 145 soo het we gelieft te vermeerderen, terwijlen naer groetene sseblijv

2883 2344 119 130 d

572 2386 942 214 Turnhout Robert

754 2453 2368 265 Ick hebbe ue brief van 5 deser wel ontfangen ende de tijken

721 2606 2343 161 ick moet noch 86 stucken hebben volgen de medegaende

743 2720 2360 136 remosie, want sonder dese 86 stucken can ick de sortemente

739 2791 2411 175 niet op maecken, soo moet gij die leveren soo leest mogelyck

751 2930 2342 120 is ick sal ue allignatie betalen, seynde ue een suaeren

762 2992 2366 182 witten bay lanck & breet suijver tot wet 5 ƒ32: oaghge

757 3116 1412 191 verwaghte de voors tijcken & blijv

1030 3214 620 200 17 2slgels

1049 3331 645 202 20 g & segels

1029 3442 646 181 10 20: 2 segels

1027 3525 1451 216 15 ¾: grootloot geene groot lent

1017 3629 847 214 20gb groot Cost

1024 3768 679 192 6e 3 segels

1003 3938 112 167 56

5162 135 571 152 18 br

3177 189 670 230 Gentn de beck

3345 208 2369 249 Ick hebbe op 3 deser an ue ges, ende als dan een staelboeck

3265 314 2475 228 gesonden, waer op geirne antwoort hadde gesien ten minsten versoecke

3272 383 2534 244 mijn staelboeckcito gelieft weder te seynde, hebbe onder andere goederen

3345 532 2478 150 oock 2 engelsse canno syne lakens gecregen, in engeland t geverft volgen

3325 586 2443 198 dese 2 staelen in wisselgelde sonder gabat, soo ick ue daermede can

3337 678 2485 191 dienen gelieft te commanderen bljv verwachtende ue antwoort

3167 821 1047 245 Hulst Weduwe Button

3341 865 2505 309 Ick hebbe beyde ue brieven van 22 sber & 5 deser ontfangen met den

3356 1000 2438 202 eersten dat gelt vanderente van stadt dat daermede soo welis wat ue

3351 1085 2480 217 schrijft dat Jan willemsen heeft comen segge, dat neme ick dan soo aen

3359 1182 2429 201 en sal de drij a 4 weken afwaghten, maer ick breefe dat het aleven veel

3352 1271 2490 224 sal wesen, dan seght hem vrijelijck als gij hem wedersiet, dat hij syn woort

3351 1361 2453 201 moet houden, oft dat ick niet meer sal simuleren, maer hem met recht

3347 1447 2417 222 wel dwingen, hij heeft veele iaeren ons lant gebruyckt, ende nogt een

3349 1535 2381 219 duyt gegeven, dan ick wil dat soo niet meer gedoen ingesloten noch een

3333 1666 2484 195 brief aen Cornelis hiel in ossenis ick sal mijn beste doen bij markus de

3342 1750 2374 181 vriendt voor ue, dan gij salt dat beter connen uytwercken als ick

3357 1839 2446 225 dreyght hem vrijelijck, dat soo hij ue soo wel als mij niet envoldoet, dat

3369 1973 2369 198 gij hem sult te hulst arresteren, want ue pretensie is soo goedt als de

3335 2045 2472 183 mijne heeft mark de vrindt voor mij eenigh oncost gedaen dat moet

3360 2159 1073 201 hij betoomen, waer mede blijve

5408 2147 288 200 8d

3173 2323 1083 198 brugge Jaques ffervalques

3232 2373 2584 251 In antwoort aenden ue van 2 deser, gesien dat ue de oncosten vande

3319 2502 2533 211 laeste partije toeback in rekeninge van mons shuckburgh hebt gebroght

3353 2590 2448 221 dat wel is dese partije is tot eene sch the prijse vercoght a ƒ26:10e

3343 2686 2474 246 en hadde de opgebroghte prijsen geen occasie gegeven sonder te minsten ƒ30

3333 2798 2467 245 gehaelt hebben, welcken prijs men eghter wel noch can bedingen alsemen

3342 2890 2432 188 syselven wilt uytbreken, ende met 4:6: a 8 vaeten seffens vercoopen

3342 2977 2428 229 doch m shuckburgh presseert ordinair te veel, dan lemiteert hij eens

3359 3077 2380 225 een prijs, dan wederom ordineert rys court cito te vercoopen, enos

3355 3176 2455 270 groote partijen seffens aenden man te hebben, ende daer contant gelt

3300 3269 2512 237 voor te becomen, can men de hooghste merkt daer voor niet hjgen, endese

3360 3411 2391 180 toeback valt redelyck goet, soo danige begeire ick wel, maer slechter goet

3353 3496 2426 188 soecke ick niet mede te moeyen, van hier ab ondantie is van greijn

3370 3592 2426 206 & slecht goet & wort een ieder naer gedraegen van ƒƒ1 8 bo2 a ƒ 23

3358 3692 2470 193 belieft ue iedts goedte 20 a 30 vaeten afte seynden voorde winter daer is

3366 3829 2258 187 ni costj goede occasie niet de gearriveerde schepen van londen

3340 3953 307 177 blijve
