<?xml version="1.0" encoding="UTF-8"?>
<alto xmlns:xsi="http://www.w3.org/2001/XMLSchema-instance"
      xmlns="http://www.loc.gov/standards/alto/ns-v4#"
      xmlns:page="http://schema.primaresearch.org/PAGE/gts/pagecontent/2013-07-15"
      xsi:schemaLocation="http://www.loc.gov/standards/alto/ns-v4# https://www.loc.gov/standards/alto/v4/alto.xsd">
   <Description>
      <MeasurementUnit>pixel</MeasurementUnit>
      <OCRProcessing ID="IdOcr">
         <ocrProcessingStep>
            <processingDateTime>2022-02-04T12:20:57.536+01:00</processingDateTime>
            <processingSoftware>
               <softwareCreator>READ COOP</softwareCreator>
               <softwareName>Transkribus</softwareName>
            </processingSoftware>
         </ocrProcessingStep>
      </OCRProcessing>
   </Description>
   <Layout>
      <Page ID="Page1" PHYSICAL_IMG_NR="1" HEIGHT="4548" WIDTH="7919">
         <TopMargin HEIGHT="0" WIDTH="7919" VPOS="0" HPOS="0"/>
         <LeftMargin HEIGHT="4548" WIDTH="0" VPOS="0" HPOS="0"/>
         <RightMargin HEIGHT="4548" WIDTH="0" VPOS="0" HPOS="7919"/>
         <BottomMargin HEIGHT="0" WIDTH="7919" VPOS="4548" HPOS="0"/>
         <PrintSpace HEIGHT="4548" WIDTH="7919" VPOS="0" HPOS="0">
            <TextBlock ID="region_1638974496217_11528"
                       HEIGHT="4243"
                       WIDTH="2602"
                       VPOS="136"
                       HPOS="674">
               <Shape>
                  <Polygon POINTS="674,136 3276,136 3276,4379 674,4379"/>
               </Shape>
               <TextLine ID="region_1638974496217_11528l1"
                         BASELINE="958,286 1070,284 1182,280 1294,278 1407,274 1519,272 1631,272 1744,270 1856,268 1968,268 2081,266 2193,266 2305,264 2417,264 2530,262 2642,260 2754,258 2867,256 2979,254 3091,251 3204,248"
                         HEIGHT="109"
                         WIDTH="2279"
                         VPOS="204"
                         HPOS="942">
                  <String ID="string_region_1638974496217_11528l1"
                          HEIGHT="109"
                          WIDTH="2279"
                          VPOS="204"
                          HPOS="942"
                          CONTENT="directeley forthis placs, &amp; though I can be your debtor"/>
               </TextLine>
               <TextLine ID="region_1638974496217_11528l2"
                         BASELINE="962,392 1075,387 1188,384 1302,380 1415,378 1529,376 1642,374 1755,372 1869,372 1982,370 2096,370 2209,368 2322,368 2436,366 2549,366 2663,364 2776,362 2889,360 3003,358 3116,354 3230,350"
                         HEIGHT="184"
                         WIDTH="2298"
                         VPOS="281"
                         HPOS="947">
                  <String ID="string_region_1638974496217_11528l2"
                          HEIGHT="184"
                          WIDTH="2298"
                          VPOS="281"
                          HPOS="947"
                          CONTENT="if you will I shall presentley send you other remises there"/>
               </TextLine>
               <TextLine ID="region_1638974496217_11528l3"
                         BASELINE="952,496 1064,492 1176,488 1288,484 1400,480 1512,479 1624,476 1736,476 1848,474 1960,474 2072,474 2184,474 2296,474 2408,474 2520,474 2632,474 2744,474 2856,474 2968,474 3080,474 3192,474"
                         HEIGHT="199"
                         WIDTH="2272"
                         VPOS="371"
                         HPOS="936">
                  <String ID="string_region_1638974496217_11528l3"
                          HEIGHT="199"
                          WIDTH="2272"
                          VPOS="371"
                          HPOS="936"
                          CONTENT="fore lett me mirye this low ex for goth here 32 4 a 5"/>
               </TextLine>
               <TextLine ID="region_1638974496217_11528l4"
                         BASELINE="976,618 1088,613 1200,607 1312,602 1424,600 1537,596 1649,593 1761,590 1873,588 1985,586 2098,584 2210,583 2322,582 2434,580 2546,578 2659,575 2771,572 2883,569 2995,566 3107,560 3220,556"
                         HEIGHT="204"
                         WIDTH="2278"
                         VPOS="454"
                         HPOS="958">
                  <String ID="string_region_1638974496217_11528l4"
                          HEIGHT="204"
                          WIDTH="2278"
                          VPOS="454"
                          HPOS="958"
                          CONTENT="Ps receared advise fromostend that our convoy a ship of 48"/>
               </TextLine>
               <TextLine ID="region_1638974496217_11528l5"
                         BASELINE="960,736 1073,731 1186,724 1300,719 1413,714 1527,710 1640,706 1753,704 1867,702 1980,700 2094,698 2207,696 2320,694 2434,692 2547,689 2661,686 2774,684 2887,680 3001,676 3114,672 3228,666"
                         HEIGHT="219"
                         WIDTH="2299"
                         VPOS="561"
                         HPOS="945">
                  <String ID="string_region_1638974496217_11528l5"
                          HEIGHT="219"
                          WIDTH="2299"
                          VPOS="561"
                          HPOS="945"
                          CONTENT="&amp; one of 12 guns is upon departinge for Londen, so ship the "/>
               </TextLine>
               <TextLine ID="region_1638974496217_11528l6"
                         BASELINE="976,844 1090,838 1204,834 1318,828 1432,824 1546,821 1660,818 1774,814 1888,812 2002,810 2116,808 2230,806 2344,804 2458,802 2572,800 2686,798 2800,794 2914,791 3028,787 3142,784 3256,778"
                         HEIGHT="145"
                         WIDTH="2311"
                         VPOS="731"
                         HPOS="958">
                  <String ID="string_region_1638974496217_11528l6"
                          HEIGHT="145"
                          WIDTH="2311"
                          VPOS="731"
                          HPOS="958"
                          CONTENT="northren white flannels &amp; the rest of the spa clothes that"/>
               </TextLine>
               <TextLine ID="region_1638974496217_11528l7"
                         BASELINE="948,958 1063,952 1179,946 1294,942 1410,938 1526,934 1641,932 1757,930 1872,928 1988,926 2104,924 2219,922 2335,920 2450,918 2566,914 2682,910 2797,905 2913,900 3028,893 3144,884 3260,876"
                         HEIGHT="207"
                         WIDTH="2345"
                         VPOS="807"
                         HPOS="929">
                  <String ID="string_region_1638974496217_11528l7"
                          HEIGHT="207"
                          WIDTH="2345"
                          VPOS="807"
                          HPOS="929"
                          CONTENT="are not yett shipped for holland &amp; in case this convoj be with"/>
               </TextLine>
               <TextLine ID="region_1638974496217_11528l8"
                         BASELINE="944,1072 1053,1068 1163,1064 1272,1060 1382,1058 1492,1055 1601,1052 1711,1050 1820,1047 1930,1044 2040,1041 2149,1038 2259,1034 2368,1030 2478,1026 2588,1020 2697,1013 2807,1006 2916,997 3026,988 3136,978"
                         HEIGHT="240"
                         WIDTH="2227"
                         VPOS="906"
                         HPOS="926">
                  <String ID="string_region_1638974496217_11528l8"
                          HEIGHT="240"
                          WIDTH="2227"
                          VPOS="906"
                          HPOS="926"
                          CONTENT="you before this comes to your handes &amp; nos pas clothes yett"/>
               </TextLine>
               <TextLine ID="region_1638974496217_11528l9"
                         BASELINE="858,1176 953,1174 1049,1172 1144,1170 1240,1167 1335,1165 1431,1163 1526,1162 1622,1160 1717,1158 1813,1156 1908,1154 2004,1152 2099,1150 2195,1147 2290,1144 2386,1142 2481,1138 2577,1135 2672,1132 2768,1128"
                         HEIGHT="216"
                         WIDTH="1943"
                         VPOS="1020"
                         HPOS="841">
                  <String ID="string_region_1638974496217_11528l9"
                          HEIGHT="216"
                          WIDTH="1943"
                          VPOS="1020"
                          HPOS="841"
                          CONTENT="shipped for holland, so ship all forostend"/>
               </TextLine>
               <TextLine ID="region_1638974496217_11528l10"
                         BASELINE="2504,1250 2529,1250 2555,1249 2581,1248 2607,1248 2633,1248 2659,1246 2685,1246 2711,1246 2737,1244 2762,1242 2788,1242 2814,1241 2840,1238 2866,1236 2892,1233 2918,1229 2944,1226 2970,1222"
                         HEIGHT="176"
                         WIDTH="503"
                         VPOS="1142"
                         HPOS="2484">
                  <String ID="string_region_1638974496217_11528l10"
                          HEIGHT="176"
                          WIDTH="503"
                          VPOS="1142"
                          HPOS="2484"
                          CONTENT="26 maet"/>
               </TextLine>
               <TextLine ID="region_1638974496217_11528l11"
                         BASELINE="742,1346 779,1343 816,1339 853,1335 890,1333 927,1329 964,1326 1001,1324 1038,1322 1075,1319 1113,1317 1150,1315 1187,1314 1224,1312 1261,1311 1298,1310 1335,1310 1372,1309 1409,1308 1446,1308 1484,1308"
                         HEIGHT="245"
                         WIDTH="777"
                         VPOS="1171"
                         HPOS="723">
                  <String ID="string_region_1638974496217_11528l11"
                          HEIGHT="245"
                          WIDTH="777"
                          VPOS="1171"
                          HPOS="723"
                          CONTENT="Brussel Roussau"/>
               </TextLine>
               <TextLine ID="region_1638974496217_11528l12"
                         BASELINE="992,1472 1099,1466 1206,1462 1313,1458 1420,1454 1527,1452 1634,1448 1741,1446 1848,1444 1955,1442 2062,1440 2169,1438 2276,1436 2383,1434 2490,1432 2597,1430 2704,1428 2811,1424 2918,1422 3025,1418 3132,1412"
                         HEIGHT="209"
                         WIDTH="2169"
                         VPOS="1278"
                         HPOS="974">
                  <String ID="string_region_1638974496217_11528l12"
                          HEIGHT="209"
                          WIDTH="2169"
                          VPOS="1278"
                          HPOS="974"
                          CONTENT="Mons en re spence alsrekers vre du 24 en 25 con"/>
               </TextLine>
               <TextLine ID="region_1638974496217_11528l13"
                         BASELINE="984,1566 1093,1560 1202,1555 1312,1550 1421,1546 1531,1542 1640,1539 1749,1536 1859,1534 1968,1531 2078,1530 2187,1528 2296,1526 2406,1524 2515,1524 2625,1522 2734,1522 2843,1522 2953,1520 3062,1520 3172,1520"
                         HEIGHT="153"
                         WIDTH="2221"
                         VPOS="1423"
                         HPOS="968">
                  <String ID="string_region_1638974496217_11528l13"
                          HEIGHT="153"
                          WIDTH="2221"
                          VPOS="1423"
                          HPOS="968"
                          CONTENT="ay im ie ur renvoy la lett d 2000 at iur"/>
               </TextLine>
               <TextLine ID="region_1638974496217_11528l14"
                         BASELINE="940,1652 1049,1650 1159,1648 1269,1646 1379,1644 1489,1642 1598,1639 1708,1636 1818,1634 1928,1632 2038,1629 2147,1626 2257,1624 2367,1622 2477,1619 2587,1616 2696,1614 2806,1612 2916,1612 3026,1610 3136,1608"
                         HEIGHT="118"
                         WIDTH="2227"
                         VPOS="1552"
                         HPOS="924">
                  <String ID="string_region_1638974496217_11528l14"
                          HEIGHT="118"
                          WIDTH="2227"
                          VPOS="1552"
                          HPOS="924"
                          CONTENT="de accp. p mon Miichel cortoir ie ris "/>
               </TextLine>
               <TextLine ID="region_1638974496217_11528l15"
                         BASELINE="944,1758 1054,1754 1165,1752 1276,1748 1386,1746 1497,1743 1608,1740 1718,1738 1829,1736 1940,1734 2051,1733 2161,1730 2272,1729 2383,1727 2493,1724 2604,1722 2715,1720 2825,1716 2936,1713 3047,1708 3158,1704"
                         HEIGHT="185"
                         WIDTH="2246"
                         VPOS="1600"
                         HPOS="926">
                  <String ID="string_region_1638974496217_11528l15"
                          HEIGHT="185"
                          WIDTH="2246"
                          VPOS="1600"
                          HPOS="926"
                          CONTENT="daulu occasr o demend vos coiend"/>
               </TextLine>
               <TextLine ID="region_1638974496217_11528l16"
                         BASELINE="2820,1876 2846,1878 2872,1881 2898,1882 2925,1883 2951,1883 2977,1882 3004,1881 3030,1880 3056,1879 3082,1877 3109,1876 3135,1874 3161,1874 3188,1872"
                         HEIGHT="168"
                         WIDTH="402"
                         VPOS="1782"
                         HPOS="2803">
                  <String ID="string_region_1638974496217_11528l16"
                          HEIGHT="168"
                          WIDTH="402"
                          VPOS="1782"
                          HPOS="2803"
                          CONTENT="29meirt"/>
               </TextLine>
               <TextLine ID="region_1638974496217_11528l17"
                         BASELINE="778,1926 826,1927 875,1926 924,1926 973,1926 1022,1924 1070,1922 1119,1920 1168,1918 1217,1916 1266,1914 1314,1911 1363,1908 1412,1906 1461,1905 1510,1902 1558,1901 1607,1900 1656,1898 1705,1898 1754,1898"
                         HEIGHT="252"
                         WIDTH="1011"
                         VPOS="1752"
                         HPOS="758">
                  <String ID="string_region_1638974496217_11528l17"
                          HEIGHT="252"
                          WIDTH="1011"
                          VPOS="1752"
                          HPOS="758"
                          CONTENT="Rott Abrahamde Bra"/>
               </TextLine>
               <TextLine ID="region_1638974496217_11528l18"
                         BASELINE="948,2030 1058,2020 1168,2012 1279,2004 1389,1999 1500,1994 1610,1990 1720,1986 1831,1984 1941,1982 2052,1982 2162,1980 2272,1980 2383,1980 2493,1980 2604,1980 2714,1980 2824,1980 2935,1980 3045,1978 3156,1978"
                         HEIGHT="180"
                         WIDTH="2241"
                         VPOS="1864"
                         HPOS="932">
                  <String ID="string_region_1638974496217_11528l18"
                          HEIGHT="180"
                          WIDTH="2241"
                          VPOS="1864"
                          HPOS="932"
                          CONTENT="heb advies van londen, dat een convoij geordonneert was met"/>
               </TextLine>
               <TextLine ID="region_1638974496217_11528l19"
                         BASELINE="942,2112 1055,2105 1169,2098 1283,2092 1396,2088 1510,2084 1624,2080 1737,2078 1851,2076 1965,2076 2079,2076 2192,2074 2306,2074 2420,2074 2533,2074 2647,2076 2761,2075 2874,2074 2988,2074 3102,2073 3216,2072"
                         HEIGHT="155"
                         WIDTH="2305"
                         VPOS="2008"
                         HPOS="925">
                  <String ID="string_region_1638974496217_11528l19"
                          HEIGHT="155"
                          WIDTH="2305"
                          VPOS="2008"
                          HPOS="925"
                          CONTENT="soldaeten naer costij te vertrecken t' welck hope nu gearriveert"/>
               </TextLine>
               <TextLine ID="region_1638974496217_11528l20"
                         BASELINE="946,2218 1058,2211 1171,2206 1284,2201 1397,2196 1510,2192 1623,2188 1736,2185 1849,2182 1962,2180 2075,2178 2187,2178 2300,2176 2413,2176 2526,2176 2639,2176 2752,2176 2865,2178 2978,2178 3091,2180 3204,2182"
                         HEIGHT="147"
                         WIDTH="2289"
                         VPOS="2105"
                         HPOS="929">
                  <String ID="string_region_1638974496217_11528l20"
                          HEIGHT="147"
                          WIDTH="2289"
                          VPOS="2105"
                          HPOS="929"
                          CONTENT="is synde voor mij gelaeden in tschip van geerde Leunis een pack"/>
               </TextLine>
               <TextLine ID="region_1638974496217_11528l21"
                         BASELINE="948,2336 1061,2326 1175,2317 1288,2309 1402,2302 1516,2297 1629,2292 1743,2289 1856,2286 1970,2284 2084,2282 2197,2282 2311,2280 2424,2280 2538,2280 2652,2278 2765,2278 2879,2276 2992,2274 3106,2271 3220,2268"
                         HEIGHT="220"
                         WIDTH="2305"
                         VPOS="2168"
                         HPOS="930">
                  <String ID="string_region_1638974496217_11528l21"
                          HEIGHT="220"
                          WIDTH="2305"
                          VPOS="2168"
                          HPOS="930"
                          CONTENT="&amp; N 34 t' welckten arrivemente gelieft te verclaeren &amp; aente "/>
               </TextLine>
               <TextLine ID="region_1638974496217_11528l22"
                         BASELINE="952,2426 1067,2421 1183,2415 1298,2411 1414,2407 1530,2402 1645,2400 1761,2396 1876,2394 1992,2392 2108,2390 2223,2388 2339,2386 2454,2386 2570,2384 2686,2384 2801,2383 2917,2382 3032,2382 3148,2382 3264,2382"
                         HEIGHT="195"
                         WIDTH="2342"
                         VPOS="2295"
                         HPOS="936">
                  <String ID="string_region_1638974496217_11528l22"
                          HEIGHT="195"
                          WIDTH="2342"
                          VPOS="2295"
                          HPOS="936"
                          CONTENT="geven voor 6 ¾ spaense gemengelde lakens &amp; 2 cost witte frisette"/>
               </TextLine>
               <TextLine ID="region_1638974496217_11528l23"
                         BASELINE="952,2530 1067,2526 1182,2521 1297,2516 1412,2514 1528,2510 1643,2508 1758,2506 1873,2504 1988,2504 2104,2502 2219,2502 2334,2502 2449,2500 2564,2500 2680,2498 2795,2498 2910,2496 3025,2494 3140,2492 3256,2490"
                         HEIGHT="187"
                         WIDTH="2337"
                         VPOS="2381"
                         HPOS="937">
                  <String ID="string_region_1638974496217_11528l23"
                          HEIGHT="187"
                          WIDTH="2337"
                          VPOS="2381"
                          HPOS="937"
                          CONTENT="ieder van a 40 tot fardelure tsamen weirdigh ƒ 1050:- dogh by"/>
               </TextLine>
               <TextLine ID="region_1638974496217_11528l24"
                         BASELINE="944,2628 1057,2623 1171,2618 1284,2614 1398,2612 1512,2610 1625,2608 1739,2608 1852,2606 1966,2606 2080,2606 2193,2608 2307,2608 2420,2610 2534,2610 2648,2612 2761,2612 2875,2614 2988,2616 3102,2618 3216,2618"
                         HEIGHT="138"
                         WIDTH="2302"
                         VPOS="2542"
                         HPOS="929">
                  <String ID="string_region_1638974496217_11528l24"
                          HEIGHT="138"
                          WIDTH="2302"
                          VPOS="2542"
                          HPOS="929"
                          CONTENT="de lyste staende spaense lakens maer getaceert op ƒ 120 ieder"/>
               </TextLine>
               <TextLine ID="region_1638974496217_11528l25"
                         BASELINE="956,2724 1068,2722 1180,2719 1292,2716 1404,2716 1516,2714 1628,2712 1740,2710 1852,2710 1964,2708 2076,2708 2188,2708 2300,2708 2412,2708 2524,2708 2636,2710 2748,2710 2860,2712 2972,2714 3084,2716 3196,2718"
                         HEIGHT="130"
                         WIDTH="2272"
                         VPOS="2613"
                         HPOS="941">
                  <String ID="string_region_1638974496217_11528l25"
                          HEIGHT="130"
                          WIDTH="2272"
                          VPOS="2613"
                          HPOS="941"
                          CONTENT="derhalven soo mendie voor hooger niet moet verclaeren, sood"/>
               </TextLine>
               <TextLine ID="region_1638974496217_11528l26"
                         BASELINE="954,2818 1067,2816 1180,2816 1293,2814 1407,2813 1520,2812 1633,2810 1747,2808 1860,2808 1973,2806 2087,2806 2200,2806 2313,2806 2426,2806 2540,2806 2653,2808 2766,2810 2880,2812 2993,2816 3106,2819 3220,2824"
                         HEIGHT="195"
                         WIDTH="2296"
                         VPOS="2700"
                         HPOS="940">
                  <String ID="string_region_1638974496217_11528l26"
                          HEIGHT="195"
                          WIDTH="2296"
                          VPOS="2700"
                          HPOS="940"
                          CONTENT="volght den lyste, &amp; ten arrivemente gelieft met d'uytterste expediter"/>
               </TextLine>
               <TextLine ID="region_1638974496217_11528l27"
                         BASELINE="946,2928 1054,2926 1162,2924 1270,2922 1378,2920 1486,2918 1594,2918 1702,2916 1810,2914 1918,2914 2027,2912 2135,2912 2243,2912 2351,2913 2459,2914 2567,2916 2675,2918 2783,2922 2891,2925 2999,2930 3108,2936"
                         HEIGHT="195"
                         WIDTH="2192"
                         VPOS="2812"
                         HPOS="932">
                  <String ID="string_region_1638974496217_11528l27"
                          HEIGHT="195"
                          WIDTH="2192"
                          VPOS="2812"
                          HPOS="932"
                          CONTENT="mij die toeteseynde gevende den ingeslotene voortganck sal ue"/>
               </TextLine>
               <TextLine ID="region_1638974496217_11528l28"
                         BASELINE="944,3040 985,3038 1026,3035 1067,3034 1108,3032 1150,3032 1191,3030 1232,3030 1273,3030 1314,3028 1356,3028 1397,3028 1438,3026 1479,3024 1520,3022 1562,3020 1603,3018 1644,3015 1685,3012 1726,3006 1768,3002"
                         HEIGHT="160"
                         WIDTH="859"
                         VPOS="2918"
                         HPOS="925">
                  <String ID="string_region_1638974496217_11528l28"
                          HEIGHT="160"
                          WIDTH="859"
                          VPOS="2918"
                          HPOS="925"
                          CONTENT="verollligeren die blyv"/>
               </TextLine>
               <TextLine ID="region_1638974496217_11528l29"
                         BASELINE="2742,3112 2768,3114 2795,3113 2821,3110 2848,3106 2874,3104 2901,3101 2927,3100 2954,3102"
                         HEIGHT="195"
                         WIDTH="248"
                         VPOS="2992"
                         HPOS="2722">
                  <String ID="string_region_1638974496217_11528l29"
                          HEIGHT="195"
                          WIDTH="248"
                          VPOS="2992"
                          HPOS="2722"
                          CONTENT="29d"/>
               </TextLine>
               <TextLine ID="region_1638974496217_11528l30"
                         BASELINE="770,3194 814,3190 858,3185 902,3181 946,3178 990,3174 1034,3173 1078,3170 1122,3168 1166,3166 1211,3165 1255,3162 1299,3160 1343,3158 1387,3158 1431,3154 1475,3152 1519,3151 1563,3148 1607,3144 1652,3140"
                         HEIGHT="213"
                         WIDTH="922"
                         VPOS="3020"
                         HPOS="748">
                  <String ID="string_region_1638974496217_11528l30"
                          HEIGHT="213"
                          WIDTH="922"
                          VPOS="3020"
                          HPOS="748"
                          CONTENT="Londen Jan Kent &amp; comp"/>
               </TextLine>
               <TextLine ID="region_1638974496217_11528l31"
                         BASELINE="920,3284 1034,3279 1148,3274 1262,3270 1376,3266 1491,3262 1605,3260 1719,3258 1833,3256 1947,3254 2062,3252 2176,3251 2290,3250 2404,3250 2518,3248 2633,3248 2747,3246 2861,3246 2975,3246 3089,3244 3204,3244"
                         HEIGHT="228"
                         WIDTH="2314"
                         VPOS="3109"
                         HPOS="904">
                  <String ID="string_region_1638974496217_11528l31"
                          HEIGHT="228"
                          WIDTH="2314"
                          VPOS="3109"
                          HPOS="904"
                          CONTENT="my last to you was on the 25 cur there by have told you how"/>
               </TextLine>
               <TextLine ID="region_1638974496217_11528l32"
                         BASELINE="912,3394 1030,3383 1148,3375 1266,3369 1384,3364 1503,3360 1621,3356 1739,3354 1857,3354 1975,3352 2094,3352 2212,3352 2330,3352 2448,3352 2566,3354 2685,3354 2803,3352 2921,3352 3039,3350 3157,3348 3276,3344"
                         HEIGHT="188"
                         WIDTH="2397"
                         VPOS="3255"
                         HPOS="896">
                  <String ID="string_region_1638974496217_11528l32"
                          HEIGHT="188"
                          WIDTH="2397"
                          VPOS="3255"
                          HPOS="896"
                          CONTENT="manney &amp; what sp clothes I desire so pray minde my demand according, "/>
               </TextLine>
               <TextLine ID="region_1638974496217_11528l33"
                         BASELINE="920,3498 1030,3490 1141,3484 1252,3478 1363,3474 1474,3471 1584,3469 1695,3467 1806,3466 1917,3464 2028,3464 2138,3464 2249,3464 2360,3464 2471,3464 2582,3464 2692,3464 2803,3464 2914,3462 3025,3462 3136,3460"
                         HEIGHT="210"
                         WIDTH="2247"
                         VPOS="3359"
                         HPOS="905">
                  <String ID="string_region_1638974496217_11528l33"
                          HEIGHT="210"
                          WIDTH="2247"
                          VPOS="3359"
                          HPOS="905"
                          CONTENT="promi pally in the blew grayes &amp; low prised browne cullours "/>
               </TextLine>
               <TextLine ID="region_1638974496217_11528l34"
                         BASELINE="864,3608 975,3602 1086,3598 1197,3594 1308,3592 1419,3588 1530,3586 1641,3582 1752,3580 1863,3578 1975,3576 2086,3574 2197,3572 2308,3570 2419,3569 2530,3568 2641,3566 2752,3564 2863,3562 2974,3560 3086,3558"
                         HEIGHT="185"
                         WIDTH="2254"
                         VPOS="3472"
                         HPOS="846">
                  <String ID="string_region_1638974496217_11528l34"
                          HEIGHT="185"
                          WIDTH="2254"
                          VPOS="3472"
                          HPOS="846"
                          CONTENT=" for which inclosed hore patt to all them may beone p"/>
               </TextLine>
               <TextLine ID="region_1638974496217_11528l35"
                         BASELINE="906,3702 1019,3700 1133,3700 1247,3698 1360,3696 1474,3696 1588,3694 1701,3692 1815,3690 1929,3688 2043,3684 2156,3682 2270,3680 2384,3678 2497,3675 2611,3672 2725,3670 2838,3668 2952,3664 3066,3662 3180,3660"
                         HEIGHT="163"
                         WIDTH="2304"
                         VPOS="3601"
                         HPOS="891">
                  <String ID="string_region_1638974496217_11528l35"
                          HEIGHT="163"
                          WIDTH="2304"
                          VPOS="3601"
                          HPOS="891"
                          CONTENT="about 6 p, which I doe not question butt will &amp; can be reddy"/>
               </TextLine>
               <TextLine ID="region_1638974496217_11528l36"
                         BASELINE="904,3810 1021,3806 1139,3804 1256,3802 1374,3800 1492,3798 1609,3796 1727,3796 1844,3796 1962,3794 2080,3794 2197,3794 2315,3794 2432,3796 2550,3796 2668,3796 2785,3796 2903,3796 3020,3796 3138,3796 3256,3796"
                         HEIGHT="197"
                         WIDTH="2382"
                         VPOS="3684"
                         HPOS="889">
                  <String ID="string_region_1638974496217_11528l36"
                          HEIGHT="197"
                          WIDTH="2382"
                          VPOS="3684"
                          HPOS="889"
                          CONTENT="for the ostendish convoy, which sailed from ostend resterday mor"/>
               </TextLine>
               <TextLine ID="region_1638974496217_11528l37"
                         BASELINE="900,3930 1017,3925 1135,3920 1252,3916 1370,3912 1488,3908 1605,3906 1723,3904 1840,3903 1958,3902 2076,3902 2193,3900 2311,3900 2428,3900 2546,3900 2664,3900 2781,3898 2899,3898 3016,3896 3134,3896 3252,3894"
                         HEIGHT="203"
                         WIDTH="2385"
                         VPOS="3780"
                         HPOS="884">
                  <String ID="string_region_1638974496217_11528l37"
                          HEIGHT="203"
                          WIDTH="2385"
                          VPOS="3780"
                          HPOS="884"
                          CONTENT="ningh, which the shipe for spaine, &amp; istold hath order tobring"/>
               </TextLine>
               <TextLine ID="region_1638974496217_11528l38"
                         BASELINE="924,4036 1037,4027 1151,4021 1265,4015 1378,4011 1492,4008 1606,4006 1719,4004 1833,4004 1947,4004 2061,4004 2174,4004 2288,4004 2402,4004 2515,4004 2629,4002 2743,4000 2856,3996 2970,3992 3084,3985 3198,3978"
                         HEIGHT="157"
                         WIDTH="2306"
                         VPOS="3904"
                         HPOS="906">
                  <String ID="string_region_1638974496217_11528l38"
                          HEIGHT="157"
                          WIDTH="2306"
                          VPOS="3904"
                          HPOS="906"
                          CONTENT="the binlanders sofe in the river the thames &amp; to accompange "/>
               </TextLine>
               <TextLine ID="region_1638974496217_11528l39"
                         BASELINE="920,4142 1034,4134 1149,4128 1263,4122 1378,4116 1493,4113 1607,4110 1722,4107 1836,4104 1951,4103 2066,4102 2180,4100 2295,4100 2409,4098 2524,4098 2639,4096 2753,4094 2868,4094 2982,4091 3097,4088 3212,4086"
                         HEIGHT="157"
                         WIDTH="2324"
                         VPOS="4030"
                         HPOS="902">
                  <String ID="string_region_1638974496217_11528l39"
                          HEIGHT="157"
                          WIDTH="2324"
                          VPOS="4030"
                          HPOS="902"
                          CONTENT="the sp ships out of the channell &amp; then to returne to fete our"/>
               </TextLine>
               <TextLine ID="region_1638974496217_11528l40"
                         BASELINE="898,4240 1012,4234 1127,4230 1241,4226 1356,4222 1470,4220 1585,4216 1699,4214 1814,4211 1928,4208 2043,4206 2157,4204 2272,4202 2386,4200 2501,4198 2615,4195 2730,4192 2844,4190 2959,4186 3073,4182 3188,4178"
                         HEIGHT="165"
                         WIDTH="2322"
                         VPOS="4099"
                         HPOS="880">
                  <String ID="string_region_1638974496217_11528l40"
                          HEIGHT="165"
                          WIDTH="2322"
                          VPOS="4099"
                          HPOS="880"
                          CONTENT="ships from london, if so you have time enough to provide the "/>
               </TextLine>
               <TextLine ID="region_1638974496217_11528l41"
                         BASELINE="954,4330 1063,4328 1173,4326 1283,4324 1393,4322 1503,4320 1613,4318 1723,4316 1833,4315 1943,4312 2053,4310 2162,4308 2272,4306 2382,4302 2492,4298 2602,4294 2712,4290 2822,4284 2932,4278 3042,4272 3152,4264"
                         HEIGHT="166"
                         WIDTH="2230"
                         VPOS="4204"
                         HPOS="937">
                  <String ID="string_region_1638974496217_11528l41"
                          HEIGHT="166"
                          WIDTH="2230"
                          VPOS="4204"
                          HPOS="937"
                          CONTENT="ordired sy clothes &amp; now have your of 9 curt which the"/>
               </TextLine>
            </TextBlock>
            <TextBlock ID="region_1638974500184_11531"
                       HEIGHT="4307"
                       WIDTH="2529"
                       VPOS="136"
                       HPOS="3373">
               <Shape>
                  <Polygon POINTS="3373,136 5902,136 5902,4443 3373,4443"/>
               </Shape>
               <TextLine ID="region_1638974500184_11531l1"
                         BASELINE="3484,252 3604,252 3725,252 3845,252 3966,254 4087,258 4207,261 4328,266 4448,270 4569,276 4690,280 4810,286 4931,290 5051,294 5172,298 5293,300 5413,302 5534,302 5654,302 5775,300 5896,294"
                         HEIGHT="142"
                         WIDTH="2444"
                         VPOS="194"
                         HPOS="3469">
                  <String ID="string_region_1638974500184_11531l1"
                          HEIGHT="142"
                          WIDTH="2444"
                          VPOS="194"
                          HPOS="3469"
                          CONTENT="a cett &amp; patt of N34 for Rott which pray godt send well"/>
               </TextLine>
               <TextLine ID="region_1638974500184_11531l2"
                         BASELINE="3488,358 3608,356 3728,354 3848,352 3968,352 4088,354 4208,356 4328,358 4448,362 4568,366 4688,371 4808,376 4928,380 5048,384 5168,390 5288,394 5408,398 5528,402 5648,405 5768,408 5888,408"
                         HEIGHT="213"
                         WIDTH="2432"
                         VPOS="259"
                         HPOS="3472">
                  <String ID="string_region_1638974500184_11531l2"
                          HEIGHT="213"
                          WIDTH="2432"
                          VPOS="259"
                          HPOS="3472"
                          CONTENT="over there is &amp; clothes, so provide at least 2 packes a 11o "/>
               </TextLine>
               <TextLine ID="region_1638974500184_11531l3"
                         BASELINE="3466,484 3587,474 3708,467 3829,460 3950,456 4071,456 4192,454 4313,456 4434,458 4555,462 4676,466 4797,472 4918,477 5039,482 5160,488 5281,494 5402,498 5523,502 5644,506 5765,508 5886,508"
                         HEIGHT="189"
                         WIDTH="2453"
                         VPOS="373"
                         HPOS="3450">
                  <String ID="string_region_1638974500184_11531l3"
                          HEIGHT="189"
                          WIDTH="2453"
                          VPOS="373"
                          HPOS="3450"
                          CONTENT="te das by myformars to be send for ostend, though eack"/>
               </TextLine>
               <TextLine ID="region_1638974500184_11531l4"
                         BASELINE="3480,612 3600,600 3721,589 3842,583 3962,578 4083,574 4204,574 4324,574 4445,576 4566,579 4687,582 4807,587 4928,592 5049,596 5169,600 5290,604 5411,608 5531,610 5652,612 5773,612 5894,610"
                         HEIGHT="181"
                         WIDTH="2446"
                         VPOS="504"
                         HPOS="3465">
                  <String ID="string_region_1638974500184_11531l4"
                          HEIGHT="181"
                          WIDTH="2446"
                          VPOS="504"
                          HPOS="3465"
                          CONTENT="should containe 12 a 24 p beside what is provided that "/>
               </TextLine>
               <TextLine ID="region_1638974500184_11531l5"
                         BASELINE="3462,726 3583,720 3705,714 3826,708 3948,704 4070,702 4191,700 4313,698 4434,698 4556,698 4678,700 4799,702 4921,704 5042,706 5164,710 5286,714 5407,718 5529,722 5650,726 5772,732 5894,736"
                         HEIGHT="201"
                         WIDTH="2464"
                         VPOS="600"
                         HPOS="3446">
                  <String ID="string_region_1638974500184_11531l5"
                          HEIGHT="201"
                          WIDTH="2464"
                          VPOS="600"
                          HPOS="3446"
                          CONTENT="is besires N32&amp; 34 ad 2 grayes to the inclosed patt one"/>
               </TextLine>
               <TextLine ID="region_1638974500184_11531l6"
                         BASELINE="3450,846 3569,840 3689,835 3809,830 3929,826 4049,824 4169,822 4289,822 4409,822 4529,822 4649,824 4768,826 4888,828 5008,830 5128,832 5248,836 5368,840 5488,842 5608,846 5728,850 5848,852"
                         HEIGHT="199"
                         WIDTH="2431"
                         VPOS="720"
                         HPOS="3433">
                  <String ID="string_region_1638974500184_11531l6"
                          HEIGHT="199"
                          WIDTH="2431"
                          VPOS="720"
                          HPOS="3433"
                          CONTENT="of 7ƒ &amp; one of 8ƒ which one super fin to N 3 of 13.6 a"/>
               </TextLine>
               <TextLine ID="region_1638974500184_11531l7"
                         BASELINE="3478,984 3592,973 3707,962 3821,955 3936,949 4050,946 4165,944 4279,944 4394,944 4508,946 4623,948 4737,950 4852,954 4966,957 5081,960 5195,963 5310,966 5424,966 5539,968 5653,966 5768,964"
                         HEIGHT="210"
                         WIDTH="2320"
                         VPOS="833"
                         HPOS="3463">
                  <String ID="string_region_1638974500184_11531l7"
                          HEIGHT="210"
                          WIDTH="2320"
                          VPOS="833"
                          HPOS="3463"
                          CONTENT="14 a 15 ƒt I recommend you the providoinge of these goods"/>
               </TextLine>
               <TextLine ID="region_1638974500184_11531l8"
                         BASELINE="3474,1094 3594,1082 3715,1074 3835,1068 3956,1064 4077,1062 4197,1060 4318,1062 4438,1064 4559,1066 4680,1070 4800,1074 4921,1078 5041,1082 5162,1085 5283,1088 5403,1092 5524,1092 5644,1092 5765,1092 5886,1088"
                         HEIGHT="167"
                         WIDTH="2444"
                         VPOS="989"
                         HPOS="3457">
                  <String ID="string_region_1638974500184_11531l8"
                          HEIGHT="167"
                          WIDTH="2444"
                          VPOS="989"
                          HPOS="3457"
                          CONTENT="amonghst these patt hre N3, 4 &amp; 5 the best for the brown"/>
               </TextLine>
               <TextLine ID="region_1638974500184_11531l9"
                         BASELINE="3468,1228 3588,1213 3708,1203 3828,1194 3949,1188 4069,1184 4189,1182 4310,1182 4430,1182 4550,1184 4671,1186 4791,1190 4911,1192 5031,1195 5152,1198 5272,1200 5392,1202 5513,1204 5633,1204 5753,1202 5874,1198"
                         HEIGHT="203"
                         WIDTH="2436"
                         VPOS="1065"
                         HPOS="3452">
                  <String ID="string_region_1638974500184_11531l9"
                          HEIGHT="203"
                          WIDTH="2436"
                          VPOS="1065"
                          HPOS="3452"
                          CONTENT="cullour, either of which is good in as uperfine of 19 a"/>
               </TextLine>
               <TextLine ID="region_1638974500184_11531l10"
                         BASELINE="3466,1328 3586,1319 3707,1312 3828,1306 3949,1302 4070,1299 4191,1298 4312,1296 4433,1296 4554,1297 4675,1298 4795,1300 4916,1302 5037,1306 5158,1308 5279,1311 5400,1314 5521,1316 5642,1320 5763,1322 5884,1322"
                         HEIGHT="201"
                         WIDTH="2449"
                         VPOS="1198"
                         HPOS="3451">
                  <String ID="string_region_1638974500184_11531l10"
                          HEIGHT="201"
                          WIDTH="2449"
                          VPOS="1198"
                          HPOS="3451"
                          CONTENT="W 13 yett might not be lighter then N5 in exspectation "/>
               </TextLine>
               <TextLine ID="region_1638974500184_11531l11"
                         BASELINE="3462,1442 3545,1435 3628,1428 3711,1422 3794,1418 3877,1414 3960,1411 4043,1408 4126,1406 4209,1405 4293,1404 4376,1404 4459,1404 4542,1406 4625,1406 4708,1408 4791,1409 4874,1410 4957,1412 5040,1414 5124,1416"
                         HEIGHT="206"
                         WIDTH="1693"
                         VPOS="1303"
                         HPOS="3446">
                  <String ID="string_region_1638974500184_11531l11"
                          HEIGHT="206"
                          WIDTH="1693"
                          VPOS="1303"
                          HPOS="3446"
                          CONTENT="of the performans of these ordres rest"/>
               </TextLine>
               <TextLine ID="region_1638974500184_11531l12"
                         BASELINE="5384,1504 5410,1501 5437,1499 5464,1500"
                         HEIGHT="206"
                         WIDTH="124"
                         VPOS="1362"
                         HPOS="5360">
                  <String ID="string_region_1638974500184_11531l12"
                          HEIGHT="206"
                          WIDTH="124"
                          VPOS="1362"
                          HPOS="5360"
                          CONTENT="31"/>
               </TextLine>
               <TextLine ID="region_1638974500184_11531l13"
                         BASELINE="3382,1626 3418,1628 3455,1628 3491,1629 3528,1628 3564,1627 3601,1626 3637,1624 3674,1622 3710,1620 3747,1617 3783,1614 3820,1612 3856,1609 3893,1608 3929,1606 3966,1604 4002,1604 4039,1602 4075,1602 4112,1604"
                         HEIGHT="211"
                         WIDTH="767"
                         VPOS="1469"
                         HPOS="3361">
                  <String ID="string_region_1638974500184_11531l13"
                          HEIGHT="211"
                          WIDTH="767"
                          VPOS="1469"
                          HPOS="3361"
                          CONTENT="Brussel Bousseau"/>
               </TextLine>
               <TextLine ID="region_1638974500184_11531l14"
                         BASELINE="3496,1748 3611,1741 3727,1735 3843,1730 3959,1725 4075,1722 4190,1718 4306,1716 4422,1714 4538,1712 4654,1710 4769,1710 4885,1710 5001,1712 5117,1714 5233,1716 5348,1718 5464,1722 5580,1726 5696,1730 5812,1736"
                         HEIGHT="204"
                         WIDTH="2345"
                         VPOS="1565"
                         HPOS="3481">
                  <String ID="string_region_1638974500184_11531l14"
                          HEIGHT="204"
                          WIDTH="2345"
                          VPOS="1565"
                          HPOS="3481"
                          CONTENT="'respere qui voir avez bien reccu a dera vre de 26"/>
               </TextLine>
               <TextLine ID="region_1638974500184_11531l15"
                         BASELINE="3470,1830 3584,1826 3699,1820 3814,1817 3928,1812 4043,1808 4158,1805 4272,1802 4387,1800 4502,1798 4617,1796 4731,1796 4846,1794 4961,1796 5075,1796 5190,1798 5305,1801 5419,1804 5534,1809 5649,1814 5764,1820"
                         HEIGHT="141"
                         WIDTH="2327"
                         VPOS="1711"
                         HPOS="3454">
                  <String ID="string_region_1638974500184_11531l15"
                          HEIGHT="141"
                          WIDTH="2327"
                          VPOS="1711"
                          HPOS="3454"
                          CONTENT="10 d portiant la lettoe de 20oo P. sir michel cortsis ulen"/>
               </TextLine>
               <TextLine ID="region_1638974500184_11531l16"
                         BASELINE="3464,1920 3582,1918 3700,1914 3818,1910 3936,1906 4055,1903 4173,1900 4291,1896 4409,1892 4527,1890 4646,1888 4764,1886 4882,1884 5000,1884 5118,1884 5237,1886 5355,1888 5473,1892 5591,1896 5709,1901 5828,1908"
                         HEIGHT="138"
                         WIDTH="2394"
                         VPOS="1838"
                         HPOS="3449">
                  <String ID="string_region_1638974500184_11531l16"
                          HEIGHT="138"
                          WIDTH="2394"
                          VPOS="1838"
                          HPOS="3449"
                          CONTENT="Acchpt a 3 jur de vre ayant depen rie de vous"/>
               </TextLine>
               <TextLine ID="region_1638974500184_11531l17"
                         BASELINE="3474,2020 3591,2016 3708,2012 3825,2008 3942,2004 4059,2001 4176,1998 4293,1994 4410,1990 4527,1988 4644,1986 4761,1984 4878,1982 4995,1982 5112,1980 5229,1982 5346,1982 5463,1984 5580,1986 5697,1990 5814,1994"
                         HEIGHT="155"
                         WIDTH="2374"
                         VPOS="1891"
                         HPOS="3457">
                  <String ID="string_region_1638974500184_11531l17"
                          HEIGHT="155"
                          WIDTH="2374"
                          VPOS="1891"
                          HPOS="3457"
                          CONTENT=" de vcc auieur dhuy in ett de venize de "/>
               </TextLine>
               <TextLine ID="region_1638974500184_11531l18"
                         BASELINE="3474,2112 3592,2108 3711,2104 3829,2101 3948,2098 4066,2094 4185,2092 4303,2090 4422,2087 4540,2086 4659,2084 4777,2082 4896,2081 5014,2080 5133,2080 5251,2080 5370,2080 5488,2080 5607,2082 5725,2082 5844,2084"
                         HEIGHT="164"
                         WIDTH="2400"
                         VPOS="1992"
                         HPOS="3458">
                  <String ID="string_region_1638974500184_11531l18"
                          HEIGHT="164"
                          WIDTH="2400"
                          VPOS="1992"
                          HPOS="3458"
                          CONTENT="mons peeli, en Matraitte d D 300 en proese faulte de "/>
               </TextLine>
               <TextLine ID="region_1638974500184_11531l19"
                         BASELINE="3482,2198 3600,2200 3718,2198 3837,2198 3955,2196 4074,2194 4192,2194 4310,2192 4429,2190 4547,2188 4666,2186 4784,2184 4902,2182 5021,2182 5139,2182 5258,2182 5376,2184 5494,2186 5613,2188 5731,2192 5850,2198"
                         HEIGHT="190"
                         WIDTH="2400"
                         VPOS="2079"
                         HPOS="3467">
                  <String ID="string_region_1638974500184_11531l19"
                          HEIGHT="190"
                          WIDTH="2400"
                          VPOS="2079"
                          HPOS="3467"
                          CONTENT="bre orden, op lette daeren, il esent poutant quil payeren"/>
               </TextLine>
               <TextLine ID="region_1638974500184_11531l20"
                         BASELINE="3496,2300 3615,2300 3734,2298 3854,2298 3973,2296 4093,2294 4212,2292 4331,2292 4451,2290 4570,2288 4690,2288 4809,2286 4928,2286 5048,2286 5167,2286 5287,2288 5406,2288 5525,2290 5645,2294 5764,2298 5884,2302"
                         HEIGHT="172"
                         WIDTH="2418"
                         VPOS="2200"
                         HPOS="3482">
                  <String ID="string_region_1638974500184_11531l20"
                          HEIGHT="172"
                          WIDTH="2418"
                          VPOS="2200"
                          HPOS="3482"
                          CONTENT="ay niet vre ordr raisen peud quoy il ss plaira m'en"/>
               </TextLine>
               <TextLine ID="region_1638974500184_11531l21"
                         BASELINE="3466,2390 3587,2390 3709,2390 3831,2390 3952,2390 4074,2390 4196,2390 4317,2390 4439,2392 4561,2392 4683,2394 4804,2396 4926,2397 5048,2398 5169,2400 5291,2404 5413,2406 5534,2409 5656,2412 5778,2416 5900,2420"
                         HEIGHT="169"
                         WIDTH="2465"
                         VPOS="2318"
                         HPOS="3451">
                  <String ID="string_region_1638974500184_11531l21"
                          HEIGHT="169"
                          WIDTH="2465"
                          VPOS="2318"
                          HPOS="3451"
                          CONTENT="eyer de main la co des lettre dav. ten de lizz falu"/>
               </TextLine>
               <TextLine ID="region_1638974500184_11531l22"
                         BASELINE="3482,2498 3602,2494 3722,2492 3842,2488 3962,2488 4082,2486 4202,2486 4322,2486 4442,2486 4562,2488 4682,2488 4802,2490 4922,2493 5042,2496 5162,2499 5282,2502 5402,2507 5522,2511 5642,2516 5762,2520 5882,2526"
                         HEIGHT="131"
                         WIDTH="2433"
                         VPOS="2407"
                         HPOS="3465">
                  <String ID="string_region_1638974500184_11531l22"
                          HEIGHT="131"
                          WIDTH="2433"
                          VPOS="2407"
                          HPOS="3465"
                          CONTENT="werins qui vous avez enad qun la lettre sutp "/>
               </TextLine>
               <TextLine ID="region_1638974500184_11531l23"
                         BASELINE="3454,2614 3573,2607 3692,2602 3812,2598 3931,2593 4051,2590 4170,2587 4289,2586 4409,2584 4528,2584 4648,2586 4767,2588 4886,2590 5006,2592 5125,2596 5245,2600 5364,2605 5483,2611 5603,2616 5722,2622 5842,2630"
                         HEIGHT="122"
                         WIDTH="2422"
                         VPOS="2535"
                         HPOS="3437">
                  <String ID="string_region_1638974500184_11531l23"
                          HEIGHT="122"
                          WIDTH="2422"
                          VPOS="2535"
                          HPOS="3437"
                          CONTENT="feute dhordee, que qtt pour laquisser la ditte vr lettle "/>
               </TextLine>
               <TextLine ID="region_1638974500184_11531l24"
                         BASELINE="3474,2702 3588,2699 3702,2696 3817,2694 3931,2692 4046,2692 4160,2690 4274,2688 4389,2688 4503,2688 4618,2688 4732,2688 4846,2688 4961,2690 5075,2692 5190,2694 5304,2696 5418,2700 5533,2703 5647,2708 5762,2712"
                         HEIGHT="143"
                         WIDTH="2317"
                         VPOS="2601"
                         HPOS="3460">
                  <String ID="string_region_1638974500184_11531l24"
                          HEIGHT="143"
                          WIDTH="2317"
                          VPOS="2601"
                          HPOS="3460"
                          CONTENT="servira soub non gondet, qu veur m'eurz ordon"/>
               </TextLine>
               <TextLine ID="region_1638974500184_11531l25"
                         BASELINE="3440,2768 3465,2765 3490,2763 3515,2760 3540,2759 3565,2758 3590,2758 3615,2757 3640,2756 3666,2756 3691,2756 3716,2756 3741,2754 3766,2754 3791,2752 3816,2752 3841,2750 3866,2746 3892,2744"
                         HEIGHT="97"
                         WIDTH="486"
                         VPOS="2696"
                         HPOS="3423">
                  <String ID="string_region_1638974500184_11531l25"
                          HEIGHT="97"
                          WIDTH="486"
                          VPOS="2696"
                          HPOS="3423"
                          CONTENT="gequre nlt"/>
               </TextLine>
               <TextLine ID="region_1638974500184_11531l26"
                         BASELINE="3436,2824 3556,2815 3676,2808 3796,2802 3916,2798 4037,2794 4157,2792 4277,2790 4397,2788 4517,2788 4638,2788 4758,2788 4878,2790 4998,2790 5118,2792 5239,2794 5359,2796 5479,2798 5599,2800 5719,2803 5840,2806"
                         HEIGHT="168"
                         WIDTH="2433"
                         VPOS="2697"
                         HPOS="3422">
                  <String ID="string_region_1638974500184_11531l26"
                          HEIGHT="168"
                          WIDTH="2433"
                          VPOS="2697"
                          HPOS="3422"
                          CONTENT="tiz en advoit, a cauise q su ieux de la bairse d'enners "/>
               </TextLine>
               <TextLine ID="region_1638974500184_11531l27"
                         BASELINE="3462,2900 3578,2900 3695,2900 3811,2898 3928,2898 4045,2896 4161,2894 4278,2892 4394,2890 4511,2888 4628,2888 4744,2886 4861,2886 4977,2886 5094,2888 5211,2888 5327,2892 5444,2895 5560,2899 5677,2905 5794,2912"
                         HEIGHT="137"
                         WIDTH="2363"
                         VPOS="2789"
                         HPOS="3447">
                  <String ID="string_region_1638974500184_11531l27"
                          HEIGHT="137"
                          WIDTH="2363"
                          VPOS="2789"
                          HPOS="3447"
                          CONTENT="u oy doit pas de lettrer pas auenn plaes acause de S"/>
               </TextLine>
               <TextLine ID="region_1638974500184_11531l28"
                         BASELINE="5310,2942 5336,2942 5362,2944 5388,2944 5414,2946 5441,2948 5467,2948 5493,2950 5519,2950 5545,2952 5572,2952 5598,2954 5624,2955 5650,2958 5676,2958 5703,2960 5729,2961 5755,2963 5781,2964 5808,2966"
                         HEIGHT="96"
                         WIDTH="533"
                         VPOS="2893"
                         HPOS="5293">
                  <String ID="string_region_1638974500184_11531l28"
                          HEIGHT="96"
                          WIDTH="533"
                          VPOS="2893"
                          HPOS="5293"
                          CONTENT="vour ordom"/>
               </TextLine>
               <TextLine ID="region_1638974500184_11531l29"
                         BASELINE="3452,3012 3572,3008 3692,3004 3813,3002 3933,2998 4054,2995 4174,2993 4294,2991 4415,2990 4535,2988 4656,2988 4776,2988 4896,2988 5017,2990 5137,2991 5258,2994 5378,2997 5498,3001 5619,3006 5739,3012 5860,3018"
                         HEIGHT="149"
                         WIDTH="2439"
                         VPOS="2887"
                         HPOS="3437">
                  <String ID="string_region_1638974500184_11531l29"
                          HEIGHT="149"
                          WIDTH="2439"
                          VPOS="2887"
                          HPOS="3437"
                          CONTENT="fermaliter due proumen, tellenert gen malettre in"/>
               </TextLine>
               <TextLine ID="region_1638974500184_11531l30"
                         BASELINE="3430,3130 3551,3120 3673,3114 3795,3106 3917,3100 4039,3095 4161,3090 4283,3086 4405,3084 4527,3081 4649,3080 4770,3080 4892,3080 5014,3080 5136,3082 5258,3084 5380,3087 5502,3091 5624,3096 5746,3102 5868,3108"
                         HEIGHT="160"
                         WIDTH="2470"
                         VPOS="3019"
                         HPOS="3414">
                  <String ID="string_region_1638974500184_11531l30"
                          HEIGHT="160"
                          WIDTH="2470"
                          VPOS="3019"
                          HPOS="3414"
                          CONTENT="ma lestre sut consideren e letr cropne, en "/>
               </TextLine>
               <TextLine ID="region_1638974500184_11531l31"
                         BASELINE="3460,3224 3581,3214 3702,3205 3824,3197 3945,3192 4067,3186 4188,3183 4309,3180 4431,3178 4552,3176 4674,3176 4795,3176 4916,3176 5038,3178 5159,3180 5281,3180 5402,3182 5523,3184 5645,3186 5766,3188 5888,3190"
                         HEIGHT="172"
                         WIDTH="2458"
                         VPOS="3080"
                         HPOS="3444">
                  <String ID="string_region_1638974500184_11531l31"
                          HEIGHT="172"
                          WIDTH="2458"
                          VPOS="3080"
                          HPOS="3444"
                          CONTENT="cettre lettre a 2 goyn et : miluderz fa m"/>
               </TextLine>
               <TextLine ID="region_1638974500184_11531l32"
                         BASELINE="3464,3312 3585,3310 3706,3306 3827,3301 3948,3298 4070,3294 4191,3290 4312,3286 4433,3284 4554,3282 4676,3280 4797,3278 4918,3276 5039,3276 5160,3274 5282,3276 5403,3276 5524,3278 5645,3281 5766,3284 5888,3288"
                         HEIGHT="133"
                         WIDTH="2455"
                         VPOS="3195"
                         HPOS="3448">
                  <String ID="string_region_1638974500184_11531l32"
                          HEIGHT="133"
                          WIDTH="2455"
                          VPOS="3195"
                          HPOS="3448"
                          CONTENT="et vendue a 1ous s a q ie l'ay negsi"/>
               </TextLine>
               <TextLine ID="region_1638974500184_11531l33"
                         BASELINE="3456,3392 3574,3392 3693,3390 3812,3390 3931,3388 4050,3386 4169,3384 4288,3382 4407,3382 4526,3380 4645,3378 4763,3376 4882,3376 5001,3374 5120,3374 5239,3372 5358,3372 5477,3372 5596,3372 5715,3372 5834,3374"
                         HEIGHT="177"
                         WIDTH="2409"
                         VPOS="3274"
                         HPOS="3442">
                  <String ID="string_region_1638974500184_11531l33"
                          HEIGHT="177"
                          WIDTH="2409"
                          VPOS="3274"
                          HPOS="3442"
                          CONTENT="pour ecite ie das ervie amesen l dse a"/>
               </TextLine>
               <TextLine ID="region_1638974500184_11531l34"
                         BASELINE="3468,3478 3589,3476 3710,3474 3831,3474 3952,3472 4074,3470 4195,3470 4316,3470 4437,3468 4558,3468 4680,3468 4801,3468 4922,3468 5043,3468 5164,3468 5286,3470 5407,3470 5528,3470 5649,3472 5770,3472 5892,3474"
                         HEIGHT="101"
                         WIDTH="2455"
                         VPOS="3424"
                         HPOS="3453">
                  <String ID="string_region_1638974500184_11531l34"
                          HEIGHT="101"
                          WIDTH="2455"
                          VPOS="3424"
                          HPOS="3453"
                          CONTENT="naindue  le s payera pas se  de "/>
               </TextLine>
               <TextLine ID="region_1638974500184_11531l35"
                         BASELINE="3450,3562 3571,3559 3692,3558 3813,3556 3934,3554 4056,3554 4177,3554 4298,3554 4419,3554 4540,3556 4662,3556 4783,3558 4904,3560 5025,3562 5146,3564 5268,3567 5389,3570 5510,3572 5631,3576 5752,3578 5874,3582"
                         HEIGHT="151"
                         WIDTH="2456"
                         VPOS="3464"
                         HPOS="3435">
                  <String ID="string_region_1638974500184_11531l35"
                          HEIGHT="151"
                          WIDTH="2456"
                          VPOS="3464"
                          HPOS="3435"
                          CONTENT="tst en endient cattendv ordre de main "/>
               </TextLine>
               <TextLine ID="region_1638974500184_11531l36"
                         BASELINE="3456,3664 3526,3660 3597,3657 3667,3654 3738,3650 3809,3649 3879,3648 3950,3646 4020,3646 4091,3646 4162,3646 4232,3646 4303,3648 4373,3648 4444,3648 4515,3650 4585,3650 4656,3650 4726,3650 4797,3650 4868,3650"
                         HEIGHT="175"
                         WIDTH="1443"
                         VPOS="3557"
                         HPOS="3441">
                  <String ID="string_region_1638974500184_11531l36"
                          HEIGHT="175"
                          WIDTH="1443"
                          VPOS="3557"
                          HPOS="3441"
                          CONTENT="m fanlpus quil i sur"/>
               </TextLine>
               <TextLine ID="region_1638974500184_11531l37"
                         BASELINE="3474,3786 3592,3782 3711,3778 3830,3774 3949,3772 4068,3770 4186,3768 4305,3766 4424,3764 4543,3764 4662,3764 4780,3764 4899,3764 5018,3764 5137,3764 5256,3766 5374,3768 5493,3769 5612,3770 5731,3773 5850,3776"
                         HEIGHT="161"
                         WIDTH="2406"
                         VPOS="3643"
                         HPOS="3459">
                  <String ID="string_region_1638974500184_11531l37"
                          HEIGHT="161"
                          WIDTH="2406"
                          VPOS="3643"
                          HPOS="3459"
                          CONTENT="reeye la lettse de  ul de  y rende"/>
               </TextLine>
               <TextLine ID="region_1638974500184_11531l38"
                         BASELINE="5520,3888 5552,3886 5585,3885 5618,3878"
                         HEIGHT="166"
                         WIDTH="140"
                         VPOS="3774"
                         HPOS="5497">
                  <String ID="string_region_1638974500184_11531l38"
                          HEIGHT="166"
                          WIDTH="140"
                          VPOS="3774"
                          HPOS="5497"
                          CONTENT="31"/>
               </TextLine>
               <TextLine ID="region_1638974500184_11531l39"
                         BASELINE="3388,3934 3417,3932 3447,3932 3476,3932 3506,3932 3535,3932 3565,3932 3594,3930 3624,3930 3653,3930 3683,3929 3712,3928 3742,3927 3771,3926 3801,3925 3830,3923 3860,3921 3889,3920 3919,3918 3948,3915 3978,3912"
                         HEIGHT="207"
                         WIDTH="625"
                         VPOS="3796"
                         HPOS="3369">
                  <String ID="string_region_1638974500184_11531l39"
                          HEIGHT="207"
                          WIDTH="625"
                          VPOS="3796"
                          HPOS="3369"
                          CONTENT="Brussel sndt"/>
               </TextLine>
               <TextLine ID="region_1638974500184_11531l40"
                         BASELINE="3438,4042 3559,4038 3680,4036 3801,4034 3922,4032 4043,4032 4164,4030 4285,4030 4406,4030 4527,4030 4648,4030 4769,4032 4890,4032 5011,4032 5132,4034 5253,4034 5374,4036 5495,4036 5616,4036 5737,4038 5858,4038"
                         HEIGHT="155"
                         WIDTH="2448"
                         VPOS="3937"
                         HPOS="3424">
                  <String ID="string_region_1638974500184_11531l40"
                          HEIGHT="155"
                          WIDTH="2448"
                          VPOS="3937"
                          HPOS="3424"
                          CONTENT="eb geen ul sal gelijk u lraght oock geen geleperde "/>
               </TextLine>
               <TextLine ID="region_1638974500184_11531l41"
                         BASELINE="3442,4140 3560,4138 3679,4136 3798,4134 3917,4132 4036,4130 4154,4128 4273,4126 4392,4124 4511,4124 4630,4123 4748,4122 4867,4122 4986,4124 5105,4126 5224,4128 5342,4132 5461,4136 5580,4140 5699,4147 5818,4154"
                         HEIGHT="182"
                         WIDTH="2406"
                         VPOS="4039"
                         HPOS="3427">
                  <String ID="string_region_1638974500184_11531l41"
                          HEIGHT="182"
                          WIDTH="2406"
                          VPOS="4039"
                          HPOS="3427"
                          CONTENT="fleuvels gelijk ue geheel hebt 2 aer wel nist"/>
               </TextLine>
               <TextLine ID="region_1638974500184_11531l42"
                         BASELINE="3434,4236 3533,4238 3633,4238 3733,4238 3832,4236 3932,4234 4032,4232 4131,4230 4231,4228 4331,4225 4431,4222 4530,4220 4630,4218 4730,4215 4829,4213 4929,4212 5029,4210 5128,4210 5228,4210 5328,4212 5428,4214"
                         HEIGHT="144"
                         WIDTH="2025"
                         VPOS="4116"
                         HPOS="3419">
                  <String ID="string_region_1638974500184_11531l42"
                          HEIGHT="144"
                          WIDTH="2025"
                          VPOS="4116"
                          HPOS="3419"
                          CONTENT="van 19½ a 20 a 21 st- soo ul deroe"/>
               </TextLine>
               <TextLine ID="region_1638974500184_11531l43"
                         BASELINE="5104,4314 5132,4321 5161,4321 5189,4319 5218,4320"
                         HEIGHT="139"
                         WIDTH="146"
                         VPOS="4213"
                         HPOS="5088">
                  <String ID="string_region_1638974500184_11531l43"
                          HEIGHT="139"
                          WIDTH="146"
                          VPOS="4213"
                          HPOS="5088"
                          CONTENT="ert"/>
               </TextLine>
               <TextLine ID="region_1638974500184_11531l44"
                         BASELINE="3454,4330 3529,4326 3604,4325 3679,4324 3754,4322 3829,4322 3904,4322 3979,4324 4054,4324 4129,4326 4204,4326 4279,4328 4354,4328 4429,4330 4504,4330 4579,4330 4654,4330 4729,4328 4804,4327 4879,4325 4954,4322"
                         HEIGHT="137"
                         WIDTH="1531"
                         VPOS="4226"
                         HPOS="3439">
                  <String ID="string_region_1638974500184_11531l44"
                          HEIGHT="137"
                          WIDTH="1531"
                          VPOS="4226"
                          HPOS="3439"
                          CONTENT="gelieft laet ntomet sal cerss"/>
               </TextLine>
               <TextLine ID="region_1638974500184_11531l45"
                         BASELINE="5328,4326 5354,4328 5381,4329 5407,4330 5434,4332 5461,4332 5487,4333 5514,4334 5540,4334 5567,4334 5594,4334 5620,4336 5647,4334 5673,4334 5700,4334 5727,4334 5753,4334 5780,4332 5806,4332 5833,4330 5860,4328"
                         HEIGHT="188"
                         WIDTH="562"
                         VPOS="4206"
                         HPOS="5313">
                  <String ID="string_region_1638974500184_11531l45"
                          HEIGHT="188"
                          WIDTH="562"
                          VPOS="4206"
                          HPOS="5313"
                          CONTENT="sal niustewel"/>
               </TextLine>
               <TextLine ID="region_1638974500184_11531l46"
                         BASELINE="4816,4374 4841,4374 4866,4374 4891,4374 4916,4374 4941,4376 4966,4377 4991,4378 5016,4379 5042,4380 5067,4380 5092,4380 5117,4380 5142,4380 5167,4379 5192,4377 5217,4374 5242,4370 5268,4366"
                         HEIGHT="76"
                         WIDTH="482"
                         VPOS="4312"
                         HPOS="4801">
                  <String ID="string_region_1638974500184_11531l46"
                          HEIGHT="76"
                          WIDTH="482"
                          VPOS="4312"
                          HPOS="4801"
                          CONTENT="en ue dreis"/>
               </TextLine>
            </TextBlock>
         </PrintSpace>
      </Page>
   </Layout>
</alto>
