7604 4534
2532 194 483 111 21 gber 1692

610 192 1000 175 Turnhout  Robert

762 222 2311 208 Ick hebbe ue brief van 19 deser ontf met 2 packen tjcken voor ick

760 325 2355 170 van de weduwe borrekens, dogh ick hebbte nu geehoyt die naer tesien als

789 425 2318 139 mede de voordesen gesonden, om dat ick voor mijne reken, omdat ick die

778 492 2352 168 niet can wegh helpen sonder dat het sortement volis, daerentussen

789 566 2313 148 heb ick int geheel maer meer van doen tals hier onder waer van

778 646 2286 176 ue mij sondagh tam minsten 3 a 4 stucken & grootloot moet

782 680 2342 218 seynden, dan sal ick een pack voort helpen, de rest sal ick sonder

780 819 2333 186 faute de naes te vrijdagh verwaghte, begevronde ab solut geen ander als

784 942 383 150 hier onder

1331 916 430 161 10 ¼1

1364 987 445 174 e hible

1342 1091 563 174 10 ¾. groot loot

1346 1199 589 152 16 1at: groot loot

560 1305 1046 239 Turnhout Jan vande Lienne

777 1350 2307 231 Ick heb de brief van Peeter van eijnden met de tycken ontf ue moet

762 1508 2312 187 mij sondagh seynden 3 ofte 4 ¼ groet cost dat cost ick moet die sondagh

766 1625 2352 134 hebben, ende de rest de naeste sonderdagh, want het gene ick als dan niet

780 1683 2364 166 en hebbe can mij daer naer niet dienen, daerom moet ue sigh naer advenan

1351 1785 503 128 6 2:2segels

781 1808 357 152 reguleren

1362 1869 466 159 51e:2 begels

1118 1940 851 189 4 - 68: groot loot

1126 2027 829 173 16 10  groot loot

2741 2139 308 159 24 sber

577 2120 1212 250 Amst geert & valer Rover

758 2249 2327 183 den ue van 21 deser ontf. ende van ter gonda dries dat mijne packen beijndelijck

763 2374 2314 177 20 d van daer waeren vertrocken, ick hebbe op 21 d op ue getrocken ƒ 417„-

759 2481 2320 146 courant hollants gelt op sight te betalen aen d'ordre van wonter segers, t'welk

748 2569 2295 188 gelieft te verceren sal heden soo op de beurs te recht can geraecken, ue iedts

692 2640 2387 200 meerder remitteren, om dat ick voor een man te leyden oock iedts hebbe & betalen

754 2777 2354 151 de rekeninge van oncosten over mijne voors 3 packen hebbe naergesien, ende wel

751 2858 2320 159 bevonden behoudelijck dat voor d'expeditie ƒ 4 p stuck belast is, ende ue

761 2974 2288 145 voor desen noyt meer als 13 heeft gevraeght soo dat ick ue in plaetse van

742 3085 2387 143 ƒ136„1 voor ƒ133„s hebbe gecrediteert, t'welck dencke ue alsoo sal accordere

715 3181 2336 147 ick ben seer sensibel over het verlies, ende ongeval aende vloot hjt de sont

745 3315 2282 112 overgecommen des te meer omdat ue aen die schaede mededeel sheeft, de

746 3426 2351 93 negitie wort wonderlijck verdruckt, & een ider can niet wel sigh vergenoegn

754 3496 2331 135 dat de 2 groots te maghten van curopa ten see, als is engelant & hollant,

735 3579 2335 137 sulckx niet voorsoneen, des te meer, om dat men oordeel ende oock scheres

699 3685 2413 119 dat sij met een clyne maght alle die capers conden beletten, daerentussh

736 3775 2387 103 moeten de parbiculiere hun in desi wille des heeren retigneren, verliesen

750 3886 2345 145 duldigh draegen, & op een beter hopen onse assupadores, hebben, soo

739 3984 2378 152 wel als differente looplieden, dit iaer vrij wat geleden, godte wil het

743 4082 2378 140 convoij van 6stende naer eadiz vertrockn cen, behoudt reyse verleenen

755 4188 2335 149 ofte anders, soude het veele dom oinsien, myn vrindt mons cause

3354 166 2472 115 is noch niet thuys geretourneert vreese mij ergens sieckelijck is gewijste

3353 269 2403 113 hebbe hem, behalven den credit brief op ue een geaccepteerde brief

3341 311 2468 147 medegeven van £900 ƒ a 34 „ 6 et Aen laster Jan Jordanmarns

3317 395 2146 145 wete niet wat dencken dat ick van hem niet verneme ue salve

4325 417 1350 120 voor den ingesloten ten laste Jan d'orville gelieft del

5598 421 240 136 n

3720 512 1538 84 doe besorgen ende bhrugge seynden den bijgaenden brief aen ue

3371 529 2428 182 1 ranam de B accnseey discrete gedupe van myne  9 gber 1692

3451 524 187 123 m

3270 589 2510 207 op 17 deser was aen ue mijnen laesten, behelsen de cognotsenment van een

3361 666 2489 241 pack N. 105 van hul naer costij aen boort william, cost hulst hope den selven

3327 781 2416 209 vror nn behouden gearriveert is van londen naer costij verwaghtep schipper

3331 881 2504 237 Richard Homlatson een pack & N23 volgens medegaende cognossehent tselve

3340 966 2492 200 te verclaeren voor 9½ witte baeyen van 5, weirt ƒ 350:- ber arrivement

3352 1060 2498 201 van d'een oft d'ander gelieft de selve op spoedighste t'expedieren, ende mij hunder

3336 1186 2509 180 arrivement te laeten weten, gevende voortganck aen d'ingeslotene sal ue verobli=

3358 1319 506 177 geven die blijve

5393 1317 295 187 29 d.

3184 1410 952 232 Londen Aickens & Crnger

3334 1473 2445 269 bij ue aengenaemen van 4 deser, bevnde 10 stucks pack lakens E geelmark

3362 1602 2459 232 £95 8„- voor mijne naerdere ordre staen laet seghter hope d'occasie van een

3348 1711 2499 187 convoij naer ostende niet sult versuymt hebben, is bijaldien doodeenigh is voorgevallen

3355 1800 2485 200 voos dat ue desen brief ver handt come, om dat den mijnen van 3 deser, sulckx genoeg

3346 1889 2397 200 saem hadde geordonneert, eghter confirmere, dat ue op ontfanck gelieft de

3351 1949 2448 213 voors t lakens te laeten packen, soo niet alreede gepackt sijn daer bij doende

3350 2055 2460 220 totf terderlure oft andersins 2 witte ½ cottons van 22 penningende goad ende

3349 2193 2506 154 2 stucks wit fijn flanel gehepert eene geirde breet, van ontrent van 20 a 22

3342 2263 2504 206 penninge de geirde voor een preuve, dogh de 10 lakens gepackt synde voor ontfanck

3368 2355 2481 224 deser order meer de selve texpedieren, ende aftelaeden naer ostonde, soo ne esteen

3352 2450 2484 245 convoij gereet is ofte arriveert om onse schepen afoehaelen martin John son

3373 2550 2466 241 heeft mij vraght doen versoecken, gelieft het aen sjn boort te laeden, dogh niet

3355 2615 2522 276 voor dotter convoij is, & sot hiy als dan vollaeden is can het ue net een ander

3366 2755 2454 254 aflaeden naer genaeden, conditionerende in het cognessement if opened to pay

3368 2885 2473 202 no fraiglet, wat passeert verwaghte te verstaen, rekeninge, & ue trato voor

3366 3024 582 164 remborurs blijve

5411 3052 337 174 24 d.

3207 3096 1274 200 Gentt Aenraerd de moermaester

3341 3174 2520 245 bij den ue van 19 deser hebbe gesien dat den schipper voorde 2 laeste packen ƒ 4:13

3361 3314 2489 190 vraght heeft gevroeght, dat sehers wel onredelijck is sal den selven hier comende

3361 3450 2501 169 voldoen, & van mons cause dat atvraegen, ick wete niet wat dencken, waer mons

3366 3534 2501 170 causse blijft, hij is i' over de maent vertrocken, ick hebbe hem een wisselbrief

3361 3626 2501 145 brieven modegegeven op anss & mijn vont heeft tot nogh toe van hem

3364 3710 2494 199 niet vernomen ick hhebbe sulck naer cortrijck geschreven, & becomme oock

3356 3797 2469 232 geen antwoort, ick wel hopen hywelis, ende over costij naer huys gekeert

3326 3890 2515 226 sonder hier aen te commen, daermtuschen vervalt over morgen ue brief

3377 4008 2460 183 van £292 wisselglde, waer toe te provisie te gemoet sien, alsoo ick de

3356 4128 2501 144 weirde al over eenige tijt hebbe geaccepteert: 25 deser te betalen, iedts tot

3356 4242 2346 117 ue dinst hier voorvallende gelieft te commanderen blijve
