7926 4548
2703 213 405 155 29 mey

728 216 1117 171 gent de Sadelaer

870 272 2353 215 volgens den ue van 27 deser wort het sacken cret

914 387 2232 204 heden bij den factur bestelt & sae morgen

884 498 2331 168 vroigh met de wagens vertrecken door mijn oblentie

870 598 2260 182 is het meteerder comen gesonden worde

847 706 1488 188 agavems naer groetenisse

1408 878 668 202 a ¾ 2 segels

1410 992 590 179 5 2 segels

1384 1103 684 221 3 ¾ grootlost

1377 1238 701 220 2 tel grootloot

1353 1352 715 211 10 g 3 segisi

1484 1499 565 166 t 3 beges

2858 1563 277 175 a9 my

747 1549 1501 297 AMst. geert & vale Rover

910 1693 2295 243 Ick hebbe ue gisteren geadviseert als dat ick £213:10

868 1805 2269 173 court op 8 dagen dato hadde getrocken te betalen aen donem

886 1903 2301 237 van pedro bout & ƒ795: aop 8 dagen sight ans d'ordre

907 2024 2186 196 van Joseph broeta t welck bij desen confirmere & p occasie

910 2134 2128 157 van de spaense brieven den ue van gisteren beantwoorde

910 2196 2285 192 hebbende op 14 deser ue den inhoudt van het packpgelaken

890 2292 2241 213 geadviseert te weten MN1 inhoudende 40 stucken

908 2383 2192 208 dogh die mogen gresehent worden ieder op a 38 a 39 &

914 2487 2282 185 g6:- soo dat ue de reductie vervolgens can maecke

894 2590 2297 198 & de weirde naer t'rxacct van te lyste regeileren, de wesse

901 2670 2285 219 op londen was a 33:8 en in t begn vande beurs daer naer

916 2768 2260 166 tot 33:7 en gecomen, ick hope volgens mijnen van gistere

895 2860 2280 179 derwaerts niets sult hebben afgegeven, op dat de laeste remise

912 2955 2221 183 oock tot courant gelt verwisselt synde ick daer van

895 3042 2236 202 salver disponere terwijlen ue voor £341: 13: 4 en „78

918 3165 2210 229 in court gelt is gedebiteert & ick neer groetenisse blijv

2808 3298 307 160 3onnay

699 3338 758 196 Brussel Jan Jonaert

914 3395 2244 219 Ick hebbe heden gesonden mjn bewjs aen mons rousseau om van ick

872 3506 2326 197 te ontfangen ƒ 140:, voor de 3 witte kersejen aen ue op 6 apriil loets

2782 3596 204 80 wesen

902 3640 2188 195 vercoght biddende hem dat gelieft te betaelen & saldesen in

911 3721 2222 171 voldoeninge van alles wenschende ue eeigen anderen dinstte

907 3861 721 122 connen doen blij

2866 3805 278 209 30 d.

736 3879 1070 251 brussel henrij Rijssels

921 3926 2193 221 alhoewel het ue met heeft gelieft over 2 mainden

892 4056 2237 176 mijn versoeck ve voldoen soo hope ick dat ue het ne

873 4148 2362 156 niet sult refuseren, oversulckx versoecke ick dat ue gelieft

889 4248 2248 154 ac Monsr. rousseau £30 te betalen, biddende tselve

3346 148 2446 176 ien te vergeren peie ennck in neer aelee devoen hebbe als e

3339 241 2361 161 door dien de wisselop engelant soo goeden coop is, sal ml

3336 317 2284 201 andere occasie t'selve vergoeden blyvende mar groetenisse

3260 419 1039 215 Brussel seger vanderborght

5462 466 324 140 30 mej

3367 481 2389 209 Ick verhope ue goede thuys compte, ingeslotende factue van t' gene

3317 601 2386 174 aen ue hebbe vercoght &t welck vervolgens gelieft aen te teeckenen

3353 723 2451 139 hebbende heden op ue getrocken aen mons Anthony rousseau

3361 778 2441 222 te betalen ƒ600 court gelt, t' welck gelieft te vereeren terwijl

3348 881 966 169 naer groetenisse beg

5393 975 259 206 3ad

3263 1001 861 241 Brussel Shrist Segers

3358 1114 2453 203 verhope ue goede th uyscompste het laken heb ick in t pack van

3345 1217 1926 186 Mons vanderborght gedaen & ue toegesonden synde

3532 1336 2235 183 N £44- -41 .. a 54½ 0 46 cour ƒ 125:7

3336 1433 2435 174 & volgens wij mondelingh hebben gesproken, vanen mons

3335 1534 2500 200 rousseau mons myn bewjes van ue gelonden van ƒ 300 conp get

3333 1633 2414 185 twelck versoecke gelieft tevereeren die voorder connende

3313 1708 2192 182 dienn comnandeert liberlijck die naer groetenisse blijv

3259 1819 948 235 Brussel waater van elsen

5420 1856 337 186 3 oey

4135 1945 231 99 laestled

3340 1980 1731 186 de partye op 18 octob aen ue vercoght bedraeght

5227 1970 588 213 ƒ 691:10: wise

3338 2083 1708 166 daer op heb ick getrock abe bruary laest £40 ƒ 240

5084 2105 634 206 „ 480:-

4624 2162 459 181 40:„ 240

3340 2190 681 192 1 april ahnoch

5208 2214 536 198 ƒ 211:10:-

3342 2286 1166 174 soo resteert in wisselgelde te betalen

3339 2360 2460 207 voorwelcke reste heden een bewijs heb gesonden aen mons rousseau, biddende

3329 2484 2432 149 t'selve gelieft te voldaen syne quittantie sal toe wel als de myn

3350 2591 2417 136 vanderen in volle voldoeninge, ick wenschte deere hadde van ue meerder

3363 2675 2424 150 met te conmen doen versoeckende als ue overcomt mij decregeven

3342 2794 2429 117 van naer te comen sal ue soo weld eenen als iemandtin antwerp

3364 2861 2148 173 ten present seeu wel voorsien van grove goederen bljv

3268 2956 758 180 Brussel Jan Jacobs

5378 2965 377 161 30 mey

3369 3006 2429 230 on dat de wissel op londen soo favorabel is & begint te monteren

3356 3163 2432 169 soo doenick al wat ick can om gelt by een te crijgen om dese advantagie

3358 3260 2395 130 te genieten & mijn gelt naer londen te seynden, ick wete wel dat

3354 3389 2439 152 ul seer largo van cas ick & daerom derve ick de vryscheyt gebruycken

3353 3465 2344 167 op ue tetrecken ƒ101:9:10 wisselgelt ƒ 659:14 hooghgelt

3351 3564 2436 150 voor soo veel de partije p april an ue vercoght imporveert, bidden

3347 3680 2402 156 my te favoriseren met verceringe van mijn trato aen monst anth

3342 3737 2458 196 rousseau want daer mede ue mij merckeljckendinst candoen daer

3342 3861 2405 201 entussen soo iedts voorvalt, waerinne ick ue candienen ue comande

3340 3959 2383 227 sullen mij seer aengenaem welen blyende naer greete
