7453 4500
669 158 2335 223 put 4 packs aboard of him for  £ 340 volleaw, which I

625 295 2353 182 frilley disa prouve & this is my order to reship N15 or 16 & 17 in

668 369 2443 154 some other vessel, or you meere mayne run the risico your self, lode

671 442 2430 185 there is nomen costinne att bridges, that they un loade, butt one dossel

665 557 2377 212 att a bene sure there is vessels enough in london bound for ostend &

670 645 2398 231 more then I exsped packes, though every one should have butt one

669 750 2359 229 pack further ship no spanish cloathes, butt when, the convoy is to

674 859 2380 205 depare, & if anney for amste or. Rotterdam sailes before that of

680 993 2447 181 ostend to lett mee have them that way, where in pray bee punctuade

680 1090 2395 221 inclosed £200 on nicolaes tourton procure the needfull & please

696 1189 2340 157 to my accompt, I take notice that the hoses are not come in time

692 1281 2358 213 sor to bee packed in the cottons so lett them come in the frises, advise

692 1374 2100 201 also what passes about the bills of my cormelias I rest

2766 1546 325 139 25 gber

457 1513 1291 289 Londen J John & frand Eyles

720 1615 2401 236 Ifinde my self honored with yours of 6 curt, there by a prece curd

686 1740 2436 188 as to the wollen mano factorie tradd, I am fulley suppleyed, both from

695 1832 2373 183 London & the north for my owne accompt, butt all others goods I

696 1959 2368 181 deale in commission ardat selh I had a parsell of ardass silk of

682 2034 2361 223 last yeare, bought att 10p. 6 et with which have rendered a vere

2035 2128 190 75 dayley

689 2142 2350 222 good accompt, butt now is so much dansey imported by land from

707 2237 2411 203 stalie, that itt is much fallen here & no good to bee done

698 2346 2354 206 except, itt was to bee had in london, for about 10 p againghere is

695 2409 2309 208 a fast demand for sugars which all come from England, the

683 2503 2315 224 on purged barbados & mevish is the most vendable, because of our

974 2648 538 95 itt isbeleaved that

693 2625 2345 228 rofincos of with the arrivall of the fleet they will falle, to

715 2736 2378 192 about 25 t free aboard, they welletoon bo goed acompt bust att

701 2835 2306 201 vre preise prentione de in the price cntrant s na excoura gemente

696 2953 2314 181 so if so that com will render a good accompt, if you please to

713 3019 2122 238 send mee a parsell by the binlanders that come directeley

710 3071 2284 307 question not, butt shall you given encouragement for a futur

711 3208 2261 241 correspondencie, tyle is to deare tijn in blocks is vore kheap &

708 3326 2315 196 well vendable here, butt to buy that his reqired a particular

695 3419 2312 252 shill if I can serve you in commission in anney thinklett noee

707 3492 2289 260 haye the honour of your commandes, & you will finde mee

2898 3613 63 70 27

2834 3603 90 171 d

478 3690 927 241 Londen Joseph Sabberton

664 3734 2456 240 mg last to you was 25 ultims, sence non from you, neither anney answer

722 3866 2385 177 of mr. vanden biestheuvel of brussel, sor that I doe not know, what

729 3921 2405 226 there in to doe, without your further advise, my trade beinge so much

701 4020 2407 219 abated att brussel that I have no occasion to come there, butt of you

703 4107 2382 198 please, I can imploye on. rousseau to performe your order, in the

3344 160 2476 125 meane while pray, make an and with in vivian, if you will, you can doe

3332 237 2416 111 ett & I shall stand to your word, I would not bee urgene there in, butt

3333 330 2470 151 me moens telles mee, that his correspondent writer, that m. Vivian will

4604 378 105 79 6 rots

3330 402 2498 193 given him satisfaction about his hace, as soone, as our difference is debermined

3336 475 2505 170 as long as   was in the trade never was so oureasonable thingh pro

4586 561 352 67 In msens

3320 572 2429 175 posed, for what have I to doe with an othermans, bussiness or m Moons

3336 645 2490 173 with mine, yett I love feare dealinges, & hee that doth other wise doth not

3330 736 2498 177 well so pray make an end there of for you can do itt whilst I remaine

3345 857 2434 189 in exspectacion of your answer, & am as hamed to apeare before me

3332 931 2429 213 moens t'is as if I was a complotting with m. Vivian to keep

3346 985 2438 204 him from hi night, & dece hee speakes there of to every one, &

3324 1086 2245 258 god knowes m Vivranis really en in conscience my deboot

5482 1200 338 205 39 glr

3199 1227 1226 251 Rott Abraham de Bra

3299 1361 2493 217 In antwoort aenden ul van 23 deser d' oncost rekeninge van 27 july laest

3248 1471 2565 228 bedraeght ƒ 495 daer op hebbe ue ƒ 206 geremitteert diis maer daer van

3330 1566 2329 181 pr rest schuldich blyve ƒ 289 & niet ƒ 298:3 comst ue ƒ 289

5253 1650 488 139 „ 164:8:4

3327 1676 1109 175 die ue mj nu seynt bedraeght

5285 1756 474 158 ƒ 453:4

3329 1818 1551 200 mijn trato heden aen thomas augustin te betalen

5287 1874 435 102 „ 38:-

5290 1958 495 166 ƒ 491:4

3343 2014 1864 196 ingesloten ƒ 495 ten laste alexander Cole & comp in

3329 2064 2494 259 Amst ƒ 495 soo compt mij, ƒ 3:16 hebbe geent go gehadt d'oncostick

3345 2214 2373 185 wijders t' examineren, het geye p occasie doen sal d'engesloten gelieft

3336 2299 2498 196 voort ganck begeven & dienaen thomas augus tin ter handt doen stelle

3341 2445 1369 178 hem betalende de ƒ 38 bovens blijve

5509 2474 281 168 29gbr

3318 2537 1014 213 Rott Thomas Angusbyn

3167 2562 142 218 B

3346 2650 2439 197 de ue van 2 & 9 deser op syn tyde ontfangen, & oock het pack N.63 voor

3329 2745 2456 201 welkers oncosten ingesloten mijn bewijs tot laste abraham de bre, welck

3337 2848 2497 206 gelieft in te voonderen & mij bij ue op onue boeck ontlasten terwijlen blijve

3182 2943 1164 259 Leyden Hendrick Aenmanlen

3334 2978 2458 267 In antwoort aenden ue van 26 deser laet de 2 lakens tot swert & thar marge

3285 3102 2544 206 aef bereyt woort, maer het derde dat soo cort van leyste is laet den volder

3338 3213 2507 197 dat wederom seynden aen wouter segers, want aen syne lakens maeh voor mij

3342 3342 2485 180 niet manqueren, t'sij aende leysto, ofte denckt, oock soo sy niet bequaem

3323 3411 2515 179 sijn tot karmoseyn wil ick die niet gelonden hebben daeromme duceckt

3318 3575 2486 100 daer goede sorge voort dat sij niet alleen wel syn sijver & bognaem maer

3336 3610 2463 175 oock wel beneyt ende Parmosijnen bij govaert velthuysen geverft die

3336 3722 2458 161 ue cleederen, sal ick dese weke aen laureijs ka seynden, tot wel op

3334 3833 1989 181 mijne dingen ick sal ue meer laken te breyden geven
