7912 4548
987 220 2220 105 que ie me move pas il ne songent de me satisfaire, vous

980 299 2202 110 avez encor mon assigne de 30 jun dernier  andre de

984 370 2115 124 buston, d'an le plus long qu'il soit dilaye cette payement

975 406 2266 201 d'autant plus long me faudra t'il attendre pour nre autres

976 511 2231 209 ie vous prie de luy solliciter la satisfaction, disant que ie vous

972 619 2271 173 presse fort, et que ie m'imagine comme si le payement ne soit pas

948 703 2311 208 fait p vre silence, vous priant de faire rendre lincluser, ie souhait

971 813 2219 181 devoir le iour que ie pourrois tesmoigner lobligation que iay pour

977 925 1095 165 vre personne puisque ie suis

2683 966 500 189 20 april 1694

767 1011 767 264 Mons JB Masson

980 1117 2287 161 ie suis d'opinion que vous me noublie pas, non obstante que ie n'ay pas

979 1264 2289 127 de vos lettres, il n'est pas necaissaire, de vous escrire le sentiment que

963 1310 2304 164 iay, que la commerce n'est pas libre, et que ie ne voy pas vos remises

967 1431 2181 150 comme il faut, vous est assez discreté pour tout considerer

981 1481 2262 175 cependant le carisme  remplit ordinairement la

966 1597 2305 210 bourse c'est pourquoy ie vous supplie de la  un peu pour

962 1744 2299 145 moy laissez moy sentir que vous navez pas perdu vre gennerus

978 1840 2286 175 site en payement ce que ie suis attendant p mons trivier

972 1902 2226 190 on quelque autre occasion, esperant que vous & toute vre

969 2022 1171 204 famille se porte bien ie suis

2935 2041 225 284 2d

749 2150 1092 235 Mons Jaques Bascourt

875 2272 2339 196 u obstante que vre grace ne m'a respondu iusqu'a present

929 2410 2320 166 n'y envoye quelque remises selon que vous m'avez fait esperer p de

951 2489 2308 146 responces a Mons trivier, ie nay rien de vous, ie ne puis pas mins

945 2597 2311 160 =giner la raison, si non que vous n'avez pas la volonte de me satisfai

911 2688 2361 133 ce que n'est convient pas a un honnest homme de vre caracter

968 2793 2292 148 car il n'est pas assez d'agir comme cela, il y a 5 ans passé

933 2877 2298 135 ce quil est encor a payer, ie ne croy pas si vous voudriez ouvrier

960 2987 2274 143 l'affaire a vre confesseur qu'il vous pourroit  excuser

1365 3068 185 81 & encor

946 3081 2301 141 d'inuustice, on peut bien s'excuser devant la monde mais le bon

934 3127 2299 210 dieu cognoisse tout, il est vray ie ne voudrois pas pourson, si

947 3222 2317 217 vous soyerez pauvre & pas en estat de me satisfaire, mais vous

960 3347 2309 197 avez assez du bien, & vous me pouvez payer, raison pourquoy

955 3445 2211 196 ie vous prie de vouloir considerer que iay besoing be mien

970 3519 2225 214 et quil m'en faut servier, cependant si vous commodite

942 3617 2293 225 ne permetteroit pas de me remetter la partie entiere fait

934 3733 2235 183 seulement ce que vous pouvez & laissez moy sentir

948 3810 2257 214 que vous avez quelque respect pour moy & il me sera tres

959 3935 2272 172 agreable, & donnera de plaisier pour attendre quelque

934 3995 2297 218 temp plus pour la reste, sur quoy ie suis attendant de

930 4141 784 223 responce & suis

5309 172 635 169 22 aprill

3367 192 646 228 Londen Jan Kent

3467 238 2388 237 sence my last of 19 cur red yours of 3d. I hope there

3480 398 2404 177 shall present some opportunitie, either with the king trans=

3470 481 2438 177 = ports ships, or the like for holland, or ostend, where with I desire

3467 618 2384 138 some sp clothes all for ostend if presents, & att least one pack

3465 674 2444 220 for holland, if that present before anney for ostend, so gett

3473 820 2441 181 readdy what I ordered & in the north one pack of white baeyes

3475 908 2398 208 from 36 to 42 ƒ most about 40p butt if you iudge

3488 1008 2364 169 them goode would be cheaper with in a month or 2 then

3471 1164 2447 147 dilay that so long for here is little or no trade these bayes

3483 1222 2442 201 to be shipt att hull for holland: the kings paym here

3466 1355 2384 158 often drawes on the carle of Ranclach, & I am inclined

3447 1463 2394 172 to give him monneye yett beenge in feare & with some

3464 1585 1946 184 crupule, desireinge your advise herein & rest

5351 1674 452 118 22: ppic

3363 1715 548 184 mst Rover

3613 1768 2333 208 19 deseer hebuk un gereb. £ 331:13:14 2en lasten staacclessord

3439 1916 2441 151 ells nef hox, ccl ese is geev er 71 hebben uy de

3480 1988 2404 174 tedige dhe el comnj van cadin behouden is gearriveert

3479 2094 2432 160 oft d ernigh vvrand de lerssel sae causen vwindre

3446 2184 2429 166 to vine foo- cohy als londen, delele &opds mj ick

3468 2272 1230 166 p:7i diff laen teecomen en

5323 2320 493 164 24 april

3405 2364 738 195 Brussel Bousse e

3484 2426 2448 227 ay ricegen sten p lacer .21: maiscele

3462 2603 2488 147 da 23 en 22 e 8 sacl ronder cesi to op lard paus

3456 2656 2469 149 it  it com a ch sur

3445 2767 2478 162 lep ndrit fre lde  paye vec la rems

3450 2884 2321 158 £375: 1ya aane hn gereveele

3481 3000 2388 137 eais avis, iet vens  der

3477 3090 2267 152 pane £92:5 1 reecr ae vnderborgh

3371 3179 970 200 Leyden geerd Vromans

5450 3191 414 182 26 april

3416 3308 2515 179 Ick hebbe op synen tyt ue brieven van 26 meirt &2 deser ontfan

3422 3387 2423 203 ven ick wil niet twijfelen ofte het goet is nu alles gereet N544

3395 3537 2492 123 tilborgh root & N557 soo dat niet alreede is geverft laet dat blouw

3438 3581 2433 186 verven de rest swert, ofte N797 tot blouw gelyck ue dat t'best sal

3439 3726 2426 139 ordeelen het dunste synde tot blouw het bequaemste, dogh het moet

3439 3801 2427 162 bruyn blouw wesen & de carmoe het sruynste dat men maeckt

3445 3906 2456 109 hel in syn gront & de carmosynen soo bruyn beschoon als doeulyckis

3441 3997 2392 153 & siel geen costaen, als mede voorde swarte, laet alles wel geperst

3438 4099 2420 120 & gepackt worden & in 2 packen tusschen berden mij toegesonde

3438 4183 2455 173 over heurden aende weduwe segers te weten in ieder packie 3 lakens
