7858 4548
2721 193 331 117 12 July

723 190 654 199 London Kent

897 241 2256 214 sence my last of p curt ted yars of 15 19 & 2 past

909 362 2224 210 you have credit for the 5 p charges on bill returned on

888 465 2275 197 lassels also for the £73:- cost of N73 sent to hull

894 600 2283 144 this well the ostered convoy bee arrived tiss a troubl

907 685 2304 183 time for shipping the french play the masteer I have

890 762 2236 224 your remise for 1 £ 200 on sae Clifford att amst

903 877 2310 161 lett the sp clothes bie provided as oredered neither

891 950 2355 191 anney bonght no bespooken & observe well mij ider about

898 1068 2337 202 them, & as soon as readdy gett them gaeft & send mee

899 1180 2344 213 patt to know out to ship yett I exspect p first convoy

884 1246 2399 227 for holland some sp clothes as expressed before I wonder

890 1358 2368 239 you omitted the darck grayes the patt of the northrens

895 1476 2331 210 doe not please are not bo my instructions the darck gryes

881 1579 2317 203 to light & to broadest mixt the frises must bee packt

892 1678 2208 171 e 2 packes & I desin patt of them to bee send to post

882 1761 2205 256 for I will have the light cullours bee made for

902 1849 2248 212 without themI desire non examen my orders & follow

892 1988 2285 195 them & you shall doe well, you omitt the cullour of

905 2115 2318 174 the inclosed patt of which I have ordered severall I nst

2646 2206 174 118 12

689 2228 720 206 Brussel Rensseau

914 2278 2220 205 die dinn ar derereda 12 couriendene grae

897 2414 2310 146 la preent servira senlenent enpoen a ma

888 2524 2358 161 remit ƒ 325: angent hanf verraevns qi ie van

862 2583 2321 209 de recevoir en n' en creditter de £50: de clemg ie ney

935 2713 2326 161 n6 aubeuse novelende s vellynvens gusesne

701 2864 862 230 Brussel valraedus

853 2965 2232 209 n gevolgeden ue n.10 deser heb beden op u

897 3061 2266 242 geassioneert te betalen aen u wiss Anto

875 3194 2259 234 rousseau £325 courant geet, duelk ƒ25

879 3335 2235 138 maer is ser ul ordenneen, dat vo hmidt

858 3434 2404 148 denkende deeres sal aenvn, om dat

848 3549 2401 227 sulx beter ue 1 eisselgelt heb heden een

816 3717 2394 171 pertye sp lakens ontfyen dese weke sal weel bayesn

869 3799 2412 185 kerijs & ander goodt bedonn, soo ul can dinst

824 3900 1588 215 doen sal m aengenaen sijn

5318 174 563 178 15 July 1694

3330 186 949 214 London Wall & Will Kent

3458 251 2418 187 S my last to you was 12 curt to which referre you, & principally to

3458 394 2448 180 that of p ditto about the spas clothes of wich send patt as soon

3457 477 2386 165 as a pack bee made up, & I shall order you ut to ship them, for

3448 588 2326 199 I see no appearence yett of a convoy for ostend, whoever if anney

3457 675 2398 193 should present you shall doe well, to ship all what I ordered to buy

3454 780 2438 167 in london, now have before mee yours of 29 past, seeinge you can not

3366 888 2496 171 finde the fine chestant nor draptis browns, so lett them there

3467 977 2343 187 & buy ouly, what I further ordered, of which I desin the patt p

3462 1084 2363 194 vere first, that I know what to order more for the winter the

3464 1181 2368 190 convoy from london for Rott are malhenieuseley sunck, & if

3475 1296 2325 177 the duitsh & English will not dake care for their coust

3469 1416 2441 164 wee must trade no more, this a shame for the nation, that the french

3476 1512 2385 165 play to the master, inclosed £200:, att 2 uso on S Joseph herne

3458 1651 2411 123 & £ 200:- in an other bill of due ormons on my Richard lassels

3463 1754 2385 138 of 3 cur att seight for which procure the needfuel & as soon

3450 1804 2371 191 as in cas remitt ie valeu of that £200 for Amst, or in case

3471 1904 2349 170 of non acceptance returne presentley with protest you give

4558 2020 115 72 1om

3440 2009 2388 156 mee not account of N73 fre hull non of the frises mach exeed

3603 2103 2266 112 a yard loveley mixt cullours & cxxt to my patt or rather

3364 2119 975 212 Riffe de Brathe Cesse

5396 2194 175 102 15:

3437 2287 2463 114 op 12 deser was aen ue mijnen laesten waer op tot myne verve

3470 2364 1476 177 deringe geene antwoort becomen

5415 2403 129 174 6

3375 2515 764 145 Manr Lurond

3461 2550 2454 192 engelen dien ae in avende a lmstant le

3449 2678 2426 131 28 oistellen dont vu grace fait hedictson p la che

3468 2777 2405 147 ene die 12 aud fraacoskoous ostant greditoe

3466 2876 2426 178 £36:- slve la yura aluy  ie s bl

3427 2971 2470 191 our esus  pu. enet en sous

3409 3076 1624 174 o ecas wi sa eon volin and

5443 3130 274 177 166

3344 3187 1114 184 brussel guill walravens

3460 3259 2445 215 In ant woort aenden ue van 14 deser bedanckens voorde

3386 3397 2463 186 prompte betalinge aen Mons rousseau alle onse verse

3462 3507 2398 174 goederen sijn gearriveert soo nortsche dozijne geperste, kersyn

3389 3583 2498 192 baeyen flannels als spaense lakeni dogh daer syn onder de

3441 3715 2426 141 spaense maer 2 a 3 stucken geweest volgens ue coleur du

3426 3786 2446 172 op de staelen waeren besproken, soo dat ick ue daer aen niet

3452 3915 2407 159 can dienen, alle andere sorten heb ick genoegh can ick ue

3443 3994 2020 173 eendge dinst doen commandeert liberlyck die blijv
