6225 4452
818 70 2395 142 d'asforiment sans u ne boutique et que v4. ne pourra

823 193 2378 137 moins que de faire une pettitte emploitte de morchan

772 300 2445 174 dixett dhiver comme carsees blanches et tienmes couleu

811 435 2304 207 bayes finnis ordinaires blanches et bayes devent erx

819 549 2331 170 ou quelq. aultre petit assortiment iray trouve e

803 679 2356 240 propoy de vous faire offre de mes services a cette

732 780 2196 229 fn aussy a vos niesses mad mas. d hais mes et

794 895 2379 211 Dentrebely en que ie vous prie leur c

820 1034 2391 171 soyes persuade que ie vous serviray a si ju p

820 1144 2272 213 esff bien comme si v. gy seroit preschte

836 1254 2291 217 en cat quil vous plaist m'ordonner quelque

823 1393 2202 195 chose. i'espere que ioussses d'une parfaitte

815 1537 2174 178 lauere aussy madmoisa vre comp. et vous

819 1669 1126 171 saluant ie me dite

2292 1710 696 260 2 8at 181

629 1769 1014 211 mechelen h. Godogne

819 1843 2400 254 hebbe gedilay eert ue te beantwoorden e aengenaemde

807 2023 2358 194 van 15 deser tot het retour van den boede wijns die

815 2122 2373 150 eyndelijck ue briefken geaccepteert heeft ten verval

798 2241 2381 193 daeghe sal ue daer voor crediteeren ontfangen sijnde

853 2368 2296 172 engesloeten gaen eenige stalltiens van supersijne

813 2471 2400 208 laekens met den prijs daer by genoteert het gene van

811 2586 2397 188 ue dienst can voor vallen versoeke my te adviseeren

837 2696 2287 193 en sal ue altijdss geerne dienst doen die blijve

834 2813 2311 176 N 35:„66 N 29 a6:6 N 33„6:6 N30 „ 6:6 N 40 ƒ6:18

809 2901 2406 249 N 50 ƒ6:16 N 39 ƒ6:18 N43 . ƒ 6:18  32 ƒ6:18 14: ƒ:

2328 3054 610 241 Ady 12 d.

685 3069 1275 201 Dermonde Pierre de Baut

1670 3178 148 117 et

800 3215 2394 179 sende ue heden met beursschip een paxke droogh en

836 3331 2268 166 wel geconditioneert genmerckt A Lils manqnaer

802 3448 2386 191 soo daeigen ontfanck gelieft het selfde voorts te senden

856 3560 2365 141 ende dde ordre te volgen van mons nicolas francois

830 3688 1789 149 le hevre tot etth en soo blijve

2322 3768 709 221 Adij 14 ditto

633 3767 1001 216 London & De Dipere

829 3860 2390 169 referere mij aen mijnen voorgaende van 2 courant die

835 4008 2384 202 niet en twijfele oft sal ue wel wesen behandight aengane

811 4116 2346 193 de colchesterbayen is het saisoen soo verre geavanceert

775 4241 2400 129 dat die niet als pos festum en souden coemen soo dat

3311 89 2455 142 daer mede beeter te dilayeeren is tot tegent het voor laeke

3398 195 2374 136 om te sien hoe sich de mert dan sal reguleeren soude

3395 264 2280 195 wel speculatie maeken tot incoop van twee pankens

3389 388 2422 209 fijne spaensene laekens van 312: 13 a 14 nie t exeederende

3407 508 2287 186 ider paxke van 12 p niet een coston rot vrapper

3370 616 2497 228 gesorteent om mij bij tijde int vooaer te connen bedienen

3383 719 2468 195 want alser een winter overcoemt soo heeft men sulckx

3387 847 2400 229 het meest van sortiment noodigh eveuwel en soude

3399 975 2516 210 nmet geerne hebben dat ue buyten tijdis oft sailoen soude e

3375 1084 2394 252 incoopen maer vint ue mijn int rest te wesen en goet

3377 1217 2378 203 sortimen van nieuwe couleuren te connen becoemen

3372 1337 2543 257 soo bidde doet daer in op onfack deser naer geraeden

3370 1470 2370 232 en oft voor ue eygen waere sich en twijfele niet op

3371 1596 2385 222 daer sal int cort wederom convoij voor Rotterdam

3379 1707 2495 216 wesen, n aflaeden gelieft den isico in wee schepen

3380 1820 2341 265 ende goede bekende schippers te verdeelen sende

3364 1939 2257 206 ue ingesloeten eenige otaeltiens ende voor de rest

3389 2072 2346 218 recommandeere ue te besorghen de aldernieuwste

3379 2233 2337 161 en beste gemengelde moede couleuren dieder te

3365 2308 976 182 becoemen weten oor

3359 2426 2456 208 & die lichte en ugt den blouw gemengelde couleuren als

3397 2602 2477 155 dit nevenstaenden staeltien en worden niet meer getrocke

3374 2695 2320 182 tot governo. maer daer is een couleur dat men alhier

3380 2814 2446 201 noems canneel couleur treckende ofp dan snig back

3358 2917 2538 251 soo soude wel 2 a 3 p desireeren alt het het oprecht

3357 3002 2422 246 conlur sonde wesen. als ue nu en dan occasie vant

3375 3125 2333 232 van accmpodatie brefkens tot goeden cours te

3371 3277 2348 172 wesen en te connen trecken op sicht ue magh dat

3346 3378 2457 194 alteydis doen principael soo lanck desen cours van

3361 3486 2373 248 wissel soude stant houden waer toe nogh weynige

3354 3634 2308 165 apparentie van veranderinge te gemoet sien soo

3363 3675 2457 250 lanck de graenen voor dese quartieren van hollandt

3373 3824 2399 237 moeten gefourniert worden het gene ons seer pren

3309 3978 2494 226 diciabel s in ouse negotie want ten sij ieu met

3324 4097 2407 168 remitteeren coemt profit te doen soo ensidt voor

3356 4231 2317 153 waer uyt de goederen inders niets te becoeinen
