6100 4440
2459 58 631 148 Adij 30 Augustis 1700

554 64 1105 149 Rotterdam Jacques Meyers

706 222 2379 141 de ul. van 28 court hebbe wel ontfangen tot antwoort ick en can ul niet dieydelycken

747 296 2209 95 aen wisssen wegens de vraght gelden als gedaen hebbe en meerder en can ick nier

732 352 2333 103 goet doen heeft ul vrienttgerreur gecomattert en is niet door mijne foute ick hebbe

715 418 2308 84 brs. in gevolge ul. reken  de rier packen IM n°.58:7.8 gecrediteert  ƒ139:7

728 472 2323 86 en voor de laeste groote reken ƒ 1029:18 ende het can niet anders vyt gemaecet

725 541 2370 111 worden want daer sijn selfsde vrappers hij begrepen ende in beyde de rekening nes

741 618 2271 72 gecontradiceert dan alleen de claer abussen der vraeght gelden het

728 658 2357 78 godt tot de london vloote salve is hebbe alleen by mijn weete een spacseze prijne

729 713 2367 98 en kan Godwinn aen te geven voor 10½ engelsche saeckenen in de wolle geverfe

726 800 2341 77 en op de spaensche maniere gemaeckt ider stuck a a 15 en eenen bayvrappera a

736 829 2338 95 65 saemen weert ƒ 700:- dat gelieft mij p eerste occasie met een goedt schipder

725 909 2119 73 transitoor afte senden voorde in geleyde versoecke addres en soo Blijve

598 977 1195 129 Rofterdam John vanderheyden

2483 989 492 118 Adij 30 ditto

728 1075 2255 110 beude ue aen genaeme van 7 en 28 cour. hebbe wel ontfangen p. deneersten gesien

711 1158 2329 72 det priis ooder goederen die ur noteert waerby geen geunde can te gemoet sien want

736 1223 2305 78 met alhiert voor de beste cottens niet meer dan 10st pla en maecken en voor de beste

731 1239 2298 95 carseyen ƒ23:- a ƒ23:10 het e vijttersten en waert sauden nu d'oncosten bljven

748 1300 2295 93 p vse waede geerne gesien het arrinement der hulsche schepen waer voor godt sij

735 1376 2202 60 gedanck anderern enden noteren alleen de londons gloote sonder mentiete

716 1397 2261 111 maecken van de hulsche schepen soo dat niet wete oft  geen arreeren sal

731 1487 2298 66 hebben daer sijn drie packen van im Pease als de voorgaende te weten in Raphel

736 1504 2311 106 a NN8.9 ider met 30 geverfde quaert en van p 20 a 21 al de voorgaende en

723 1571 2332 100 ider pack heeft nu digcarseyen vresppers in  is ƒ10 met 30 witte quaerten van

723 1618 2360 103 20 a 21 g en twee carleyen vrappers dese drij packen sijn van weerde als  de voorgaende

732 1672 2336 92 hebbe oin gegeven sterlinckx gelieft mijn in frest waerte nemen ende de oncosten

720 1715 2348 113 te menageren en mij die als de voorgaende transitor toe te senden pr differen tl

714 1817 2320 69 beurt luijden te weten soo als die vyt de te schepen gelost worden sijnde saemen

730 1874 2286 53 no 8 en 4 en n10 appaert de pas poort gelden te menageren gelieft oock te

729 1917 2323 90 sorgen dat goede schepen en ovigelante schirppers sijn vant daer sal perijckel

717 1985 2342 77 op de reniege met dese conioncture van tijst vertrouwe dat ul. voortmj sal doen

2490 2000 264 56 tegen patter d

732 2041 2211 94 en alles menageren als eygen en afwachtende ul. antwoort soo Bej ue

589 2132 1244 131 lecheien henrij Cornelis faudherbe

2392 2093 397 180 A d1 ditto

715 2262 2361 131 en hebbe inllange deere niet gehadt van ul. hier over te sien ofte iedts van ul. comande te

730 2345 2344 83 vernemen mits het saisoen hu aen comt van het debiet sooren can niet mangueren

727 2399 2369 103 ul: man dienst te presenteren en te laeten weten dat een seer schoone partije van

697 2457 2363 100 alderhande versche goederen hebbe ontfangen als deventer bayen colchester oft ha

709 2507 2363 108 bayen superfanne en gemeyne spaensche nieuwe mode coleure laeckens van alder

727 2553 2314 110 hande prijsen geperste en dosijnen oock en geloghe blouwe groene giele en lecht

732 2649 2326 75 blouwe slaeckens van eenen pat acon pra dockroode voorts superfijnne gekeperde

715 2708 2363 74 flanellen en andere uemeyne voor vooeder en car mosijne baken en carseyen iedts

713 2744 2370 82 van vos dienst sijnde bidde mij te comanderen en ovecomende mij te willen comen

717 2816 2339 71 besoecken us. magh seeker wes en dat ul niemandt beter coop in antwerpen sal

713 2842 2352 122 bedieg en woope recht over het posthuys in het siddorp als ul is tekent en

712 2917 483 117 soo Blijve

2671 2997 129 86 de0

2379 3015 274 121 Adij 31

517 2998 1242 159 Leuven Livinus Schoonderhaeghe

2682 3056 108 91 7

730 3126 2360 134 hadde al verwacht dat us mj souden hebben doen betaelen het gene us. mij schuldigh

732 3207 2348 101 is ove het gelevert goet alsto ul versocht hebbe magh ul. seaghen als den intwest

733 3280 2307 101 considerere dat meet schaede doen als profijt daerom sende gr. aenden voet deser

733 3314 2314 96 een facturken bedraegende wisselg £19:10:- biddende dat ul mij dat gelieft

733 3382 2329 100 te doen tellen ende dae rl ofte blevrienden can dienst doen gelieft mij maer

725 3454 2351 79 te comanderen &  magh soeker wesen dat ul. niemant tot soo goeden coop

729 3519 2363 94 als ick de goederen en can oft en sal vercoopen en soo blijve naer presenthtie

716 3561 377 87 van dienst

549 3604 1198 151 D ofter dam Jacques Meyers

2428 3655 553 154 Adij 3 gber 1708

704 3726 2339 177 en twijffele niet oft den mijnen van 30 pasto n ijl. wel geworden en ul sal mij

725 3830 2119 95 vertotgens het pack IL N. 9 transitor af senden nu bevinde dat onder

735 3872 2303 127 hulsene schepen noch sal wesen een pack ao 42 waer van mr. Abbeton

733 3928 2315 132 ul. het conossement heeft gesonden hahouden de 34 bayen a 265 ide en 3

730 3998 2314 120 carseijen vrap p. a  26 weert ƒ500:- dat mij mede gelieve toe te senden

717 4036 2338 131 welck afwachtende soo bljves met versoeck van addres voorde in gel

713 4083 554 114 op Engelandt

3143 48 987 144 eed: Thomas Beave

4998 62 649 128 Adij 3 sber 1708

3321 166 2432 121 ben verwondert dat ul in soo lange wederom van ul geen advies hebbe gehad

3307 220 2388 117 niet tegenstaende daer differen te posten v an costy sijn getrriveert nn become

3319 277 2321 101 advies van u vrient ims iohn va derheyden van kottord dat de hulsche

3321 336 2414 94 schepen odt lof salvo wesen soo dat miet en twijffele oft de drij af gesondene

3324 396 2389 53 packen M n°8:9 en 1e sullen daer by wesen de cofste en can bijispou die niet

3311 438 2445 65 aen den man brengen ofte tot aeie beneficeren gelijck ul hebbe geschreven en

3304 494 2441 82 aen m Peeter enckel ul boeck houder laeten sien net sulle ue serewederom van

3299 540 2392 85 de selve qualitijdt vallen wat sal ick met soo een considerabele partire gaen

3321 599 2406 92 maecken hebbe ur im mers geordoneert betere soorte te senden lt dat die

3298 638 2438 89 voor ul rekene sal moeten laeten bj prouvie vr blieft in mora van mijte

3301 690 2423 101 antwoorden en ick vinde mij op soo secnemaniere bylaste dat tegens recen is.

3323 753 2426 56 en ullen de goederen die ul met tott noch toe gesonden heeft moete bekenen dat geen

3396 789 2303 98 noeghen en vinde rselfede eerste partije van de gemengelde laeckens

3327 801 285 72 aende past seyen

3301 829 2392 96 oct ioch al by mij hebbe hebbe ul. ge dat ul. mij moste in reken brengen

3317 900 2454 103 de quaerten soo ett die wiet  in coops costen ende de oncosten van verfver

3304 954 2429 79 appaert ende dat sulckx mij ende eerstte reken. heeft in is noeght ende ul doet

3308 1013 2429 81 mj wederom al het selve en brenght de larsenen vrapipe in reken 35:6

3301 1061 2434 87 die andere vrienden mij hebben gesoeden van Abram zilley de alder beste soorte

3305 1113 2409 105 en comen maer op ƒ 35:- te costen soo dat niet buyten reden oordeele ul. mis

3316 1174 2402 117 soecht te caragerent en op die voet sal ons begonne corpespondentie haeteen

3300 1226 2392 121 eynde hebben ick remittere ul. bj provisie als aenden voet deser en soo Blijve

3175 1269 1291 121 Rotterdam John vanderleyden

5137 1311 451 148 Adij 3 ditto

3290 1360 2447 149 hebbe gernte gesien uyt ul aengenaeme van 31 pasto dat de hulsche  schepen

3309 1426 2444 139 ende daer onder de drij packen van m. Pease n°8:gen 10 saluo waeren ende dat

3301 1490 2064 97 ul. mij doe soo haest nogelijcktvan 12 tot sal afsenden d'oncosten

5399 1549 246 63 egen

3300 1562 2457 89 metageren en waer op mj sal verlaeten verttrouwende dat ul die begen van

3303 1617 2423 112 dese veecke sult connen depescheren want soude geerne die goederen hier

3293 1675 2379 98 hebben om die met mr Peeter henckel voor sijn sertreck t'examineren en

3309 1706 2432 128 hebbe met dese vloote geen voordere packen  dan een in het hulick en een

3293 1760 2451 65 int Londons als ul. wel noteert doch dat is een restant vant voorgaende convoi

3307 1823 2404 118 en waer van de conossement by mijn dom hier lanck is geweest e wiste set

3309 1872 2413 115 niet in wat schepen gelaeden mijne vrienden sijn gewent de conossementen maer

3292 1930 2432 109 aen hem te senden mits dat sijne brieven al teydt sonder sijn convert addresseren

3291 1966 2403 120 doch hebben nu order getelt voor het toecomende ende de donossementen alleen

3292 2019 2451 119 aen met te senden ende dan salt mij liber sijn ul te implogeren ick weete wel

3293 2074 2437 108 dat de sprijpsde goederen die is, nj genoteert heeft hollants courant sijn en soo

3309 2148 1443 62 als icke notere dooch dat different te vijt gereten

4771 2142 963 110 t en can or de oncosten maer

3305 2192 2463 68 ter naccver noodt uyt maecken soo dater dan geen auanee bj can wesen ick hebbe

3293 2260 2431 106 cons:derabele partije goederen by mij maer geene cottons als een restant vant

3301 2283 2425 117 voorleden baer hier en is gunschgeen aftrecke enden intrest want capetael in

3292 2370 2456 88 sinceritijdt eer de goederen niet tlangneeren wille verhopen dat het debiet wat

3284 2414 2425 99 can beteren met het aenstaende winter saisoen ende dat dan eenige packen

3287 2489 2438 86 cottons wel soude noodigh hebben doch wille noch wat aensien en sal deem ul.

3301 2524 2351 98 daer over schrijven want het is een coop manschap die ick voor daen alleen

3290 2597 2466 106 wille hebben om mijne calanten te connen gerreken en hoe minder hoe ver

3285 2649 2315 104 atwachtende vs advies met welcke scheppers il die packen sal hebben

3267 2712 2416 117 atgesonden soo bleve met versoeck van addres voorden in geleyde op

3267 2752 320 92 London

3719 2819 94 88 t

3132 2842 930 123 Leeds WW. et Sam. Cookson

5100 2876 169 109 Adij

5384 2865 296 140 ditto

3283 2994 2445 146 ma derniere vous sut le 27 du passé de puis i'ay receu la chere vre du 11 d pr. la quelle

3295 3076 2397 94 ie vois que les carisees sont a auqmentez en prise et princessallement celles d'Abram

3293 3117 2389 146 zilley tellement il v vous plaira ne me plus rien envoyer n maes achepter

3288 3186 2457 128 pourt mon compte a iusques a nouvelle ordire pour vre governe il n'ya rien a faire

3274 3210 2429 159 pr. iey k on ne peut auancer intrest de son capital dans nre negoce ayant pre

3292 3290 2432 121 spetitre lettre a la main ie vous la remette cy inclusse du premier du court viences sur

3275 3332 2489 138 ierre lanche un Londres de 8 £18:2 il vous plaira d'en procurer le neceraire

3284 3416 2460 141 et me crediter en compte ie tacheray de vous remettre au premier p. s solde

3268 3456 1026 93 de nre compte sur ce la ie me dit

3138 3525 795 125 Leeds James Ebbetson

5063 3573 176 126 Adj

5354 3554 138 136 90

3266 3692 2417 114 op 20 pass hebbe ul ge remitteert  £100:- op bene dictus salomon in london

3286 3739 2457 138 ingesloten seconde met voordere remisse van 1e £200:- van P court oos op h

3261 3816 2479 125 furnesse waer voor gelieft het noodigh te besorgen sr. aengenaeme van 11 pasto

3268 3853 2512 127 hebbe wel ontfange daer en is niets meer op onse wolle negotie te dencken soo dat

3257 3928 1762 112 ul bedancke voor ul presentatie van dienst en blijve

3137 4019 1210 139 London & iwinus de oorpere

5361 4063 75 75 28d

5033 4059 164 108 Adij

5292 4082 140 98 d

3274 4176 2420 133 hebbe l. 27 pasts geremittert voor ons beyde reken brief van 21 d. os m

3253 4278 2482 89 mess. Michelseffinley costy van ste £150: - gewisselt a ƒ 33:2 en geadviseert dat
