5935 4406
521 57 2373 85 pour vre service vous priant de me commander en tout ce que vous

499 124 2427 94 spouriez avoir besoing et ie vous serviray a fort peu de profet qui

507 161 745 130 vous salue et suis

319 236 1277 190 Leeds William et Samuell Cootkson

2317 295 646 186 Adij 4 Guilliet 1707

502 435 2285 195 je suis iusques aprisent encor sans aucunne de vostres ce qu'il m'essonne

516 519 2388 189 cependaht ieteut esperer que les miennes du bet 13 du passe vous seront bien

512 596 2460 190 rendue en son temps auee les remises y mentionee comme aussy ma derniere

501 690 2361 147 du 20 ditto avec doux remises du 17 eneos sur le cheuallier & feirnesse a

503 815 2442 143 Londres vre de  £110:- et vre de  £130:- ensemble  £240:- ay incluse

525 894 2456 158 les secondes en cas de besoing comme aussj premiere d'ine aultre remisse

507 972 2481 198 de  £100 sur le mesme furnesse du c4 de passe vrences dont il vous plaira

515 1100 2323 167 d'en procurer le necessaite et m'en crediter en compte il y at iey tant de

517 1190 2469 144 marchandisse et si peu de debite qu'il ny a plus moeyen despouvoir gaigner

521 1311 2404 112 l'interest de l'argent apres les manufactuyes oultre la marchandisee re

504 1379 2444 173 tom be plus comme du passe i'ay ouvort 2 ballots de carisees vre n°3 et 6, mais

502 1507 2320 118 nous n'avons conmais eu de si moindres sortes ie vous ay demande p. ma

489 1564 2516 164 derniere du 20 de me vouloir adviser le prix court de manu factures prince

487 1678 2494 131 palement de bayes et carisees comme de Abram Rilley etftanstield ceque

494 1796 2475 123 ie vous prie de faire pour me pouvoir Regler a l'advenant attenbant

509 1843 735 143 vre repponce j& suis

295 1965 1316 170 London Scawen en stock dale

2327 2009 686 200 Adij 4 uilliet 1707

491 2203 2523 153 i'aj bien receu en son temps les agreables vres du 13 et 27 de may et 6 du passé p.

504 2304 2487 166 quie vois pour principali suiet qje vous accez pour moy en mayason neuft ballots de

506 2398 2409 168 cottons que mr. Coonotthan to seblt de salop vous at laddresse suitte a ses factures

483 2456 2437 209 ie ne doubte pys ou il auratire sur vous le reste de trois dernieres ballos n°7:8:9

503 2557 2421 192 voicy inclisse vme lettre pour luy que ie vous prie d'expliquer et luy addresser

508 2627 2383 203 on me dit qu'il y at apparence d'avoir convoy pour obtende et qu'il y a desia

501 2738 2466 179 differens vabsseau en charge pour ce lieve & londres ce pourrquoy ie vous prie

971 2800 54 73 d

492 2826 2542 206 de me donner advis et bon consiel sur ce suiet ie souhaitterois bien d'avoircharge

509 2933 2484 145 les cottons pr. ostende pour cuiter les fraix d'hollande mais pas sur le mesme

518 3009 2473 152 pied comme nous avons este traine la derniere fois sur vre responce ie me

498 3088 2448 174 pourray regler pour vous en donner l'ordre les ballots pr. thomes Dearing

477 3184 2451 129 82 n1oet 11 comme ie vous ay donne advise sont tout gatte et pour ainst

499 3289 2453 154 dire le capital perdue et cela p. sa faute il est encor a Bruges et selon

509 3383 2388 131 tout apparence il abbandonera son vaisseau ayez la bonte de vous

510 3489 2532 160 informer et me marquer s'il est suffisant ou non pour pou voir soulager

515 3601 2519 160 la perte touchant le ballot In17 auccles flanellestientes chaque

528 3667 2491 162 clesce perde plus selon me que marquez dans la facture que l'em port

519 3768 2447 179 de la bonne mesure l'ordinaire est q ƒ3 p. Piesce oultre il yat  £19

523 3840 2440 193 de fraix surce ballot ce qui est exfraordinaire et cause que ie ne les

520 3932 2304 158 pau vendre qu'a perte pour le reste il y a si grands magasins et

528 4011 2466 157 quantise de manufactures p. icy et si pou de debite que lon ne peu

522 4129 2444 143 pas gagner l'inserest de son argent dans cette affaire ayez la bonte

487 4225 2484 116 de m'envoyer des eschantillions de plus nouvelles couleures al a

3331 13 2436 120 de de bende 4  de la ol seer te pait surla eusel qe couleer de taley

3323 87 2421 104 et aussy me marquer les prix de swanskins bayes flanelles croysez et aultres

3315 153 2501 122 et de colchester bayen pour pouvoir un peu prendre mes mesures a l'advenant

3323 203 2434 126 il ne fault pas que ie vous m'envoyez pas de monstres de vlelles couleures ca

3308 270 2505 116 i'en ui assen ieous remette cy ingluse £ 150 du 24 du passe vsenees sur messs

3316 327 2495 128 huttenings et lovse a londres dont il vous plaira d'en procurer le necessaire

3329 386 782 101 et me crediteren suitte

3117 420 940 178 Jalop Jonathan Scott

5070 495 630 194 Adij 4 Juliu 1707

3322 565 2275 173 he vois p. advis de messr. scawen et tockdaele de londres que vous avez

3344 644 2450 188 dicheptez les cents de mie piesces de cottons et leuren voyeet dans neubballots

3322 731 2480 143 & n° 4 a 4 ien as receu les factures et ie leuray donne ordre de vous en satisfaire

3341 803 2487 74 i'espere qu ils seront des la mellieure caliute comme ie vous ay ordonne car

3337 860 2488 140 le prist que me marquez est assez cher pour la concueture presente l'auvois

3317 924 2513 131 sauhaitte que vous auriez pactée 15 piesces dans un ballot poureuiter les traix

3322 991 2498 134 l'ordonneray pr. le premier pour les charger et tacheray pr. la grace de Piege

3319 1027 2506 166 de les pouanvargirecy ie ses xaminera et si ie trouze que m'avez bien

3325 1121 2421 153 sere pour la premiege fois nous pourrons continuer dans les affaires p.

3341 1161 647 118 en semble que suis

3065 1258 1306 208 London Livinus de Dorpere

5070 1356 589 165 Adij 4 Ditto

3355 1401 2460 217 hebbe ul. aenghenaeme van 9 mej laest het sijnen teijde wel ontfanghen

3323 1514 2500 194 en vinde mij verplicht den selven te beant woorden en ul. geck herte

3321 1603 2501 160 te bedancken over ul beleefde affres en presentatie van dienst daer met

3326 1682 2508 153 occasie wel sal de livertijdt ghbruycken van een preuve van te nemen

3321 1752 2500 161 het gone tot nochtoe niet welcan doen alsoo van groote partije goederen

3324 1837 2482 137 voorsien ben ende daer wennigh de biet is en naejwelyek den imte rest

3333 1914 2475 162 van t gheldt teghen wordigh aen te profitteren pr occasie sal mij

3352 1964 2336 189 d'eere gheven ul. te schrijven en p groetende soo Biijse

3346 2067 1557 114 insgheljekx met presentatie mijns diensts

3443 2128 187 107 my

3118 2143 1111 196 Rotterd: Jaques Meyers

5137 2234 547 192 Adij 4 ditto

3322 2301 2504 213 ul. aenghenaeme van7 en 17 pasto. hebbe sijnen tijde wel ontfanghen enighe

3320 2399 2509 200 =lycost sijn mij de packen wel gheworden en oock p. ul. laesten de reckenl van

3330 2473 2483 180 oncosten voor de selve die tot noch toe den tijdt niet ghehadt hebbe om te

3301 2575 2522 171 mersien echter p naesten sonder faute ul ghelieve by provisie eens te

3334 2647 2522 173 doen oversien mijne memorie waer bj ghenoteert staedt wat inijdie

3316 2744 2489 156 costen en sien ul de weerde al veel hoogher stelt dat niet twijffele

3315 2828 2415 152 oft moet abus wesen want dat is contrarie aent ghene vrsg

3337 2884 2529 192 ghelieft te assureren met sijnen van seghende dat mijn in terest

3316 3008 2481 92 opt naee nos te sal ghemenageert woorden deen princspael tot

3328 3065 2340 154 scouvert voor de duij ingheleyde op enghelandt die veersoecke

3336 3146 2373 168 ghelieft te doen prompt voorst ganck gheven die tleteel

3126 3245 1024 166 Mons nicolas de haucken

5099 3289 506 165 2dto Ditto

3341 3409 2468 160 i'ay bien receu la chere vre du 30 du passe ie vous envoye en suitte cy incluse

3344 3489 2497 165 compte court par la quelle vous me restez redevaile ƒ354:11½ ou £59:18:7 de

3355 3578 2469 135 change saulve l'etreur tout sorte de marchandise est a fort bon marche

3335 3626 2441 140 et i'ay l'honneur d'en voiyer et debitter grosse partie a beaucoupt de mas

3337 3702 2512 147 t mis de mons de toute sorte et qualite tant de marchandises d'Hngla

3324 3755 2536 148 =ferre que de nre fabrique i'ay pour le present un tres beau magases

3317 3875 2370 141 furni de tout touiours a vre service ayant besoing de la

3314 3936 2169 170 moindre chose ie vous prie me commander qui suis

3123 4072 1058 195 Mons Anthoine

5287 4097 514 177 Adij 7 ditto

4260 4111 435 194 Roust

3309 4202 2559 161 en suitte a la chere vre du 30 du passe ie vous ay envosyeehieu
