5936 4406
565 48 2467 106 gaen van preferentie ende dat men dat costuseer wel ghedaen heeft

538 118 2433 127 en naer gpooft devoiren mede soo verre ghebrocht dat de meeste een

562 198 2277 97 prineissaelste crediteuren satterdaght hebben ghetexckent en

547 265 2420 82 gheadrobeert gheen pretent van prfferentie op goederen n essen

538 328 2477 113 sijnde indenbergh oftelders te sullen insparnnen in conformiteyt

557 403 2461 118 ghelijck de crediteuren costijlghe daen hebben ick en twijfffele niet of

519 451 2320 139 die van hollandt en elders pyeien het selve naer volghten en

546 547 2427 134 approberen. ditto Sr. van noock is daeroip ghesterelij. waeghens

546 659 2471 113 vertrocken om savons costij te oesen ende tehooren wat resolutien

538 723 2507 114 nu voorders sullen worden ghenomen als men met goede precautie

534 797 2461 142 sal voort gaen en alles met goedt raedt bestieren ende datter gheen

541 892 2455 161 questie oft moeyelijck hejd van processen voort comen inden

545 980 2433 133 boedel soo en twijffele niet oft men salder een prompt eijnde van

535 1050 2507 132 connen hebben tot advantagie vande generagle ghaintresseerden dat

548 1140 2427 131 den heere ghelieve te verleenen ick te bidde ghelieft de handt daer

542 1237 2432 89 mede aen te handen weghens het ghene ul sjnjrtaeght heeft naer

546 1313 2470 140 pack laeckens dat sanden moeten u vande alderboste soorfe wesen

519 1418 2482 118 sende naer dat die vallen can men daer van maecken £18:19 a £ 20

543 1521 2495 127 ul. saude mij teghenwordigh plaisier doen met iedts mij te remitteren

547 1590 2479 121 want moote u seghen dat noiydt soo schaers van penninghen als nu

544 1684 2230 135 gheweest hebbe en grootelijkxt noodigh hebbe doordien met

553 1746 2443 156 consederabele partijen van goederen mij belast vinde en gheende

561 1852 2424 120 minste aftregh dat wensche voor jl en mij tot beetere advantagie

552 1936 2401 129 magh boeteren ick en can niet oordeelen dat buyten one versies

555 2040 2401 116 debrencke van Reynier de Buck aen onse negotie sal of can

544 2123 2342 130 quaedt doen maer ter contrarie veele cladders die de affairen

530 2215 2401 126 spuineren doen achter waerst dencken ende doen vijfsscheyden

544 2310 1995 113 ick groete ul. van herte en blijve in alle occasien

374 2425 1512 193 Brughe Gillis van Coppenolle

2359 2478 637 163 Adij 18 Juliu 1707

519 2548 2439 213 hebbe beyde ul. aenghenkeme van 29 pasto. en 12 court we lontanghen

553 2709 2464 138 met den laesten een briefken van 12 court halt vso van tweechondert en

551 2770 2281 131 vinftigh guldens wisselgheldt op van frederick dunvalt die het selve

539 2848 2493 168 gleaccessteert heeft dat schipper sendt mij dit door ul. voor de schaede dat immen

522 2931 2518 155 wat bij comt offorders ul repeteert ander mael dat op de schaede ghetaxeert

537 3018 2430 144 op het pack no 11 veel valt te seghen ick wenschte wel dat die brienden

547 3105 2494 124 nu eens in mijn huys de beschaedighde goederen bj malck anderen saghen

534 3179 2511 135 ende dan eensoordeelen wat taxaet dat sij ghemaeckt hebben en oft sulcx

538 3232 2457 145 reden is dat men alles op den hals van den coopman laet & ick seghe ul.

555 3305 1154 140 andermael dat de goederen

2139 3351 909 134 hier coopbaer wesen ende

552 3413 2355 110 dat ick gheen middel can uijt vinden om die eenighsins te doen

550 3481 2486 203 herstellen ditto goederen blijven leghen en niemandt ue wilt daer

556 3594 2426 139 aen tot gheen prijs voorders uk en maeckt gheen mentie weghens

542 3690 2414 122 het licent dat immers niet redelijck is dat men op beschaedighde

551 3742 2468 182 goederen betaele Th: ontfangher heeft ons belooft goeden dienst

533 3843 2445 161 hier in te doen bidde haeydt de handt hter aen en tracht mij te

567 3960 2412 137 soulageren soo veel mooghelijck want sal qualijck ghenoech

562 4072 2473 122 met die partije staen weghens het pack met coleure flanellen

537 4134 2424 170 hebbe ul. die immersgheordoneert te verclaeten voor

551 4230 2445 138 voor coleure flanellen en een ander en betaelt anders niet

3341 48 2424 79 oock weghens de ghestrepte flanellen die ul. ghenotteert hebbe te moeten

3353 112 2455 85 passeren als derenteyn alsoo van gaeren wesen daer stelt ul. voor2:10:0

3339 159 2480 124 105 s Renterghem aen mijn vweder brenght niet anders als ƒ1:10 voorders

3320 232 2467 104 convoij van k n° 11 ƒ1572 aƒ 46 ieder en moet oft ean maer wesen ƒ50:- 1830

3344 276 2435 127 van de witte marten dat iimers gheen pack laeckens en wesen maer alleen

3341 369 2352 116 de selve soorfte als ul. selfs steldt in n12 a ƒ50:- het convoij van de coleure

3336 443 2419 78 laeckens brenght ul. oock te hoogh a ƒ150:¼ moet alleen wesen a ƒ130:- £

3345 508 2424 98 abuseert sich oock en 2M n°13 intrecht maer uyt ƒ14:4 ghelieft het boven s naer

3341 571 2499 88 te sien en te eddresseren en mij te adviseren want als igh meerderel oncosten

3337 639 2448 82 als andere saude moeten betaelen, soo en can nevens een ander ghoen meert

3341 687 2468 132 voighen hebbe noch dierghelijcke pretentie van d'andere recken als ul

3353 755 1416 107 het sijnen tijde hebbe gheadosseert blijve

3100 816 1118 170 Brussel Christiaen Seghers

5168 859 577 157 Adij 19 Julie 1707

3302 944 2514 178 Ick hebbe ul. aenghenaeme van 10 court wel ontfanghen doch bijn verwondert

3338 1035 2435 131 dat ul. de facture niet en heeft ghevonden sende vlechter noederen een ander

3342 1109 2473 122 hier inghesloten den flanelks seght noch ongheverft sj volmerinex het ghene

3349 1190 2474 136 reden is ul. niet en is toeghesijnden hij heeft besoofft den selven sonder wijtstel

3349 1276 2496 146 nu afte doen daer ul. can dienst doen ghelieft mij enalle occasien te comemanderen

3336 1306 406 133 die Blijve

3113 1381 920 181 Leeds Caries Cbbetson

5258 1425 563 169 Adij 21 Juli1 1707

3330 1520 2499 161 hebbe uf. aenghenaeme van 4 en 18 pasto. wel ontfanghen doch dien van

3315 1608 2533 137 6 daer ul. van melt niet echter ick ten twijffele niet oft den mijnen insghelee

3334 1697 2501 115 cke van 6 met remisse van £ 201 op llijffeuallier ternesse sal vlorck wel

3355 1753 2419 107 sijn gheworden en ul. sal dien met den ul van bj die in het onghereet

3327 1817 2458 118 gheraeckt is hebben beantwoort want hebbe op 20: met de remisge

3319 1918 2477 81 van B 130, die ul antwoort ontfanghen te hebben den serond. van de

3341 1917 2474 138 sen £ 201:- ghesonden nu sent ul mu wederom al recken. court hebbe

3338 2008 2504 116 ul. hier ter plaetse sijnde ghesoght in selfs largo gheschreven dat niet

3351 2080 2405 116 anders can trinden als ghealijck hebbe gheloten  op nieuwe recken

3357 2157 2474 100 ghebrocht sj£ 49:16: hoe can ul. mij belasten met oncosten op goederen

3339 2240 2461 122 die ick niet ghehadt en hebbe ende daer ul. wederom van ghotisponeert

3345 2288 2476 138 heeft volghens dat wij d'accort waeren 2 voorders beninde dat tul. en ande

3343 2363 2461 160 recken heeft ghebroght asseurantie van de twee packen N n° 27 & 28

3349 2426 2480 140 die ick van ul in hollandt leghende hebbe overgh nomen om u. als doen

3347 2529 2489 89 dienst te doen alsoo den vriendt voor wie ul. die hadde af ghesonden deselve

3356 2594 2523 125 niet en wilde aenveerden. ul. sondt mij doen de facture met presentatie

3339 2683 2448 90 oft die wilde voor n jn recken. aen veorden sonde reenighesmentie

3342 2743 2445 124 van assurantie. is dien tiyde is ul. daer largo overgeschreven soo

3352 2836 2445 99 dat mij dunckt dat dat nu wederom niet tepas en compt als ul. alles

3329 2886 2424 116 wel naersiet soo sal ul opder vinden volghens de recken. die ick ul

3342 2972 2399 106 hebbe volghens mijne soecken ghesonden datter gheen erreur car

3366 3036 2484 111 wesen en het slot moet iust d'acbort nomen sj£ 98:16:- weghens dat bedre

3358 3116 2499 133 van diest over de laeste goederen gheclaeght heeft heeft vl. aen mijn

3347 3170 2438 135 vaedergheschreven die mij seght ul large dien aengaenge te

3357 3256 2393 155 hebbela gheant woort m vellens sal ul. en saliwel oock hebben

3344 3362 2367 110 gheschieven want claeght seer over carsegen die ul voor hem

3312 3409 2531 128 heeft inghecocht voor mijn deel moete ul. seghen dat gans ghoen

3339 3532 2423 96 goederen noodigh hebbe ende dat noch niet een stuck hebbe

3326 3579 2492 146 vercocht van de laest gheariveerde staende al ul. acht packen

3345 3697 2505 83 ende die van mr. soockson ghehadt hebbe noch in sijn gheheel hier

3335 3714 2463 136 en is niet te doen want ghelijck als ul. doet en ghedaen heeft soo

3345 3829 2486 110 sijnder differente vrienden van costij die daeghelijc hier gver comen

3358 3892 2479 145 oft met brienen presenteeren alle soorten van goederen aende

3356 3986 2454 139 ghene die nas paachten te fournieren ende aen te debitteren

3340 4076 2460 152 voorders woorden de gooeren  generael hier tet soo

3351 4163 2364 154 laghen prijs at gheset ende ghedebitteert datter
