5863 4432
3252 31 698 142 Martin founnier

5028 39 638 159 Adij 12 demay 1707

3007 36 188 137 Ath

3256 126 2418 159 i'ay bien receu l'agreable vre du d3 du court et ensuitte aussy du messager

3259 249 2437 103 charles le maire vingt pistolles et ure lettre de change sur mons. Bacques

3272 308 2497 115 Cockelet dicy de deux cent florins argent courant ie luy en ay donne quittance

3258 385 2497 96 quil vous mettra es mains ie n'ay pas payée monfiere parce que la lettre

3241 429 2390 124 de chande ne doibt estre payée qu'à la fin de lemois en suitte a vre

3263 507 2506 112 de mande ie vous envoye ey incluse memoire de serges et aussj facture

3256 595 2516 96 de ces trois presces de draps p. ou il me rest £7:- ious receu quantite de

3241 664 2364 86 nouvelles marchandises de toute sorte et toute est pour la presens

3250 736 2503 108 a fort bon marche quant v.. se transponte ra icy ie vous piee d'avoir

3243 796 2513 121 la bonte de passer p. chez nous et ie ne doubte pas ou vous trouverez

3235 884 2544 124 vre assortiment de tout et mellieur marches q g'aultre part ie me

3260 959 2456 106 recommande avre bonne grace et auant besoing de la moindre

3257 1011 2475 125 chose ie vous prie me commander et donner vos ordres qui suis

3357 1095 218 85 m

3060 1101 1095 165 Rottera oean van meel

5071 1120 583 138 Ady 12 ditto 1707

3263 1222 2435 147 ick en twijffele niet oft den mijne van 2 courant is ul. wel het sijnen tijde

3274 1321 2511 124 gheworden ende hett comt mij vremt voor dat sedert van ul. nochte van mijne

3247 1380 2463 137 packen niets hebbe vernomen naedemael ul. gheordoneert hebbe die cito

3254 1448 2472 162 af te senden ten beste ul. sal moghelijck wesen ende daer in te doen

3276 1542 2506 136 als voor eijghen. ick can die met dit laisoen inde verwe steecken en noch

3263 1574 2340 164 opt beste brachten te beneficeren aleer dese verwacht wordende

3270 1665 2395 130 hulsche vloote comt te arriveren want ditto soorte van goederen is

3269 1738 2488 161 merckelijck ghedaelt in prijs bidde en ghelieft niet langher te dilageren

3254 1809 2353 148 want buyten de ghelegene schaede hebbe ul. diet mael ghenoeht

3275 1894 2461 154 gheschreven wat intrest dat daerbjlijde sal die dan te ghemoet sien

3236 1926 2057 174 in antwoort deser waer op mij verlaetende soo lijve

3026 1990 1131 188 ghendt Reynier e Bucks

5001 2064 522 158 Adj 12 ditto

3241 2144 2442 183 Ick hebbe ul. op 29 pasto gheschreven die niet eens twijffele oft is ul. wel

3261 2190 2513 220 gheworden hebbe ul. daer bij versocht van voor dejresterende partijckens

3245 2306 2434 165 te ghelieven briefkens te senden Joft ul. Beminde heeft mijne

3266 2347 2377 205 sulen tot tweemael hier sijnde Bekooft te doen soo haestals haude

3260 2445 2375 147 thujs wesen en echter tot noch toe daer van gheen effert becomen

3255 2540 2501 182 dat temmers niet wel is naedemael het nu soo langhe tijdt is gheleden

3240 2609 2423 173 het en is mijn manier met ia ommoghelijck com aen dien mejen

3248 2657 2551 250 goet dierder te vercoopen als aen d'ander ul can sulex selfs ghenoech

3218 2731 2540 224 sonder vinden als ul. ghelieft mijn goet teghens van een ander wel te

3235 2863 2529 179 besien en sultnoeten bekennen dat ul. niemandt beeter in bedient

3251 2939 2533 201 ick magh ul. oock assureren dat meer dan mijn winst aenden intrest

3251 3013 2491 188 moete toegheven dat ul. immers selfs niet en saude begeeren ick

3235 3087 2495 197 diene ul seer gherne en sal in alle soccasien toonen dat ul. met mij

3240 3173 2509 203 seer gherne sult te doen hebben en continueren ende en versoeghe

3246 3278 2401 155 ansders niet als dat ul. maer ghelieft consideratie te ghebruntcken

3240 3396 2521 144 ende te voldoen aen mijn versoeck dat redelijck is welck afwachtende

3243 3441 2035 170 blijve met presentatie mijns dienst in alle occasien

2987 3541 1556 169 Brugge Gilis van Coppenollen

3217 3669 2567 168 vinde  van ue aengenaeme van 21 februari. 17 april en

3220 3769 2566 161 5 court te be antwooreten p den laesten geme veruen

3209 3874 2507 108 het arivement vande londons voodt tot ostende daer

3218 3957 2441 149 den heer sij over gedanckt en wille niet twijffelen ff

3221 4039 2478 114 alle de gedestineerde schepen stullen daer solu ander

3224 4144 2390 114 wesen hebbe in defferente int rest tesaemen van13

3213 4223 2538 108 rachen ouez vont ingeslote memoste en notitie tot de
