6281 4441
2087 60 617 187 21 meert 1709

681 69 1046 185 Rotterdam Jaques Meyers

886 138 2331 165 ue aengename van 5 courant hebbe het t' sijnen tiede wel ontfange

878 286 2244 166 tot antwoort volgens mijne notisie en een niet anders bevinden

876 387 2306 183 ofte de oncoster syn wel uyt gereckent als die moete wesen volgen

900 489 2168 194 de jonste brieven van londen gisteren becomenoostont het

884 618 2295 144 convoy te seyen sijnde de schepen reets afgeracht en vervolgens

870 720 2277 135 voor ne costij wel connen gearriveert veen soo niet gelieft

874 852 2246 169 op ontfanck deser te doen verseckeren op goederen gelaeden

887 933 2262 171 aen boort Joan Batterƒ 2000 en op Janes Custat ƒ1200

863 1018 2289 168 door goede en suffisante leyden om imeas van verlies dat

874 1141 2219 201 godt gelieve te verhoeden geen dat goat te hebben het selve

863 1245 2205 169 afwachtende soo blijve nevens mijn huijs vrouwe van herte

2233 1364 629 218 Adij 21 d

667 1383 1258 201 Amsterdam Andrioly 1 comp

840 1489 2238 188 i'ay bien receu lhonneur de la chere vre du 18 du

847 1626 2206 193 court ensuitte j'ay honnore vre traitte de cent livres

849 1741 2285 180 de gros en faveur du s: Pedro Proly pour compte

845 1843 2278 212 du S. Jacques le Beuss de leyden. en tour que ie

859 1968 2191 175 vous purs estre utl en ce quarties, il vous plaira

844 2110 755 150 de kommander

2299 2122 218 193 23d.

701 2217 715 169 Leyden Jacobus Lebeuf

879 2217 2323 196 ue aengenaeme 15 court wel ontfange dien volgens hebbe mess andri

874 2351 2328 185 en comp van amsterdam op miy voor ue dick getrocke £ soo vlaem

853 2458 2300 184 wis selgelde dat conform ver heert hebbe en ue daer voor gedebiteet

871 2557 1780 178 p naesten breeder en middellertijt ben van herten

2101 2666 346 126 21 ditto

697 2645 676 211 Gent J:B. Sandelaer

860 2736 2290 191 ue aengenaeme van gesteren hebben wel ontfangen en geerne

870 2871 2291 142 gesien ue een quaert drap de damme hadde vercoght met het

838 2964 2324 135 restant vant fijn swert 3600 doch als ick soo veele op de mack

867 3055 2243 118 moete verlese gaet het te veer want ick mijn calculatie daer

849 3140 2268 143 niet naer advenant en hebbe gemaeckt sal ue ist mij mogelijck

881 3238 2327 153 noch dese weeke oft int eerste van toecoemende af sende 2 P 3650

869 3333 2278 188 swerte fijne en 2 p blouwe onct eenige quaerten drap de damnes

862 3434 2347 158 tot ue governo present ist mij onmoegelijck door voorvallen de affai

857 3537 2340 157 rens en belitsel ben godt an vincent Bassclurs ut gintressut

861 3653 2290 159 want het sulckx langh genoch sin voorcoemen vens te wel

871 3737 2328 156 het derde paet ombragie van de Buck hadde connen op nemet

878 3834 2282 184 hijen soude mij oock voor geen £800 geastrapeert hebbe ick

865 3931 2344 189 en dencke niet ue daer aen vast is het geene p occasie geane

867 4042 2343 208 verneme want bij alle voor vallende occasie sal thoene

868 4187 830 154 dat ben van hert

4847 116 660 122 21 meert 1309

3267 72 1084 195 Demonde Perre de Bout

3381 223 2324 146 sende ue heden met het beurtschip op Dermonde twee

3380 339 2411 168 poxkens gemerckt PN 1:2 droogh en wel geconditioneert

3381 448 2312 160 voor reken. van mons B Bapt L'olivier ditth ops

3398 532 2305 190 ontfanck gelieft de  selve etto voorsste senden want

3390 689 2274 139 die vrient daer ten uijtersten bij verlegen is. hebbe

3394 761 2461 197 de vraght alhier aen landt betaelt tot ue governo blijve

5002 875 520 161 adij 21 dito

3244 872 1050 216 Leuven B. Corthauus

3390 1001 2353 166 ick hebbe ue brief deorden bode wyns wel ontfang van 18 court met

3390 1109 2325 113 een stuck laecken dat ue mij weder sendt doch weete niet wat te

3382 1155 2406 144 segghen is, want ick hebbe ue in sinceritijdt daer soo welen goeden

3377 1227 2418 139 c6op aen bedient als imant soude connen doen. aengaerde het fijn

3386 1351 2496 98 geperst den bode heeft mij het geldt gepresenteert gelijck ue mj schrijfte

3391 1370 2437 132 tot 112 maer dat en can ick ommogelijck niet doen. vercoope die

3373 1437 2412 134 soorte 146:117 tot 40 ende omdat ue mij schreef dat den minsten prijs

3375 1515 2466 175 soude stellen al oft ue present waere soo hebbe oock sulcxx gedaen en nu

3377 1588 2464 173 wilt ue noch afdingen het gene niet ommogelijck is te te connen

3375 1665 2455 149 accorderen oft ick soude het moeten over hessen daer en is niemant

3376 1722 2507 166 in antwerpen die de goederen soo cniel over laet ende vercoopt

3388 1821 2465 138 als ick doen waer van ue magh versceekert wesen ick sende ul ingese

3362 1892 2506 150 =loten eenige staeltiens en op die couleuren ten naesten bij can ick

3382 1976 2448 120 ue dienen van alle prijssen van 381 a ƒ2:- ƒ:7 tot 45 en 48 st hebbe

3374 2042 2481 136 oock schoone spaensche nieuee mode couleure haeckens en voorts

3377 2127 2440 124 ieder hande goederen tot ue dienste ue en gelieft mij maer te

3358 2208 1020 129 commanderen die Blijve

4996 2305 227 205 ade

5314 2323 247 170 ditto

3263 2293 1169 221 Brussel A de Paud

3363 2445 2443 174 desen om ue te adviseren dat voorleden voonsdagh ue hebbe afgesonden

3372 2590 2437 84 een volle gemerckt D.V. met het beurtschip voor rekene van mons

3382 2657 2414 108 d' Houst tot Berghen in houdende drij engelsche groene laeckens die niet

3377 2721 2480 139 en twijffele oft sullen heden gelost worden ditto vrient is daer ten vutters

3356 2827 2492 89 ten byverleken gelijck ue sien can uyt den ingesloten brief aen ue bidde

3343 2907 2517 93 die cito voorts te senden op Bergen voorders hebbe ue met het selfde

3362 2958 2363 122 beurtschip gesonden een paxke gemerckt. GI.M. voor reken. van

3373 3013 2485 142 mons. miliam Joseph maille oock tot Berghen gelieft daer mede

3379 3096 2467 137 voor sarghe te draegen van voorts te senden ende sijn ordre te volgen

3361 3168 1472 167 en ue sal iny verobligeren die Blijve

5317 3242 230 183 ditto

4984 3249 193 160 ad

3271 3274 967 179 Mons G. G Maslie

3367 3342 2412 194 ie ne doubtte pas ou la mienne du 13 du court vous sera bien parveniue

3369 3481 2364 128 asteuy ie vous ay envoyée hier p. la premierre barque marchande pour

3369 3544 2445 121 Bruselles lamarchandise y mentionée dans un ballot marque oL.B

3369 3621 2448 110 addvesse au S. henry de Panne a la raiste d'or au marche au grain pour

3373 3707 2484 100 en suivre vre ordre. ie suis en donne advis ceiourdhuy et il vous plaira

3350 3769 2468 97 de luy en vouer cito receu la mienne la decharation pour la sortie

3364 3816 2490 125 de Bruselles comme vous souhaittey qu'l la fasse a pied de cette vous

3358 3937 2508 90 en eacez la facture portant de change ƒ709:15 pour quelle somme il vous

3371 3949 2458 117 pla1ra met crediter: le drap noir c'est N°9 et le luy du fabricateut dans

3349 4041 2448 120 la lisiere est marque M n°156 a fin que nous n'elissions plus de

3362 4090 2403 129 ditterent p en semble comme du passé cur pour moy ie suive

3366 4188 2477 100 foujour mon numero sans prendre esnard a celuy du fabricateur

3365 4255 2356 102 pour les draps double presse, ces ne sont pas iust les mes me
