6269 4449
851 4 2317 146 de muelqhe as orsement pour leprim temor. s v dme rect or donner

851 99 2321 128 que chose et prendre l'espreuve soyez perseade que pars onne

850 134 2137 143 au mosn de ne vous servira a plus iuste prist ne mellieux

747 194 1152 152 marche que mon quis suie

2492 243 672 190 adij 16 fe bruas1717

671 251 1653 217 Mechelen Jacoous Paradaens

849 364 2323 161 met dit aen commende saisoen en ttwijffele niet oft daet sal af dets

850 442 2335 188 ul deinst voorvallen ende tot dien eyndeven wille niet naer laeten

829 526 2308 144 aen ul ander mael mijn dienst te presenteren ende te adviseren

827 591 2331 161 dat een schoone partije van alder hande goederen onder miy hebbe als

856 672 2302 167 doegnen, noortsche en geperste laeckens oock spaensehe van alle

852 744 2328 160 soorten en prijssen , bayen van alle genolchten ende carseyen

836 825 2319 148 soo witte als couleure en roode en blouwe verwachte oock met

849 903 2278 136 het eerste convoij een verschsortement van geperste en sijne

833 972 2243 135 spaensche nieteme mode couleure laeckens tot ve dienst ick

842 1058 2333 150 hebbe versoo dick maels versocht als ue overcomt van eens gelieven

844 1120 2217 141 naer te commen daer sal altijdts aliets wesen dat ue sal

844 1188 2296 151 agreeren en ick sal van mijtien cant alle moogelijcke devoiren

843 1266 2309 152 doen om ue calandisie te connen hebben ue versecker ende dat

835 1352 2190 121 in Antwerpen ue niemant beter nochte beter coop en sal

835 1421 2099 119 be dienen als ick die naer wenschinge van den salighen

824 1484 1745 160 wasten nevens Joff ve Bemende Blijve

1410 1569 68 90 d

977 1579 238 101 din

602 1567 2481 211 Amstero. PietC vanHonsen ady 18 ditto

824 1719 2340 115 ue aengenaeme van 11 en 14 court hebbe wel ontfang met den tweden

841 1765 2290 143 eene remise van 12 sos op messr Sam uelt larke in London

818 1832 2359 158 van stej £100 gewisselt a ƒƒ33:11 waer voorre conforin hebbe gecrediteert

829 1917 845 164 ƒ1000:- banco. blijve

2424 1995 489 153 adij ditto

604 2029 1153 191 Brussel Coff. Janssens

813 2148 2229 180 mons. vanden Berghen van halle heeft mij geadviseert met syne

828 2285 2351 121 missive van 5 deser dat ick opue voorsijne reken soude trecken negen

827 2326 2315 135 hondert guedens wisselge sijnde £150:- vlaems soo als ick heden gedaen

834 2390 2318 137 hebbe in brief te betaelen op sicht aen d'ordre Jotf. de wed. theodor

832 2450 2216 141 procckmans die versoecke ue gelieft de goetheyfte hebben van

834 2528 2283 132 con form te verheeren en te sul mij verobligeren die naer

830 2592 1548 148 offres mijns dienst en groeten we blijve

1945 2671 667 148 28 fevrier 1709

655 2661 934 169 mons Anthini Daous

834 2761 2214 127 cete recen la chere vre du 4 du court ie me suis unfomer

829 2871 2256 127 apres la barque dont jay charge vre balot le 29 xber elle est

812 2933 2357 160 party le 3 janvier et bien arrive en suitte en son temps a buxe

851 3022 2280 112 de plus jay escrips a la taiste dor aussy aux faiseur ou comip de

819 3102 2275 133 barques a bruxelles et l'un ne l'autre ne me fait reponce ce que

829 3217 2261 131 est cause que ie ne vs ay pas repondu platost ene doutte nulle

825 3283 2283 166 ment ou le dit  vs sera rand u pr le present car a sui

833 3362 2271 175 assue que ie n'est que la negligence de l horte a la faiste

828 3456 2352 181 ie n'envoyee jamais se marchandise ou iendonne advis en manc

827 3569 2262 155 temps mais cest un home que ne sen sousce pas et vs ne ferrz

824 3653 2171 132 pas  pr l'avenir de faire addrisser la marchandise

834 3760 2218 126 a quelque autre de vos ames come du passez que aurx bon

826 3831 2339 106 soing et vs servira promt pr fort peu de chose je m'estonne q ves

803 3904 2356 158 seplaigne de 2 draps double presse que ie vs ay vendu a ƒ47

824 3998 2255 133 jay regaerde le nemeros et le prix et ce sont tout d'une misme

832 4087 2298 115 qualite il et impossive quil y peuven: avoir de verdde dans

853 4181 2258 119 car ie ne les ay  que peu pa semaine a la maisson quant

837 4243 2296 106 v g estoit icy je doute pas ou :9: aure besoing de ulqu

3380 0 2439 134 assortement pr le piortemp jar une pasne eu mo selue men

3382 104 2365 169 chandise en chemen que j astend en peu de drap dousin

3379 202 2418 151 du nord et double presse aussy draps laine d'es pagne

3407 302 2390 168 de communs et sapersins jay aussy nutres belle assorte

3380 407 2438 140 ment press pr le present de draps noir et bleu 3600 et draps

3388 527 2364 175 de dammes et pr le reste ie suis bien frurmis de toutte

3402 584 2306 199 sorte de marchandise aus iy de drap tientsrouge perds

3272 745 71 97 d

3375 684 2400 205 dausne bleu et pal bleu a vre. service quant l'occasion se

4264 809 216 96 con

3376 791 2318 229 present ie vs vre prie man der et jauray soing pr vs

5790 903 93 99 19

3363 915 1480 191 bien fenoir et a justa prix qui suis

4714 1005 661 153 20 Jebruarjs 1700

3273 1063 939 183 Mechalen R: Jiedogene

3375 1104 2432 212 ue aengenaeme van gisteren en is mij naer heden op den

3343 1261 2444 147 middagh terhant gecomen soo dat ue d'en parle couleur cur

5826 1310 71 99 Auns

3364 1311 2441 207 seij niet als met de vrogh wagens op morgen aen afsende

3242 1426 2528 213 die verhoepe ue wel sal geworden sijnde in een volleten

3368 1541 2499 245 gemerckt A½ te betaelen a ƒ 26 wisselgelde nalle

3392 1646 1738 222 occasien gelieft te commandere blije

4974 1814 446 153 Adij 21 d

3227 1687 987 342 ns loe

3357 1930 2439 178 Le messager Jonaert m'a bien rendue la chere vre du 19 du court mais ie n'ay

3374 1997 2502 176 pas troiuve a propos de luy mettre es mains les deux pr. de bayer de  365 cause bs

3368 2070 2434 182 que ie ne les trouvois poinet finnes assez puis que Ve dordonne de la plus

3367 2139 2421 162 finne sorte. ie les aytfait voir an dit messager comme aussj vre sorte

3366 2178 2518 195 de bayes deventer a ƒ 84 tres belles que ie vous consiellerar de m'ordonner

3362 2264 2511 183 il vous en fera raport v me marque que les bayer vont 110:- moins

3354 2318 2449 193 que la livre il est vray, mais point les superfinnes, qui passent encor le

3355 2380 2455 207 ƒ30:- soyez persuade quant il vous plalra m'ordonner la moindre chose

3359 2449 2431 190 que i'au vais soing de suivre exactement vre ordre aursy, que i'en ferais

3344 2530 2459 176 voujour chots comme si seriez icy present et que parsonne an monde

3349 2584 2479 185 ne vous servira mellieur marchezqhe may.  toutte sorte de manu=

3343 2653 2453 150 ac tures est a si bas prix quelle n'at este de vie dhomme, et sur touts

3362 2721 2453 151 les draps fabrique du pays comme noirs, blenu 3600 et drap de dammes

3359 2780 2475 147 i'ay asorthment de draps noirs et bien de ƒƒ13.114uvsques a ƒ315 les super=

3346 2861 2467 136 ennes drap de dam mes de ƒ12:13 et ƒƒ114:- jay de draps dosths, draps du

3358 2937 2452 115 noorder donble presse draps l'anne d'espagne de tbutte sorte de couleurs

3354 2977 2432 155 et prix. auvsy flanelles de 3 a larges cito que mes draps rouger, dont

3356 3046 2488 135 N me faite mention, serent hey ie ne manquetray pas a vous en

3344 3108 2450 133 roser les eschantillions entre temps ie vous prie me commander en

3357 3178 1420 142 tant que pourriez avoir besoing ett suiz

5078 3276 475 176 ady 21 d

3241 3252 1386 244 Mons Daveugre guusson

3352 3423 2442 121 estant sans au cunnes de cheres vres cellocy servira pour vous donner

3346 3504 2476 111 advis puis qu'il n'y a point de barque marchande pour Bruselles que

3345 3544 2474 141 iiay livre au mossager Jonaert les draps couleux de rose dans on set it

3370 3580 2508 195 paequet marque tres bien conditioné. il est renue pr. la barque

3315 3687 2516 175 jordinaire et il suiy a fallu partir ce medu p les charcots p. mallinnes

3346 3734 2495 176 a cause de la gelee survenne de nouveau ie n'osois plus de layer a vous les

3349 3806 2470 144 en voyer, car i le messager on auvoit point veniue ie les aurois aussj

3344 3870 2452 121 en vayce p chariot et addresse a Brusselles au maistre de coche

3342 3939 2459 158 de reons comme i'ay fait passe quelques jours pour des austres. les

3338 4030 2479 98 du apissont par faittement beaux et ie les ay fait tiendre deux foie

3324 4087 2501 97 et ie ne dauste pullement on S.g en serea tres contente incluse la

3339 4144 2491 130 gacture portant de change ƒ560:- pour quelle somme il vous plaire

3350 4205 2455 120 ne cre diter. i'ay deux drap de deimmez du prix comme ie vous ay

3333 4240 2502 129 envoyce he deonier aussy ay ie en superfin si beaux que aurez veu
