6225 4452
820 64 2218 153 aen d' hier van goeh over te leveren at die op

799 182 2367 199 cortinge van de schult aen nemen en ick can ue bayen

798 290 2395 213 oft carseyen in plaetsche senden die ue buyten twijfel

807 416 2385 199 met den winter meer sal noodigh hebben ue en salt

808 535 2273 194 noeyt becloegen maer ter contrarie tot ue favenr

800 652 2377 188 ondervinden ende dat ick met ue sal ageeren soo

785 760 2331 181 als een heerelijck man doen can oock dat ick altijdts

784 872 2232 174 sal wesen ue vrient. gelieft mij hier opp ans te

783 1016 2200 167 antwoorden het welcke verwaghtende blijven

2132 1102 885 207 Ady 2 xber 1209

593 1112 1033 192 London P. de Dorpere

805 1240 2291 202 fijn eeste n aengenoemen van 9 patt hebbe wel ontfangen ganccopteert

872 1388 2205 148 e en beyde un tratos sijn mij expresenteert en hebbe den conform gescceptoort

790 1466 2287 198 als f 230 aen d'order lo chovalier & fumants eu 2os tot 34:4 on stt non

745 1582 2247 212 ordro molegdor monsiours op 3f sieht tot 6 33 hadde IPiover gehadt

806 1696 2213 181 aen op sicht hadde getrocken want mijne pennigen sijn geroot ende dat in

798 1819 2195 183 liot hebbe goremeteert is maer alloen geweest om dat geen brieven minder

793 1928 2284 220 Don dibbel niet coste becomen ende dat sal mn niet redelijck vallen die to senden

816 2046 2207 184 vernuls de goederen al roode gearreveert waeren oock dat u genotoert hadde

824 2150 2261 221 op £sos to trecken op Amsteram om dat als doen speonseerde dat door die tijdt

781 2361 2186 137 De W:550l soude veranderen en mij connen advantasien geven maer als bij

799 2476 2240 148 tocoomande ul ordineren to trecken gelieft te restuteren altijts cort sicht

797 2559 2086 165 want anders ist mij te voet soude oock begons reputatie sien ue notitie

785 2682 2226 183 van den prijs der concoster baeyen daer en is niet in te doen tot uedertijt toe

787 2799 2286 211 ul can met geleegentheyt mijn Intrest dien aene aende waernensen het en moet

791 2910 2285 199 niet tot 13 wit wesen teot en comt op eenen stalven grooten niet aen de goederen

775 3034 2236 241 schijvon a cots ymeer faveur to nemon en bier tor contrarion van tijt tot tyt

759 3148 2265 202 minder het is in sincoretut daer en fs accier geenen in trest uyt de wolle

795 3260 2196 179 negotie te maecken en ick en can niet bedencken soo het soo veele noch

777 3375 2200 175 Connen uijtlondon hope van den aenstaonden vrede ende dat bij die oocasie

764 3538 2215 169 de goederen sullen in prijs a verhoogen teeert veele hun solven doen

792 3641 2320 158 belasten en ick vinde mij mede onder dit getal want hebbe presont con magesijdt

789 3783 2237 144 van cula t £10000 by mij oude soeck mij van de selve niet te ontmaecken want

783 3857 2215 168 Daeren is present geen leetor consopt dan de goederen te doen comen ende

755 3956 2229 199 Die tot prjs comt te vercoopen ap con carsy frisiet en brey on is geons

782 4067 1942 217 moor te profileren mot de lakens soo l naer proposie ick  vonnesite

3399 94 2446 179 ieorne cons ve spocnlatie en wat ul gedacleten sijn van den vrode en oock ofter

3395 195 2396 194 fondamont is dat de goederen bij die voorval sonden avan seten in prijs ul grootenisse

3398 318 1314 134 ƒoo blijve de dienaer mijn thoep potro mosijn

3244 420 2413 220 London de wedf van den Bustche enlouyp Ady 2 xber 1209

3384 588 2382 174 ul aengenomen van 12 past hebbe wel ontfangen ende daer bij gesien vevijstigh

3391 724 2367 200 Concestor baoyen ealde Inscroeste tot a5 g p a en alleen 10 p sijne smankens

3391 820 2341 218 breyen sij gontmerck tot 88aende die te samen gepackt in twee packen en af

3368 929 2401 212 gelaeden voor Rotterdam in Josen blaklant diecen en twoe doegen naer datimt

3365 1049 2440 170 stont mot convoy te seylen vanleot salfto en hebbe tot dato mol vernomen godt wilt in

3380 1158 2437 256 salvo brengen wat aengaet de swankens baeijen a ƒ50 ltien amies ue goen meeder en ceert

3353 1291 2477 241 tul dien prijs connen becomen is wel maer wegens de cancerter baeijen tot 15 grooon en can

3372 1407 2368 269 niet bedanken wat reden ul daer tot hebben doen resolveren ue noteerden mij don prijs

3365 1520 2383 235 Imanisli van 12 Juijnsti tot 14 grooen daer op hebbe ul in sber geantwoort en

3360 1595 2379 258 gerefueert in dese weorden wegens de consestor baeijen als die goet wssen en

3359 1722 2420 235 van de alderbeste soorte het en wamt opt grooten niet

3350 1837 2369 276 aen aen aen daer de verlgen dat wilt leghen dat ick

3350 1953 2340 247 considereerde iut ommoogelijck te weten dat het soude

3350 2087 2497 240 connen lucken dat die tot den ouder prijs van 13 groeten

3351 2208 2359 204 soude connen coemen pas 13½ grroeten ja hadde

3348 2333 2456 217 het geweest 14 groeten maer tot 1½ grooten door te

3355 2396 2433 256 passeeren busten dat ue den prjs cour. noteerde waer

3351 2516 2402 228 op ick ue hebbe geordonneert is bij my in conceptibel

3351 2667 2427 200 ick moete patientie heben. een gedaene saeke en

3362 2758 2259 212 can niet terdaen worden maer ue moet selfs

3351 2879 2442 194 advoieeren dat sulckx buyten allen stiel is. blijve

3234 2952 899 204 London L. de Dorpere

4777 3000 587 180 A dod

3319 3111 2466 277 P scriptam. desen mijnen geschreven soo ontfange

3333 3232 2498 262 ue aengenaeme van 13 past. waer bij ue mij adviseert

3324 3354 2441 227 getrocken te hebben a ƒ 34:3 st £200 op iis voor

3334 3483 2439 225 rekene mestss Cooksjn tot Leedt aen d'ordre Adriaen

3352 3590 2419 239 en Jacob femminck sal die verheeren doch hebbe

3313 3734 2555 246 dese messre soo posstief geordonneert niet als op sicht

3343 3842 2372 244 te doen trecken en sulckx is wat chaginant. en

3336 3996 2471 140 gelieft maer bij het toehoemende adroisns over ostende te

3295 4109 2396 115 schrijven. want die route it wel genoech gereguleert

3327 4212 2490 132 en over hollant sjn dobbel opersten van briefflerten. voor

3333 4259 2092 107 de rest referere mij als hier voreu en blijvet
