5972 4388
676 39 2276 144 convoy door storn groote schaede sal hebben be

654 91 2162 154 daer by godt danck niets gheintresseert den heere

647 191 2410 192 ghelieve de verliessers te vertroosten en in andere te

628 330 2460 162 vergoeden sal het natureel parucque te ghemoet sien

660 411 2374 230 deeen principael tot couvert voor de nigheleyde s

660 515 2410 214 enghelandt die ghelieft prompt voorts ganca te doen

663 616 1100 194 theven en soo Blijve

399 777 2080 193 Rotterd. vincent Paette en andere als monsbaers

823 869 1423 139 overde kinderen en wesen van

825 969 986 138 melchior macrhoue

2103 987 810 222 Adij 20 xber 1707

612 1049 436 213 Messe

641 1186 2371 165 hebbe ul. twese brieven van 2 Augnsti laest en 14 cour wel

650 1305 2319 134 ontfanghen tot antwoorde moete ul. seghen dat met

637 1400 2329 149 monsr. melchior maas houck noydt & heer affairens

658 1557 2375 156 ghedaen hebbe dan alleenelijck dat hij voor inij een

636 1622 2415 161 partijcken bayen heeft in ghecocht daer ul. mu van de

664 1744 2401 165 reckene sendt datter eenighe guldens p. slot mancquere

664 1908 2239 144 hebbe hem selfs daer toen ter tijdt overgheschreven

667 1986 2308 194 ghehadt en die en hebbe niet voldaen alsoo den

639 2100 2408 179 erreur in d partije bayen was weghens de ghennchter

666 2230 2375 160 ende dat daer over pretentie hebbe ghemaeckt en

666 2350 2309 186 sulckxx heeft laeten stecken tot ul governo blijve

415 2459 1334 243 Leyden Jacques le beuf

2290 2512 695 245 Adj 20 ditto

656 2624 2318 243 hebbe ul. aenghenaeme van 14 cour. wel ontfanghen

642 2788 2434 226 en sien geerne dat ul. mij saa een sortimentie voor

622 2897 2290 215 ul. recken te vercoopen sult ghereedt maecken

635 3029 2404 196 op conditie als ul met mijnen van 13 court. largo hebbe

676 3149 2333 178 gheschreven bidde dat soo haest mooghelijck te

633 3291 2405 145 senden op dat mijne vrienden adverteere want

642 3385 2386 200 het is present het beste salsoen van de iet voor

633 3506 2160 181 die soorte van goederen principael inde

640 3631 2372 184 car mosjne en blauwe midts dat s. goederen

610 3774 2312 145 doon de militairen met het incomen van de

641 3869 2416 205 gurnisoenen worden ghedebiteert en nu doorde

607 3998 2457 245 winckels hien sortiment wort op ghedaen absus

609 4126 2286 210 mij die afsendt versoecke te noteeren den

3340 0 2439 151 &verminsten waer voor die can vercoopen als

3336 37 2465 214 oock de noodighe ordre om die opt comptoir oft licent

3334 203 2362 141 te connen aen ghenen het welck afoachten de

3330 273 596 183 soo Blijel

3131 381 1489 232 Ghendt B Bapte D Sadelaer

5112 401 659 214 Adij 22 8ber 1707

3331 514 2348 189 hebbe beyde ul. aenghenaeme van 20 court wel ontfanghen

3338 701 2422 131 doch door particuliere voorghenallene affairens den eersten

3339 775 2438 99 niet eerder beantwoort sal de inghecochte lijn waeten voor

3319 834 2502 180 den Armen soo haest mooghelijck te ghemoet sien want bene

3319 980 2481 102 daer bj verleghen hope dat die wel en denghdelijck voor haer

3327 1049 2436 172 prijs sullen vallen mant de partije die ul. voor dhr. De bie

3336 1171 2468 176 besorght heeft sijn vollen slecht het is mij leedt te verstaen

3335 1291 2494 173 dat ul. mj noseert dat beeter het restant van mijne laecken

3340 1392 2384 168 saude terugh ontbieden weete wel dat de voorghenallene

3330 1486 2426 176 affairens van de Buck groote preiuditie doen echter mijn

3324 1606 2413 135 restant en is soo groot niet oft ul. sal dat ten minsten nu

3332 1681 2319 144 met het incomeen vande garnisoenen aenden man

3105 1700 2690 265 connen brenghen de ninckeliers mooghen in d. Boedel

3322 1900 2469 153 coopen soo goeden coop als het is niemandten heeft aende

3341 1999 2466 193 Buck vijtghenoeme seer weynigh goedt ghedaen oft het

3321 2095 2446 137 15 qualijck gheconditioneert oft bereijdt ghelijck wijs nu al

3330 2220 2406 125 vernemen en voor mijne goederen en hebbe nohdtgheen

3315 2313 2505 170 con ghespaert om die wel te doen berenden ende conditione

3304 2461 2499 106 =ren datt op 18 wel 1s te seghen heeft voordere drap de dames

3332 2535 2488 176 is altijdt willigh en om die wenighe quaerten die ul. heeft

3307 2634 2389 136 met het ca mosijn sal die liever wat minder stellen

3314 2735 2485 155 ende daer door passeren patientie ghelieft hier in ul.

3157 2845 2620 147 devoir wat te doen soo het niet wille lacken sal die dan

3310 2981 2498 136 op ul a dines wederom ordonneren te senden traeckende

3306 3083 2514 135 het monster van pack laeckens dat ul. mij sendt niet tegen

3312 3178 2501 137 =staende dat die virt enghelandt niet meer mooghen comen

3330 3305 2488 117 soo isser weynigh de het ende d'alderbesten worden tot 18:

3308 3436 2471 123 a 18:10 alheer vercocht aengaende de carseyen sal ul

3324 3522 2484 199 die senden en laeten naer denght van  22:- tot 23:- de

3317 3623 2485 187 gheveryde van alderhande moode coleuren tot  26:- de

3323 3755 2489 147 Blausve tot 31:- de roode a l'advenant vl. iedts noodigh

3315 3910 2425 138 hebbende sijn tot ul. dienst van frisaerden oft cottons

3322 3982 2354 139 hebbe ul daer over ghes en alsoo ul. miy antwoorde

3320 4082 2316 152 gheen noodigh te hebben soo hebbe mijne meeste

3321 4220 2402 125 partije met de ghesloten packen vercocht tot 9 st: viyt
