6235 4426
833 49 2297 106 verhope dat het int cort sal beteren sj sal mij al tijdts seer welle com

842 125 2338 108 wesen en sortiment van alles genoechsaem vinden en manher

842 164 2325 107 middelertijet iets anders versoecke ul. mij maer en gelieft te schrijven den

841 219 2338 124 blouwen Trisaerdt en de say met den olijf couleur bas hebbe al iende verfve

849 293 2326 99 gegeven ende soo haest die gereetweden sal ul die oock toesenden daer

845 353 2338 101 in as deen schoonder goet als ick tegenwordigh hebbe in gheelantis wer

847 385 2273 107 te sien soo van alle soorten van superfijnne als gemeyne spaensche

832 455 2313 99 nieuwe mode coleure paeckens geneste noortscheden de dorijnen ooc

843 501 2332 118 engelsche generfde blouwe, bleeck blouwe, giele groene, roode laether

845 559 2186 85 die maer ofp eenen patacon p. a en comen. vayen, deven ter bayen

849 620 2329 121 flanellen trisaerden en carseyen van alle prijssen, soo witte als geaerde

846 666 2325 128 oock alle soorten van in lansche en horlantsche car moiyne blouwe

824 759 2335 93 en swerte laeckens en drap de dammes. hebbe de serhondert gden

824 809 2351 111 wisselk bj jaff Jansens tot Brussel met een briefken voor  reken

834 847 2279 110 doen optfaia en de  daer voor gecrediteert hebbe oock op gisteren

841 921 2342 103 aen S. Joseph Broeta een quittantie voor ul. reken gegeven n i

820 953 2363 118 overhondeert endertigh guldens courant geldt ende ulsens gelijckte daer

824 1038 2329 93 voor gecrediteert dat dat soo lanck is aen geloopen is door een met

828 1086 2348 114 =everstant geweest van de joseph Brocta hadde mij bij een ander dewesen

827 1136 2291 110 om die penning: t ontfang die mej altejdts heeft vert gestelt ende nu den

848 1221 2335 106 persoen die het aen haet over quaek heeft meit commen het geldt brengen

821 1297 2279 93 seggende hij mejnde dat dien anderen vrient onj over lanck hadde &

822 1356 2338 82 betaelt raeckende de penning van de kinderen van vroem Rossiers

831 1375 2311 143 daer en is geen eynde van te becomen daer en passeert noydt dagh op

829 1446 2306 128 sprecke ter borse den not a ris ende die weet telckens nieuwe wijt

826 1528 2319 102 vlachten, nu heeft hij mej gisteren geseyt dat het procesdat daerover

825 1555 2348 114 geweest is wederom oort gaet ende dat onde costen die daer door mogen

805 1641 2294 112 comen te vallen van geen peningen magh scheyden al wast mijn

821 1701 2284 99 eggen saecke ick en can hem niet meerder praemen. als hoff a

827 1774 2354 89 Be m inde sal over comen dan sal naer daeren voorder van strecken

825 1844 2366 72 ende bj den notaris brengen ende van alles datter gepasseert p ken nisse

820 1873 2359 105 doen geegen: groete ul en haer met de famillie van herten benevens

822 1913 1083 124 Mijn huijs vrouw ende Blijve

2486 2032 589 136 Adij 11 sber 1705

713 1989 1057 186 Brussel Dhr. Grimberghe

834 2129 2338 118 come ul. noch eens nder mael moegelijck vallen en vyt den naem van monsr

832 2227 2285 82 van den Berghen tot halle dat ul. p. sijn ordre en voor syne reken. op

820 2257 2350 118 gisteren met het beartschip hebbe afgesonden een cleyn pacxke geerc

833 2343 2341 77 a Lor denaer M.W.B met versoeck ul. geieft de goetheyt te hebben van dae

832 2403 2345 85 voor sorge te draegen en aen hem in gevolge sijn ordre toe te senden en l

815 2443 1912 80 sal hem en mij verobligeren die in alle occassien ben

651 2529 934 131 6ds 26. cts. 1o0kson

2565 2532 535 134 Adj 11 ditto

834 2627 2353 118 i'ay receu les troiz agreables vres du 4. 11et 15 du passé p. la derniere compte courant

839 2702 2344 113 quue i'exa mineraysur. premier et ie tacheray de vous remettre pr. solde du dit a la

839 2759 2319 95 facture de la balle Ne8 il y at un erreur mon preiudice il vous plaira de l

835 2815 2345 88 sexaminer si bien que touttes les autres et vous le trouvesez.  lest constant que

811 2871 2353 91 vous me chargey trop aussy pour le dressing et plus que vous n'avez fait

809 2916 2348 96 du passe. ie scay fort bien que lon peu di minuer le frait et les charger sur le

852 2956 2260 100 poue de marchandises plus quelle ne couste mais cela n'est pas le fait d'on

835 3028 2322 95 honneste homme parce que i'ay confience en vous, vous estez le seulque at

825 3058 2347 121 achepte et m'envoyée de draps depuis deux ft2s d'icy et a un aultre ie ne me

835 3122 2329 106 rier  pas pour donner si groeses ordres a la fois le pourquoy vousferrez tres

826 3214 2341 62 malde me faire payer ou porter en compte un dennier plus que la mar

833 3241 2354 116 chandisse louste non obstant que vous soirez de temps en temps en disbourse

826 3327 2338 80 car comme la negoce at en ce quartaers a present vous gaignez plus

840 3354 2288 84 ahant i'asseu vance et la prouction que nomsne faisons o pou vons: ie

852 3404 2313 87 may de fait de touttes vosscarsces sans profit seulement pour en estre

839 3459 2334 94 quat cay elles ne sont pas a mon contentement et pour lavenir quant

832 3523 2332 82 ie vous donnerois de mouveaux ordres i'en pretendid avoir inelliulres

855 3585 2280 79 pour 8. . oultre vos bayes sont en cor touttes pactes et ie nenay pas

841 3584 2330 146 encor veu que celles du samuell lorder IC& de  35 a 36 quelles ne sont

849 3655 2345 151 pas larges avsez comme ie vous ay escript p. mes precedentes les aultres

823 3735 2255 105 n'en pourray iuger quant i'auray occasion delles vois. il me fault

824 3760 2325 131 advoncer. a by a mr. sAbbet son qu'il ma fort bien servi cette Annez jes

835 3831 2325 121 en bayes et surisees et a fort bon marche l if m'at envoiyée de carvee de

828 3878 2338 145 stansfeeld a ƒ34:6 plus belles que les vres et de cariseees de joseph silley

839 3953 2332 135 £34:- larges sorttes et blanches et de tres belle laisne. ie peu vendre les

839 4006 2323 105 slennes et lesvres il m'a sallu m'en de faire touttes a la  fois sans

845 4110 2326 86 profit il y en a de vres de stansfield qui sont fort estroites et que n'ons

843 4137 2276 104 pus 37 a on elle devoient auoor 40. ausy sont ces bayes qu'il m'at

830 4211 2356 80 envoyce mellieurez et mellieur marche hormis en on ballot outt

832 4283 2332 61 a manque cest la verstez que ie vous dit et a dessien que vous

842 4334 1955 36 auvriez plus de soing pour l'avenir pendant que ie suis

3255 77 1529 120 London P vanden Bussene

5203 59 673 129 Adij 11 xber 1708

3389 148 2421 112 op 20 passs hebbe ul. geremitteert st £99:-:- van 17ditto sor op the

3383 226 2438 96 n gurnesse op 2 coupt. hebbe ue daer van gesonden den selende met

3383 307 2434 60 nooch een wisselbrief van sto £200:-:- 16 deser vervallende ende

3384 360 2403 75 daer tegens gesonden mijn asignatie aen mijn vrient m. xames

3393 417 2369 68 pobetson tot oeds om daer mede bij ul denbovens: wisselb wast

3383 429 2472 100 mogelijck bj tijde af te doen haesen ende in te voorderen dat verhope

3373 490 2500 95 salsos con form sal comnen geschieden soo met dat ul den wisselb:

3391 560 2400 71 soude gelieven in te voorderien ende mijn assignatie te voldoen

3396 608 2450 65 sijnde ditto brief op mees chet en fin lak als vrleryt den ingesloten

3379 662 2428 75 seconde contsien. sedert ben sonder ul aengenaeme ech teven twijl

3368 692 2385 84 ffele niet oft mijne bovens missiues sulten dk wel sijn geworden

3382 764 2413 96 de wissel op dosts bluft alhier sonder faieur en is gecommen op ƒ33:

3387 800 2401 87 2wsos niet teaenstaende van costij blijft continueren af te commen

3403 870 2425 95 33:8 a0 soo batter tot noch ove geen profyt is om iets voor petouven

3365 898 2432 128 op tijdt aff te geven dat wilte gelooven met den winter saoen sal

3389 944 2431 125 veranderen als voorleden jaer vande London vloote op Rotterd

3377 1030 2036 104 hebbe al noch naets vernoemen ick groete ck en Blijve

5141 1088 560 125 Adij 11 ditto

3270 1082 1351 171 Rotterdam Jaeques ieyers

3374 1198 2401 108 hebbe het synen tijde wel ontfang ul. aengenaeme van 2 court ben ul

3373 1250 2421 103 verobligeent voor NS. goethebbt van het gesondene natursel peruckie

3367 1292 2502 114 doch tot dtto heden naets vernoemen alsoo ul niet en heeft gemen

3369 1356 2332 104 honeert met wat schipper hebbe gerefflectert uyt de gepasseerde

3370 1454 2388 73 Amsterdamse gasette van dijns dagh batter eenige hutsche schepen

3375 1512 2446 57 tot terverve commende van harwigh sijn in geloopen verhoepe die

3361 1556 2453 72 arror nae costy sullen wesen sonderrrampen  doch alsoo niet

3369 1586 2372 99 oft ditto schepen langen tot harivich hebben geweest ofte dat het de

3358 1664 2362 77 schepen wesen van hull die men met convoyde reetelijck sijn

3363 1693 2459 109 atwaehtende soo versoecke ul. mij gelieft te nogeren oocck oft daer

3400 1771 2367 91 onder is shomas wright in uae alleen twee packen hebbe

3370 1816 2438 96 n° 11 en 12 op vs antwoort sal de notitie tot de destaratie ent

3368 1869 2475 111 versenden ch laeten toecommen gelieft de ingeleyde voor en gel

3369 1938 2479 90 =andt voorts ganck te geven. hebbe van auff Broock mans vernoemen

3366 1990 2462 78 dat matante ul Bemende tran ver maenden soude swanger weesen

3372 2037 2401 105 den heere gelieft haer in volle gesontijft te laeten continueren

3369 2104 2345 89 wille mijn gepresenterden dienst voor peter noch eens erhaelen

3377 2158 2462 98 en ul. offickeren verhopende ul. het schve mij dese reysse niet sult

3365 2209 2466 107 afslaen blijvende naer cordiaele groeten we benevens mijn huyser

3270 2252 1113 136 Brussel Nicolaes dousedan

4677 2275 490 100 11 sber 1708

3390 2353 2436 147 het is mij liet geweest dat voor ue vertreck het gelack niet hebbe

3391 2451 2480 142 gehadt van ue meer te conne sprecke tgens ue mij gelooft

3392 2548 2415 146 hadde sander dagh noch eens naer te coeme we tot oock

3386 2617 2394 146 den heele morgent hebbe gewaght ue ick verhoepe et te min

3378 2712 2405 153 dat ue wel en in goede gesontuyt sult wesen thuys gekeert en

3374 2832 2479 153 e moete denck dat ue op een ander sijn sortiment sal hebbe

3365 2922 2475 159 gecoht ick wille wel gelooven dat ue tot minderen prijs e

3379 3016 2421 132 wederen hebbe gevonden maer oft die van de beste qualetije

3345 3104 2493 140 sijn als ick ue hebbe getoont en 2 stucke tot een monster geson

3380 3206 2461 137 dat laete ick aen ue naer hin en te considereren voor mijn deel

3371 3309 2417 150 en hebbe nochte en begeere niet meer onder mij als de alder

3361 3449 2397 113 boste goederen want ick hebbe ondervonden met het gemeyn

3359 3490 2448 149 noch dat meer callantin soude verliesen dan aen te queten

3360 3583 2489 150 ende hebbe gereflaeteert volgens het poeck woort dat de beste

3359 3723 2453 118 goederen alt jts wesen den beste coop ick magh e assureren

3364 3807 2485 97 dat ue niumant soo eviel ot goeden coop als ick en can bedie

3355 3884 2502 132 en ende daerom soo coeme ue nogh eens als voor desen bij

3359 3969 2498 128 voor vall ende occasien mijne dinst presenteren ue assureren

3319 4071 2516 127 de als ue over comt oft iets noodigh hebt mij te ordon

3255 4205 2506 92 in eeren dat ue oltijts sal dienen at oft ue hier predent

3362 4274 545 99 waere blijve
