5936 4406
515 55 2512 108 veele efteeten en viftstaende schueden moet hebben en als sulcx wel betiert

511 111 2373 96 woord dat het beeter sal afloopen als men sich wel magineert hebbe

503 173 2449 131 mijne boecken en recken naerghesien en oevinde voor £800:- daer

494 228 2499 115 boedgheintresseert te wesen ick recommandere ul van herte dien aen

485 304 2453 126 zavende te doen voor mij als egghen en van wat passeert mij kennisse

513 390 2335 92 ghelieft te gheven vernachte desen accompt ul. antwoort

469 454 2500 126 teghergie. ul ghisteren hebbe versocht het is me van herte leeft ul

481 535 2542 109 daen mede aen te cort comt wille wel seghen datt die slagh soo naest niet

502 571 2487 137 hadde te ghemoet ghesien want difte de sbuck en sheeft tot nachtoe

497 644 2496 127 gheen gediet ghemanqueert en altijdts prompt sijn brieven betaelt

482 676 2334 163 dat mij gheogiseert heeft doch met seght mat dat ht considerabel

515 807 2403 100 partijen inden bergh van over lange beleent heeft het ghene mij

507 858 2489 133 wreint voor compt ul niet en saude hebben gheoeeten ende dat ul

514 907 2494 121 van ul daer noydt de minste mentie hebbe van connen ghe waer

502 997 2436 136 woorden daer nwaert oock heden alhierter borse ghesoydt datten 50 pet

521 1055 2387 114 saude ghepresenteert woorden verwachte door het faceur van ul

529 1098 2284 151 antwoort van alles largo informatie te cone t becomen en

519 1191 1820 132 midde lertijdt ul. van herten groetende soo blijve

297 1275 1487 228 Brussels Josephuor vander Borght

2343 1354 649 191 Adij 12 Julu 1707

507 1471 2528 189 en hebbe in langhe faute van occasie deere niet ghehadtt ul te schrijven

521 1598 2490 148 al soo het na over de seven maenden gheleden is dat ul dat sjn partijcken

504 1651 2332 143 van eenen bay een carsey en een flanelle hebbe ghesonden sijnde

525 1732 2437 136 gheweest cobe en bedraeghende nasselghelde t 26:10 soo come 3 pr

498 1791 2493 141 desen versoecken dat uelinn het selve ghelieft te voldoen en ul. sall met

519 1875 2503 142 verobligeren en sal het selve verwachten daer ick ul. can dienst doen

521 1954 2532 132 ghelieft mij maer liberlijck te commanderen ten van alle soorten van

490 2026 2193 140 goedelen seer wel voorsien en alles is seer goeden coop blijve

297 2088 1492 199 London CCaspar vanden oussche

2385 2151 456 182 Adij 14 ditto

514 2250 2457 161 en hebbe gheen occasie voor nu becomen om ul seer aen ghenaeme dato

513 2339 2381 170 10 ebrnari laest te beantwoorden ick sien dat ul. hetghene ul wegkens

505 2455 2327 137 cottons en colchester bayen hebbe gheschreven niets en heeft connen

520 2504 2517 161 lectueren pr. desen come ul. versoecken van vooring in te coopen en in

510 2587 2498 148 gen pack op te packen vier en twintigh swanskins baeyen van differente

514 2677 2470 132 prijssen met seen half p cotton tot ferdulare en p eerst vertreck ende

494 2716 2412 186 convoij in een goet schip en schipper af te laeden, en mij toe te senden

504 2846 2522 130 ghelieft te sorghen dat het goet goedt en van goede qualiterdt jan want die

480 2912 2558 156 ul mij voorleden jaer ghesonden heeft waeren wat volen slecht. ick en

506 3019 2444 105 twijffele niet oft die sijn teghennordigh ghelijck als andere goederen

508 3092 2512 144 laggh en prijse recommandere ul. mijn antrest daer in als voor eijeghen

521 3168 2458 128 weser te nemen en ul groetende soo blijve in afwachtinge van

511 3246 538 130 el antwoort

1223 3256 1795 199 pr. couvere van Dhr. Broeckemans voorss gegaen

293 3372 1185 187 namur Marie hermans

2433 3408 584 186 Adij 17 ditto 1707

508 3550 2470 166 i'aj bien receu en son temps l'agreable vre du 8 du court avcc vre lettre de

519 3638 2517 170 change a huiet jours de veue sur le le S. vincent Basseliers de deuxcents

521 3737 2431 160 cinquante florins de change qui l'at accepte ensuitte en sontemps -

510 3836 2528 207 a'ch procuienay le necessaire et ie vous en donneray credit en compte ie

510 3932 2488 185 pasferay aussj au S. Andre her hermans les dix florins dont V.g. me

517 4036 2501 210 fait mention il at estez chez moy mais en ce temps la ie n'avois pas

528 4125 2426 198 encor receu la chere vre surditte  s'il y a quelque chose de

515 4232 2300 120 vre service ie vous prie me commander toute sorte de

3338 30 2461 79 marchandise n'at hamais estez mellieure marche et ie suis fourni de toutte

3319 104 2493 89 sorte les draps susperfinnoir et bleu pour 315. i'en ay asteur de communsrouge et

3330 170 2465 94 verd pour ƒ59 et bljv pour 38 patteers. ien ya rien plus beau jaussy toutes sortes et

3314 231 2462 103 prisx de draps couleurs d'unsesca ƒ3: ƒ3:6 ƒ3:12 ƒ4:- ƒ4:4 ƒ4:10 pus gues a ƒ 6 les

3309 288 2484 106 1supertens let draps coleures commun de 38 uysques a 481 pattars les fhanelles de

3322 343 2433 89 3 a sarge on bayes de colchester a ƒ42:- carisees a ƒ 23 et ƒ24 blanchesfrissettes a 11

3313 428 2484 88 pattans et toute aultre sorte a l'advenant a tres bon marche, y antbesoing de

3312 461 2499 112 la moindre chose ie vous prie mecommanderet ie ne manqueray pas a vous

3316 546 701 137 bien Servir qui suis

4967 594 609 211 17 Juni 1703

3108 626 1147 178 Ghendt Jacob Baut p. post

3268 739 2524 207 hebbe beyde de ue van en 15 court wel ontfangen: Sr. van moock

3296 869 2439 186 heeft hier alle de crediteuren van Reynierde Buck beroepen

3298 987 2263 205 en voorgedraegen het gepasseerde costij. het gene ue my

3296 1095 2523 172 mentioneert ende geraeden heeft gevonden is mede myn gevoelen

3311 1226 2478 152 ende daer toe hebbe hier inde groote devoiren gedaen, soo verre

3310 1351 2409 191 dat de meeste en princspaelste crediteuren gisteren hebben

3308 1462 2459 184 geteekent ende geapprobeert geen pretent van preferentie

3080 1527 76 123 „

3309 1574 2405 180 op de goederen sijn syn gheel sijnde in den berghostelders

3312 1681 2448 173 te sullen inspannen in conformisegt gelijck de crediteuren

3327 1784 2450 214 costij gedacn hebben. ick en twijfele niet oft die van hollant

3312 1912 2469 162 en ieders sullen het selve naervolgen en approteeren

3325 2039 2310 135 ditto sr van nooch is daer op heden weder p waegens

3314 2151 2389 165 vertroeken om desen avont costy te wesen ende te

3313 2249 2354 141 hooren wat resolutien voorders nu sullen worden

3313 2389 2465 158 gekoemen. alser goede precautie genoemen wort en

3225 2471 2560 154 alles met goeden raet costij bestiert can worden ende

3314 2604 2278 154 datter geen proosten inden boedel voor coemen

3289 2717 2563 159 soo en twijffele insgeliyckx niet oft men salder een prompt

3305 2815 2468 138 eynde van conmen hebben tot goede advantaghe van

3306 2928 2263 160 de generaele geint resseerde, dat den heere wille

3330 3050 2417 148 verleenen ick bidde de handt mede aen tehouden

3414 3132 176 85 van

3343 3150 2376 136 en wat passeert mij ue advies gelieft te geven die ue

3329 3226 990 210 groetende blijven

5101 3386 716 185 Adij 18 Julir 1707

3123 3380 1291 211 ghendt  Bapt. De Sadelaer

3349 3549 2493 150 beijde ul.aenghenaeme 13 en 16 court hebbe wel ontfanghen den in haut

3340 3648 2512 112 sahe considereert weghens het ghene ul. noteert te sen ghepasseert inden

3308 3705 2541 142 hoedel van Reynier de pick I van moock ory in alles present

3341 3832 2449 124 ghe weest hebbende is al hier vrijdagh laest ghereverteert

3331 3923 2506 165 heeft latterdagh alle de crediteuren alheergheconvoceert

3343 4011 2524 190 en kennisse ghegeven vant ghepasseende dien aen gaen

3314 4162 2422 167 de costij ick hebbe aenstens gheaprobeert het alf
