<?xml version="1.0" encoding="UTF-8"?>
<alto xmlns:xsi="http://www.w3.org/2001/XMLSchema-instance"
      xmlns="http://www.loc.gov/standards/alto/ns-v4#"
      xmlns:page="http://schema.primaresearch.org/PAGE/gts/pagecontent/2013-07-15"
      xsi:schemaLocation="http://www.loc.gov/standards/alto/ns-v4# https://www.loc.gov/standards/alto/v4/alto.xsd">
   <Description>
      <MeasurementUnit>pixel</MeasurementUnit>
      <OCRProcessing ID="IdOcr">
         <ocrProcessingStep>
            <processingDateTime>2022-02-11T21:31:38.415+01:00</processingDateTime>
            <processingSoftware>
               <softwareCreator>READ COOP</softwareCreator>
               <softwareName>Transkribus</softwareName>
            </processingSoftware>
         </ocrProcessingStep>
      </OCRProcessing>
   </Description>
   <Layout>
      <Page ID="Page1" PHYSICAL_IMG_NR="1" HEIGHT="4441" WIDTH="6303">
         <TopMargin HEIGHT="0" WIDTH="6303" VPOS="0" HPOS="0"/>
         <LeftMargin HEIGHT="4441" WIDTH="0" VPOS="0" HPOS="0"/>
         <RightMargin HEIGHT="4441" WIDTH="0" VPOS="0" HPOS="6303"/>
         <BottomMargin HEIGHT="0" WIDTH="6303" VPOS="4441" HPOS="0"/>
         <PrintSpace HEIGHT="4441" WIDTH="6303" VPOS="0" HPOS="0">
            <TextBlock ID="region_1637656918585_1784"
                       HEIGHT="4211"
                       WIDTH="2564"
                       VPOS="57"
                       HPOS="665">
               <Shape>
                  <Polygon POINTS="665,57 3229,57 3229,4268 665,4268"/>
               </Shape>
               <TextLine ID="region_1637656918585_1784l1"
                         BASELINE="914,148 1026,152 1139,156 1252,158 1365,160 1478,161 1590,162 1703,160 1816,160 1929,158 2042,156 2154,153 2267,150 2380,145 2493,141 2606,136 2718,132 2831,125 2944,119 3057,113 3170,106"
                         HEIGHT="131"
                         WIDTH="2288"
                         VPOS="49"
                         HPOS="898">
                  <String ID="string_region_1637656918585_1784l1"
                          HEIGHT="131"
                          WIDTH="2288"
                          VPOS="49"
                          HPOS="898"
                          CONTENT="met  dogh in een parxke gemerckt EB gelieft de"/>
               </TextLine>
               <TextLine ID="region_1637656918585_1784l2"
                         BASELINE="894,242 1003,242 1112,240 1221,242 1330,242 1439,244 1548,246 1657,248 1766,250 1875,252 1984,254 2093,254 2202,254 2311,252 2420,250 2529,246 2638,241 2747,235 2856,227 2965,215 3074,202"
                         HEIGHT="171"
                         WIDTH="2212"
                         VPOS="150"
                         HPOS="879">
                  <String ID="string_region_1637656918585_1784l2"
                          HEIGHT="171"
                          WIDTH="2212"
                          VPOS="150"
                          HPOS="879"
                          CONTENT="naer te doen om te sien op maer dagh alsoo de  waegens"/>
               </TextLine>
               <TextLine ID="region_1637656918585_1784l3"
                         BASELINE="922,338 1034,334 1146,334 1259,332 1371,334 1484,336 1596,338 1708,341 1821,344 1933,346 2046,348 2158,348 2270,348 2383,347 2495,344 2608,338 2720,331 2832,321 2945,307 3057,292 3170,272"
                         HEIGHT="197"
                         WIDTH="2280"
                         VPOS="208"
                         HPOS="906">
                  <String ID="string_region_1637656918585_1784l3"
                          HEIGHT="197"
                          WIDTH="2280"
                          VPOS="208"
                          HPOS="906"
                          CONTENT="door de quade weegen in eenen dagh noch nmet e repden"/>
               </TextLine>
               <TextLine ID="region_1637656918585_1784l4"
                         BASELINE="922,430 1031,429 1140,428 1249,430 1358,430 1467,432 1576,434 1685,436 1794,438 1903,438 2012,440 2121,440 2230,438 2339,436 2448,433 2557,428 2666,420 2775,411 2884,400 2993,385 3102,368"
                         HEIGHT="180"
                         WIDTH="2211"
                         VPOS="317"
                         HPOS="906">
                  <String ID="string_region_1637656918585_1784l4"
                          HEIGHT="180"
                          WIDTH="2211"
                          VPOS="317"
                          HPOS="906"
                          CONTENT="aenden voet des ir not usie tot den vercoop de goederen sijn"/>
               </TextLine>
               <TextLine ID="region_1637656918585_1784l5"
                         BASELINE="722,558 843,544 964,533 1085,526 1206,522 1328,520 1449,520 1570,522 1691,524 1812,526 1934,528 2055,530 2176,530 2297,530 2418,526 2540,521 2661,512 2782,498 2903,482 3024,459 3146,432"
                         HEIGHT="204"
                         WIDTH="2460"
                         VPOS="376"
                         HPOS="704">
                  <String ID="string_region_1637656918585_1784l5"
                          HEIGHT="204"
                          WIDTH="2460"
                          VPOS="376"
                          HPOS="704"
                          CONTENT="soo civiel gestelt en soo schoon voor hunnen mijs alsie"/>
               </TextLine>
               <TextLine ID="region_1637656918585_1784l6"
                         BASELINE="906,628 1017,626 1128,624 1239,624 1350,624 1462,624 1573,624 1684,624 1795,626 1906,626 2018,624 2129,624 2240,622 2351,618 2462,614 2574,607 2685,600 2796,589 2907,578 3018,562 3130,544"
                         HEIGHT="230"
                         WIDTH="2255"
                         VPOS="470"
                         HPOS="890">
                  <String ID="string_region_1637656918585_1784l6"
                          HEIGHT="230"
                          WIDTH="2255"
                          VPOS="470"
                          HPOS="890"
                          CONTENT="noh oy onder iue heeft gehadt hebbe die oock doen mate"/>
               </TextLine>
               <TextLine ID="region_1637656918585_1784l7"
                         BASELINE="918,722 1029,722 1140,720 1251,720 1362,720 1473,720 1584,722 1695,722 1806,722 1917,720 2028,720 2139,717 2250,714 2361,709 2472,704 2583,696 2694,688 2805,676 2916,662 3027,648 3138,630"
                         HEIGHT="191"
                         WIDTH="2252"
                         VPOS="587"
                         HPOS="903">
                  <String ID="string_region_1637656918585_1784l7"
                          HEIGHT="191"
                          WIDTH="2252"
                          VPOS="587"
                          HPOS="903"
                          CONTENT="naer moportie van de gentsche mae op datter geen des"/>
               </TextLine>
               <TextLine ID="region_1637656918585_1784l8"
                         BASELINE="898,830 1012,826 1126,822 1240,820 1354,818 1468,818 1582,818 1696,818 1810,820 1924,820 2038,820 2152,820 2266,820 2380,818 2494,816 2608,811 2722,806 2836,799 2950,789 3064,778 3178,766"
                         HEIGHT="186"
                         WIDTH="2311"
                         VPOS="671"
                         HPOS="882">
                  <String ID="string_region_1637656918585_1784l8"
                          HEIGHT="186"
                          WIDTH="2311"
                          VPOS="671"
                          HPOS="882"
                          CONTENT="cultijt meer en soude voor vallen wont als ick aen de moede"/>
               </TextLine>
               <TextLine ID="region_1637656918585_1784l9"
                         BASELINE="914,936 1026,930 1139,926 1252,924 1365,922 1478,922 1590,922 1703,924 1816,924 1929,926 2042,926 2154,926 2267,926 2380,924 2493,920 2606,914 2718,905 2831,895 2944,882 3057,866 3170,846"
                         HEIGHT="177"
                         WIDTH="2290"
                         VPOS="783"
                         HPOS="898">
                  <String ID="string_region_1637656918585_1784l9"
                          HEIGHT="177"
                          WIDTH="2290"
                          VPOS="783"
                          HPOS="898"
                          CONTENT="moet te coort  soo soude in dince retyt meer toegeven"/>
               </TextLine>
               <TextLine ID="region_1637656918585_1784l10"
                         BASELINE="910,1040 1016,1036 1122,1036 1228,1034 1334,1034 1440,1034 1546,1032 1652,1032 1758,1032 1864,1032 1970,1032 2076,1030 2182,1028 2288,1025 2394,1022 2500,1017 2606,1011 2712,1005 2818,997 2924,987 3030,976"
                         HEIGHT="209"
                         WIDTH="2154"
                         VPOS="901"
                         HPOS="893">
                  <String ID="string_region_1637656918585_1784l10"
                          HEIGHT="209"
                          WIDTH="2154"
                          VPOS="901"
                          HPOS="893"
                          CONTENT="dan avanceren gelieft mede in den vercoop den tyt soo"/>
               </TextLine>
               <TextLine ID="region_1637656918585_1784l11"
                         BASELINE="926,1148 1039,1146 1152,1146 1265,1144 1378,1142 1491,1142 1604,1140 1717,1138 1830,1136 1943,1134 2056,1132 2169,1128 2282,1124 2395,1119 2508,1114 2621,1106 2734,1098 2847,1089 2960,1079 3073,1068 3186,1054"
                         HEIGHT="231"
                         WIDTH="2292"
                         VPOS="962"
                         HPOS="909">
                  <String ID="string_region_1637656918585_1784l11"
                          HEIGHT="231"
                          WIDTH="2292"
                          VPOS="962"
                          HPOS="909"
                          CONTENT="coort te bedinge als moogelijck cen wesen want den ntreet"/>
               </TextLine>
               <TextLine ID="region_1637656918585_1784l12"
                         BASELINE="910,1252 1021,1250 1132,1250 1243,1248 1354,1248 1465,1248 1576,1248 1687,1248 1798,1248 1909,1246 2021,1244 2132,1242 2243,1238 2354,1234 2465,1228 2576,1220 2687,1211 2798,1200 2909,1189 3020,1174 3132,1156"
                         HEIGHT="255"
                         WIDTH="2256"
                         VPOS="1083"
                         HPOS="894">
                  <String ID="string_region_1637656918585_1784l12"
                          HEIGHT="255"
                          WIDTH="2256"
                          VPOS="1083"
                          HPOS="894"
                          CONTENT="gaet te veer int minste dat ue occasie voor comt gelieft"/>
               </TextLine>
               <TextLine ID="region_1637656918585_1784l13"
                         BASELINE="684,1350 804,1352 925,1352 1046,1354 1166,1354 1287,1356 1408,1356 1528,1356 1649,1354 1770,1354 1891,1351 2011,1348 2132,1344 2253,1339 2373,1332 2494,1326 2615,1317 2735,1305 2856,1295 2977,1281 3098,1266"
                         HEIGHT="180"
                         WIDTH="2448"
                         VPOS="1224"
                         HPOS="666">
                  <String ID="string_region_1637656918585_1784l13"
                          HEIGHT="180"
                          WIDTH="2448"
                          VPOS="1224"
                          HPOS="666"
                          CONTENT=" mij maer te laeten weten want ben ten uytersten van die "/>
               </TextLine>
               <TextLine ID="region_1637656918585_1784l14"
                         BASELINE="910,1472 1019,1468 1128,1466 1237,1464 1346,1464 1455,1462 1564,1462 1673,1460 1782,1460 1891,1458 2000,1457 2109,1454 2218,1452 2327,1448 2436,1442 2545,1436 2654,1430 2763,1420 2872,1409 2981,1397 3090,1382"
                         HEIGHT="251"
                         WIDTH="2213"
                         VPOS="1309"
                         HPOS="891">
                  <String ID="string_region_1637656918585_1784l14"
                          HEIGHT="251"
                          WIDTH="2213"
                          VPOS="1309"
                          HPOS="891"
                          CONTENT="goederen wel voorsien oock van alderande engelsche mae"/>
               </TextLine>
               <TextLine ID="region_1637656918585_1784l15"
                         BASELINE="914,1578 1025,1575 1137,1572 1249,1570 1361,1568 1473,1566 1584,1564 1696,1562 1808,1562 1920,1559 2032,1556 2143,1554 2255,1551 2367,1548 2479,1543 2591,1538 2702,1531 2814,1524 2926,1517 3038,1507 3150,1496"
                         HEIGHT="183"
                         WIDTH="2265"
                         VPOS="1420"
                         HPOS="897">
                  <String ID="string_region_1637656918585_1784l15"
                          HEIGHT="183"
                          WIDTH="2265"
                          VPOS="1420"
                          HPOS="897"
                          CONTENT="mefacture tot ue dinste gelieft mij van ontfanck der goede"/>
               </TextLine>
               <TextLine ID="region_1637656918585_1784l16"
                         BASELINE="918,1684 1023,1682 1128,1682 1234,1682 1339,1682 1445,1682 1550,1682 1655,1682 1761,1680 1866,1680 1972,1680 2077,1678 2182,1676 2288,1673 2393,1670 2499,1666 2604,1659 2709,1654 2815,1646 2920,1636 3026,1626"
                         HEIGHT="179"
                         WIDTH="2142"
                         VPOS="1536"
                         HPOS="899">
                  <String ID="string_region_1637656918585_1784l16"
                          HEIGHT="179"
                          WIDTH="2142"
                          VPOS="1536"
                          HPOS="899"
                          CONTENT="advis te geven oock eens oft ue geen roode penciestons "/>
               </TextLine>
               <TextLine ID="region_1637656918585_1784l17"
                         BASELINE="916,1816 1026,1812 1136,1810 1246,1806 1356,1804 1466,1802 1576,1800 1686,1798 1796,1798 1906,1796 2017,1794 2127,1794 2237,1792 2347,1790 2457,1790 2567,1788 2677,1786 2787,1784 2897,1782 3007,1778 3118,1774"
                         HEIGHT="163"
                         WIDTH="2235"
                         VPOS="1684"
                         HPOS="898">
                  <String ID="string_region_1637656918585_1784l17"
                          HEIGHT="163"
                          WIDTH="2235"
                          VPOS="1684"
                          HPOS="898"
                          CONTENT="soude conne beneficeren want ben daer nu mede in gelijck"/>
               </TextLine>
               <TextLine ID="region_1637656918585_1784l18"
                         BASELINE="906,1928 1018,1925 1130,1922 1243,1918 1355,1916 1468,1912 1580,1910 1692,1907 1805,1904 1917,1902 2030,1900 2142,1896 2254,1894 2367,1892 2479,1890 2592,1887 2704,1884 2816,1882 2929,1879 3041,1876 3154,1874"
                         HEIGHT="186"
                         WIDTH="2281"
                         VPOS="1788"
                         HPOS="888">
                  <String ID="string_region_1637656918585_1784l18"
                          HEIGHT="186"
                          WIDTH="2281"
                          VPOS="1788"
                          HPOS="888"
                          CONTENT="bij overlaeden ende die vanden nu hier seer wijnigh, astaeck"/>
               </TextLine>
               <TextLine ID="region_1637656918585_1784l19"
                         BASELINE="900,2016 1015,2016 1130,2014 1245,2011 1360,2008 1475,2005 1590,2002 1705,2000 1820,1996 1935,1994 2051,1990 2166,1988 2281,1986 2396,1986 2511,1984 2626,1984 2741,1986 2856,1988 2971,1990 3086,1995 3202,2000"
                         HEIGHT="140"
                         WIDTH="2333"
                         VPOS="1881"
                         HPOS="885">
                  <String ID="string_region_1637656918585_1784l19"
                          HEIGHT="140"
                          WIDTH="2333"
                          VPOS="1881"
                          HPOS="885"
                          CONTENT="en ue soude mij plaisir doen met eenige aenden man te conne"/>
               </TextLine>
               <TextLine ID="region_1637656918585_1784l20"
                         BASELINE="906,2118 1019,2115 1132,2113 1245,2110 1358,2108 1471,2106 1584,2103 1697,2100 1810,2098 1923,2097 2036,2096 2149,2094 2262,2094 2375,2094 2488,2094 2601,2094 2714,2096 2827,2097 2940,2100 3053,2102 3166,2106"
                         HEIGHT="152"
                         WIDTH="2293"
                         VPOS="1995"
                         HPOS="890">
                  <String ID="string_region_1637656918585_1784l20"
                          HEIGHT="152"
                          WIDTH="2293"
                          VPOS="1995"
                          HPOS="890"
                          CONTENT="brengen ingesloten aftistatie dat het laeckens wesen van onde"/>
               </TextLine>
               <TextLine ID="region_1637656918585_1784l21"
                         BASELINE="902,2216 981,2220 1061,2222 1141,2222 1220,2224 1300,2224 1380,2224 1459,2222 1539,2222 1619,2220 1699,2218 1778,2216 1858,2214 1938,2211 2017,2209 2097,2207 2177,2206 2256,2204 2336,2202 2416,2200 2496,2200"
                         HEIGHT="190"
                         WIDTH="1627"
                         VPOS="2089"
                         HPOS="884">
                  <String ID="string_region_1637656918585_1784l21"
                          HEIGHT="190"
                          WIDTH="1627"
                          VPOS="2089"
                          HPOS="884"
                          CONTENT="inlantsche fabrique blijve naer groetenisse"/>
               </TextLine>
               <TextLine ID="region_1637656918585_1784l22"
                         BASELINE="3054,2236 3079,2238 3104,2242 3129,2245 3154,2248 3180,2246"
                         HEIGHT="120"
                         WIDTH="164"
                         VPOS="2154"
                         HPOS="3038">
                  <String ID="string_region_1637656918585_1784l22"
                          HEIGHT="120"
                          WIDTH="164"
                          VPOS="2154"
                          HPOS="3038"
                          CONTENT="10"/>
               </TextLine>
               <TextLine ID="region_1637656918585_1784l23"
                         BASELINE="2082,2316 2107,2316 2132,2316 2157,2316 2182,2316 2208,2314 2233,2311 2258,2309 2283,2308 2309,2306 2334,2304 2359,2304 2384,2302 2410,2302"
                         HEIGHT="138"
                         WIDTH="364"
                         VPOS="2221"
                         HPOS="2063">
                  <String ID="string_region_1637656918585_1784l23"
                          HEIGHT="138"
                          WIDTH="364"
                          VPOS="2221"
                          HPOS="2063"
                          CONTENT="6 april"/>
               </TextLine>
               <TextLine ID="region_1637656918585_1784l24"
                         BASELINE="746,2358 797,2351 849,2346 901,2342 952,2339 1004,2337 1056,2336 1107,2336 1159,2336 1211,2336 1263,2336 1314,2336 1366,2336 1418,2336 1469,2336 1521,2336 1573,2334 1624,2332 1676,2328 1728,2325 1780,2320"
                         HEIGHT="167"
                         WIDTH="1065"
                         VPOS="2217"
                         HPOS="730">
                  <String ID="string_region_1637656918585_1784l24"
                          HEIGHT="167"
                          WIDTH="1065"
                          VPOS="2217"
                          HPOS="730"
                          CONTENT="Brussel Js vander Borckt"/>
               </TextLine>
               <TextLine ID="region_1637656918585_1784l25"
                         BASELINE="902,2446 1012,2446 1122,2446 1232,2444 1342,2443 1452,2442 1562,2439 1672,2436 1782,2434 1892,2431 2002,2428 2112,2426 2222,2422 2332,2420 2442,2418 2552,2416 2662,2414 2772,2414 2882,2412 2992,2412 3102,2414"
                         HEIGHT="189"
                         WIDTH="2232"
                         VPOS="2310"
                         HPOS="886">
                  <String ID="string_region_1637656918585_1784l25"
                          HEIGHT="189"
                          WIDTH="2232"
                          VPOS="2310"
                          HPOS="886"
                          CONTENT="Ick hebbe ue aengenaeme van 28 past en 2 court wel"/>
               </TextLine>
               <TextLine ID="region_1637656918585_1784l26"
                         BASELINE="922,2544 1033,2546 1144,2546 1255,2544 1366,2544 1477,2542 1588,2540 1699,2538 1810,2536 1921,2534 2032,2532 2143,2528 2254,2526 2365,2524 2476,2522 2587,2520 2698,2520 2809,2518 2920,2518 3031,2520 3142,2520"
                         HEIGHT="153"
                         WIDTH="2248"
                         VPOS="2432"
                         HPOS="907">
                  <String ID="string_region_1637656918585_1784l26"
                          HEIGHT="153"
                          WIDTH="2248"
                          VPOS="2432"
                          HPOS="907"
                          CONTENT="ontfange tot antwoort waert saecke ue laeckent hadde alhier"/>
               </TextLine>
               <TextLine ID="region_1637656918585_1784l27"
                         BASELINE="910,2650 1021,2652 1133,2650 1244,2650 1356,2649 1468,2648 1579,2646 1691,2643 1802,2640 1914,2638 2026,2636 2137,2633 2249,2630 2360,2628 2472,2626 2584,2624 2695,2624 2807,2622 2918,2622 3030,2624 3142,2624"
                         HEIGHT="142"
                         WIDTH="2265"
                         VPOS="2520"
                         HPOS="893">
                  <String ID="string_region_1637656918585_1784l27"
                          HEIGHT="142"
                          WIDTH="2265"
                          VPOS="2520"
                          HPOS="893"
                          CONTENT="gearriveert geweest ick en soude niet hebbe getraigneer dat af"/>
               </TextLine>
               <TextLine ID="region_1637656918585_1784l28"
                         BASELINE="908,2748 1021,2752 1134,2754 1248,2756 1361,2756 1475,2754 1588,2752 1701,2749 1815,2745 1928,2742 2042,2738 2155,2736 2268,2734 2382,2732 2495,2732 2609,2734 2722,2738 2835,2743 2949,2752 3062,2761 3176,2776"
                         HEIGHT="154"
                         WIDTH="2298"
                         VPOS="2642"
                         HPOS="893">
                  <String ID="string_region_1637656918585_1784l28"
                          HEIGHT="154"
                          WIDTH="2298"
                          VPOS="2642"
                          HPOS="893"
                          CONTENT="te senden den schipper van hollant light present met sijn"/>
               </TextLine>
               <TextLine ID="region_1637656918585_1784l29"
                         BASELINE="910,2844 1022,2844 1135,2844 1248,2844 1360,2844 1473,2842 1586,2842 1698,2840 1811,2840 1924,2840 2037,2838 2149,2838 2262,2838 2375,2840 2487,2841 2600,2842 2713,2846 2825,2850 2938,2855 3051,2860 3164,2868"
                         HEIGHT="187"
                         WIDTH="2286"
                         VPOS="2737"
                         HPOS="894">
                  <String ID="string_region_1637656918585_1784l29"
                          HEIGHT="187"
                          WIDTH="2286"
                          VPOS="2737"
                          HPOS="894"
                          CONTENT="schip nu aen de kaey sal sorgen draege om het selde tegens"/>
               </TextLine>
               <TextLine ID="region_1637656918585_1784l30"
                         BASELINE="906,2952 1017,2948 1128,2946 1239,2944 1350,2942 1462,2940 1573,2940 1684,2940 1795,2940 1906,2940 2018,2940 2129,2942 2240,2942 2351,2944 2462,2947 2574,2950 2685,2953 2796,2956 2907,2960 3018,2964 3130,2968"
                         HEIGHT="111"
                         WIDTH="2255"
                         VPOS="2878"
                         HPOS="892">
                  <String ID="string_region_1637656918585_1784l30"
                          HEIGHT="111"
                          WIDTH="2255"
                          VPOS="2878"
                          HPOS="892"
                          CONTENT="maendagh claer t erygen ue soude middelityt beeter self den"/>
               </TextLine>
               <TextLine ID="region_1637656918585_1784l31"
                         BASELINE="890,3078 1001,3075 1113,3073 1224,3070 1336,3070 1448,3068 1559,3066 1671,3064 1782,3064 1894,3062 2006,3062 2117,3060 2229,3060 2340,3060 2452,3060 2564,3058 2675,3058 2787,3058 2898,3058 3010,3058 3122,3058"
                         HEIGHT="117"
                         WIDTH="2261"
                         VPOS="2986"
                         HPOS="875">
                  <String ID="string_region_1637656918585_1784l31"
                          HEIGHT="117"
                          WIDTH="2261"
                          VPOS="2986"
                          HPOS="875"
                          CONTENT="boeden gaen sprecken en sien oft daer cans can wesen omdat "/>
               </TextLine>
               <TextLine ID="region_1637656918585_1784l32"
                         BASELINE="910,3178 1024,3182 1138,3185 1253,3186 1367,3186 1482,3184 1596,3183 1710,3180 1825,3177 1939,3174 2054,3170 2168,3166 2282,3164 2397,3160 2511,3158 2626,3156 2740,3156 2854,3156 2969,3158 3083,3162 3198,3166"
                         HEIGHT="136"
                         WIDTH="2318"
                         VPOS="3067"
                         HPOS="895">
                  <String ID="string_region_1637656918585_1784l32"
                          HEIGHT="136"
                          WIDTH="2318"
                          VPOS="3067"
                          HPOS="895"
                          CONTENT="sonder hal reck te becoemen mons vander camme sal in een"/>
               </TextLine>
               <TextLine ID="region_1637656918585_1784l33"
                         BASELINE="892,3264 1008,3270 1124,3274 1240,3276 1356,3278 1473,3278 1589,3276 1705,3274 1821,3270 1937,3267 2054,3264 2170,3260 2286,3256 2402,3254 2518,3250 2635,3250 2751,3248 2867,3250 2983,3252 3099,3256 3216,3262"
                         HEIGHT="123"
                         WIDTH="2355"
                         VPOS="3162"
                         HPOS="876">
                  <String ID="string_region_1637656918585_1784l33"
                          HEIGHT="123"
                          WIDTH="2355"
                          VPOS="3162"
                          HPOS="876"
                          CONTENT="oh a 2 as coemen en hij is seer vegevant gelieft hem daer toe"/>
               </TextLine>
               <TextLine ID="region_1637656918585_1784l34"
                         BASELINE="924,3380 1034,3378 1145,3376 1256,3373 1367,3372 1478,3369 1589,3368 1700,3365 1811,3364 1922,3362 2033,3360 2143,3358 2254,3358 2365,3356 2476,3356 2587,3354 2698,3354 2809,3354 2920,3352 3031,3352 3142,3352"
                         HEIGHT="126"
                         WIDTH="2248"
                         VPOS="3271"
                         HPOS="909">
                  <String ID="string_region_1637656918585_1784l34"
                          HEIGHT="126"
                          WIDTH="2248"
                          VPOS="3271"
                          HPOS="909"
                          CONTENT="eehs te sprecken hij sal ue ue sonder sante twijfel connen dinst"/>
               </TextLine>
               <TextLine ID="region_1637656918585_1784l35"
                         BASELINE="916,3484 1029,3480 1142,3476 1256,3473 1369,3470 1483,3466 1596,3463 1709,3460 1823,3458 1936,3456 2050,3454 2163,3452 2276,3450 2390,3448 2503,3448 2617,3448 2730,3448 2843,3450 2957,3450 3070,3453 3184,3456"
                         HEIGHT="108"
                         WIDTH="2302"
                         VPOS="3394"
                         HPOS="899">
                  <String ID="string_region_1637656918585_1784l35"
                          HEIGHT="108"
                          WIDTH="2302"
                          VPOS="3394"
                          HPOS="899"
                          CONTENT="doen en geeft hem maer een ordonnantie mede ende sult hem"/>
               </TextLine>
               <TextLine ID="region_1637656918585_1784l36"
                         BASELINE="916,3586 1030,3586 1144,3584 1258,3582 1372,3580 1487,3576 1601,3574 1715,3570 1829,3566 1943,3562 2058,3557 2172,3553 2286,3549 2400,3545 2514,3541 2629,3538 2743,3534 2857,3532 2971,3530 3085,3528 3200,3528"
                         HEIGHT="169"
                         WIDTH="2319"
                         VPOS="3465"
                         HPOS="897">
                  <String ID="string_region_1637656918585_1784l36"
                          HEIGHT="169"
                          WIDTH="2319"
                          VPOS="3465"
                          HPOS="897"
                          CONTENT="dam cito terhant stellen de londons vloote is wel gearriveer"/>
               </TextLine>
               <TextLine ID="region_1637656918585_1784l37"
                         BASELINE="914,3678 1029,3678 1144,3678 1259,3674 1374,3672 1490,3668 1605,3664 1720,3660 1835,3654 1950,3650 2066,3644 2181,3640 2296,3636 2411,3632 2526,3629 2642,3626 2757,3626 2872,3626 2987,3626 3102,3628 3218,3632"
                         HEIGHT="200"
                         WIDTH="2337"
                         VPOS="3535"
                         HPOS="897">
                  <String ID="string_region_1637656918585_1784l37"
                          HEIGHT="200"
                          WIDTH="2337"
                          VPOS="3535"
                          HPOS="897"
                          CONTENT="en hebbe daer mede een seer schoone partije van alderhande gout"/>
               </TextLine>
               <TextLine ID="region_1637656918585_1784l38"
                         BASELINE="930,3774 1044,3776 1158,3776 1273,3776 1387,3774 1502,3772 1616,3769 1730,3766 1845,3762 1959,3756 2074,3752 2188,3748 2302,3743 2417,3740 2531,3736 2646,3732 2760,3730 2874,3730 2989,3730 3103,3730 3218,3732"
                         HEIGHT="172"
                         WIDTH="2319"
                         VPOS="3680"
                         HPOS="912">
                  <String ID="string_region_1637656918585_1784l38"
                          HEIGHT="172"
                          WIDTH="2319"
                          VPOS="3680"
                          HPOS="912"
                          CONTENT="e prijsen van nieuwe moede couleure spaensche laeckens voor"/>
               </TextLine>
               <TextLine ID="region_1637656918585_1784l39"
                         BASELINE="926,3888 1040,3888 1154,3888 1268,3886 1382,3884 1497,3881 1611,3878 1725,3874 1839,3870 1953,3866 2068,3862 2182,3858 2296,3854 2410,3850 2524,3846 2639,3842 2753,3838 2867,3836 2981,3834 3095,3832 3210,3830"
                         HEIGHT="199"
                         WIDTH="2320"
                         VPOS="3733"
                         HPOS="907">
                  <String ID="string_region_1637656918585_1784l39"
                          HEIGHT="199"
                          WIDTH="2320"
                          VPOS="3733"
                          HPOS="907"
                          CONTENT="ben van alderhande goederen wel voor sien tat ue dinste heeft ie"/>
               </TextLine>
               <TextLine ID="region_1637656918585_1784l40"
                         BASELINE="926,3994 1040,3994 1155,3994 1269,3994 1384,3992 1499,3990 1613,3988 1728,3984 1842,3982 1957,3978 2072,3974 2186,3970 2301,3966 2415,3961 2530,3957 2645,3951 2759,3946 2874,3942 2988,3937 3103,3932 3218,3926"
                         HEIGHT="184"
                         WIDTH="2324"
                         VPOS="3836"
                         HPOS="910">
                  <String ID="string_region_1637656918585_1784l40"
                          HEIGHT="184"
                          WIDTH="2324"
                          VPOS="3836"
                          HPOS="910"
                          CONTENT="eenigh sortiment noodigh ue magh seeker wesen dat ue nieman"/>
               </TextLine>
               <TextLine ID="region_1637656918585_1784l41"
                         BASELINE="934,4120 1046,4118 1158,4116 1270,4114 1382,4110 1494,4107 1606,4104 1718,4101 1830,4098 1942,4094 2054,4091 2166,4088 2278,4086 2390,4082 2502,4080 2614,4078 2726,4078 2838,4076 2950,4076 3062,4076 3174,4076"
                         HEIGHT="238"
                         WIDTH="2272"
                         VPOS="3954"
                         HPOS="917">
                  <String ID="string_region_1637656918585_1784l41"
                          HEIGHT="238"
                          WIDTH="2272"
                          VPOS="3954"
                          HPOS="917"
                          CONTENT="in antwerpen beeter coop en sal bediunen dan ick die be"/>
               </TextLine>
               <TextLine ID="region_1637656918585_1784l42"
                         BASELINE="946,4228 976,4228 1007,4228 1038,4228 1069,4228 1100,4226 1131,4225 1162,4223 1193,4220 1224,4218 1255,4216 1285,4213 1316,4212 1347,4209 1378,4208 1409,4206 1440,4204 1471,4204 1502,4204 1533,4204 1564,4204"
                         HEIGHT="150"
                         WIDTH="655"
                         VPOS="4118"
                         HPOS="928">
                  <String ID="string_region_1637656918585_1784l42"
                          HEIGHT="150"
                          WIDTH="655"
                          VPOS="4118"
                          HPOS="928"
                          CONTENT="in alle occasien "/>
               </TextLine>
            </TextBlock>
            <TextBlock ID="region_1637656922913_1787"
                       HEIGHT="4381"
                       WIDTH="2598"
                       VPOS="23"
                       HPOS="3263">
               <Shape>
                  <Polygon POINTS="3263,23 5861,23 5861,4404 3263,4404"/>
               </Shape>
               <TextLine ID="region_1637656922913_1787l1"
                         BASELINE="4988,146 5017,146 5047,144 5077,144 5106,144 5136,145 5166,146 5195,146 5225,146 5255,146 5285,148 5314,148 5344,148 5374,150 5403,150 5433,150 5463,151 5492,152 5522,152 5552,152 5582,152"
                         HEIGHT="141"
                         WIDTH="625"
                         VPOS="71"
                         HPOS="4972">
                  <String ID="string_region_1637656922913_1787l1"
                          HEIGHT="141"
                          WIDTH="625"
                          VPOS="71"
                          HPOS="4972"
                          CONTENT="adij 8 April 170"/>
               </TextLine>
               <TextLine ID="region_1637656922913_1787l2"
                         BASELINE="3314,180 3384,176 3455,170 3526,166 3597,163 3668,159 3739,157 3810,154 3881,152 3952,150 4023,149 4093,148 4164,146 4235,144 4306,144 4377,142 4448,139 4519,136 4590,134 4661,131 4732,126"
                         HEIGHT="182"
                         WIDTH="1453"
                         VPOS="65"
                         HPOS="3295">
                  <String ID="string_region_1637656922913_1787l2"
                          HEIGHT="182"
                          WIDTH="1453"
                          VPOS="65"
                          HPOS="3295"
                          CONTENT="Rotterdam Jacques Meyers"/>
               </TextLine>
               <TextLine ID="region_1637656922913_1787l3"
                         BASELINE="3426,296 3545,285 3665,276 3785,270 3905,266 4025,262 4144,260 4264,258 4384,258 4504,260 4624,260 4743,262 4863,266 4983,268 5103,272 5223,274 5342,278 5462,280 5582,282 5702,282 5822,284"
                         HEIGHT="165"
                         WIDTH="2429"
                         VPOS="150"
                         HPOS="3410">
                  <String ID="string_region_1637656922913_1787l3"
                          HEIGHT="165"
                          WIDTH="2429"
                          VPOS="150"
                          HPOS="3410"
                          CONTENT="ue aengenaeme van 5 court ieder convert van joff de wed. Broeckmay"/>
               </TextLine>
               <TextLine ID="region_1637656922913_1787l4"
                         BASELINE="3426,386 3542,374 3658,366 3774,358 3890,352 4006,347 4122,343 4238,340 4354,340 4470,338 4586,338 4702,338 4818,340 4934,340 5050,342 5166,344 5282,344 5398,346 5514,346 5630,346 5746,344"
                         HEIGHT="156"
                         WIDTH="2354"
                         VPOS="266"
                         HPOS="3409">
                  <String ID="string_region_1637656922913_1787l4"
                          HEIGHT="156"
                          WIDTH="2354"
                          VPOS="266"
                          HPOS="3409"
                          CONTENT="wel ontfang Godt lof de nondons vloote sondert eenige rampen"/>
               </TextLine>
               <TextLine ID="region_1637656922913_1787l5"
                         BASELINE="3414,474 3535,464 3656,454 3777,446 3898,438 4019,432 4140,428 4261,424 4382,420 4503,418 4624,416 4745,416 4866,416 4987,416 5108,417 5229,418 5350,420 5471,422 5592,426 5713,428 5834,432"
                         HEIGHT="132"
                         WIDTH="2451"
                         VPOS="371"
                         HPOS="3399">
                  <String ID="string_region_1637656922913_1787l5"
                          HEIGHT="132"
                          WIDTH="2451"
                          VPOS="371"
                          HPOS="3399"
                          CONTENT="sal uo u. ul gelief te segghen dat het tot dese weecke sal trainen"/>
               </TextLine>
               <TextLine ID="region_1637656922913_1787l6"
                         BASELINE="3420,552 3536,544 3653,535 3769,528 3886,520 4003,516 4119,512 4236,507 4352,504 4469,502 4586,500 4702,498 4819,498 4935,498 5052,498 5169,500 5285,502 5402,504 5518,506 5635,509 5752,512"
                         HEIGHT="159"
                         WIDTH="2364"
                         VPOS="418"
                         HPOS="3404">
                  <String ID="string_region_1637656922913_1787l6"
                          HEIGHT="159"
                          WIDTH="2364"
                          VPOS="418"
                          HPOS="3404"
                          CONTENT="epen alheef de schepen aende stadt sullen weten door dien in"/>
               </TextLine>
               <TextLine ID="region_1637656922913_1787l7"
                         BASELINE="3412,638 3528,627 3644,619 3760,609 3877,603 3993,596 4109,591 4226,586 4342,582 4458,580 4575,576 4691,576 4807,574 4923,574 5040,574 5156,574 5272,576 5389,578 5505,582 5621,584 5738,588"
                         HEIGHT="87"
                         WIDTH="2356"
                         VPOS="544"
                         HPOS="3396">
                  <String ID="string_region_1637656922913_1787l7"
                          HEIGHT="87"
                          WIDTH="2356"
                          VPOS="544"
                          HPOS="3396"
                          CONTENT="goeree sijn binnen gelooven andere vrienden adviseren"/>
               </TextLine>
               <TextLine ID="region_1637656922913_1787l8"
                         BASELINE="3422,724 3542,712 3662,703 3782,693 3902,684 4023,678 4143,670 4263,666 4383,660 4503,656 4624,654 4744,652 4864,650 4984,648 5104,650 5225,650 5345,652 5465,654 5585,657 5705,661 5826,666"
                         HEIGHT="176"
                         WIDTH="2436"
                         VPOS="573"
                         HPOS="3406">
                  <String ID="string_region_1637656922913_1787l8"
                          HEIGHT="176"
                          WIDTH="2436"
                          VPOS="573"
                          HPOS="3406"
                          CONTENT="iont rabie ia selfs de Amsterdamsches gassette mede dat aleenige"/>
               </TextLine>
               <TextLine ID="region_1637656922913_1787l9"
                         BASELINE="3412,808 3531,794 3650,785 3769,775 3888,766 4007,760 4126,755 4245,749 4364,746 4483,743 4602,741 4721,739 4840,738 4959,738 5078,738 5197,738 5316,738 5435,740 5554,740 5673,742 5792,742"
                         HEIGHT="175"
                         WIDTH="2412"
                         VPOS="666"
                         HPOS="3395">
                  <String ID="string_region_1637656922913_1787l9"
                          HEIGHT="175"
                          WIDTH="2412"
                          VPOS="666"
                          HPOS="3395"
                          CONTENT="voor de shadt swaeren als James Cutbert, John Rutter en bohn"/>
               </TextLine>
               <TextLine ID="region_1637656922913_1787l10"
                         BASELINE="3418,890 3538,879 3659,867 3780,858 3901,849 4022,842 4143,836 4264,831 4385,828 4506,824 4627,822 4747,820 4868,820 4989,820 5110,820 5231,820 5352,822 5473,824 5594,825 5715,827 5836,828"
                         HEIGHT="203"
                         WIDTH="2451"
                         VPOS="741"
                         HPOS="3402">
                  <String ID="string_region_1637656922913_1787l10"
                          HEIGHT="203"
                          WIDTH="2451"
                          VPOS="741"
                          HPOS="3402"
                          CONTENT="godwvinn, soo datter geen reden van traenneren is ick bidde ue op"/>
               </TextLine>
               <TextLine ID="region_1637656922913_1787l11"
                         BASELINE="3386,986 3505,972 3625,960 3745,950 3864,940 3984,930 4104,922 4223,915 4343,910 4463,906 4583,902 4702,899 4822,896 4942,896 5061,894 5181,894 5301,896 5420,896 5540,898 5660,900 5780,904"
                         HEIGHT="205"
                         WIDTH="2425"
                         VPOS="835"
                         HPOS="3367">
                  <String ID="string_region_1637656922913_1787l11"
                          HEIGHT="205"
                          WIDTH="2425"
                          VPOS="835"
                          HPOS="3367"
                          CONTENT="salles dat vermagh gelieft toch te expedieren en laeten"/>
               </TextLine>
               <TextLine ID="region_1637656922913_1787l12"
                         BASELINE="3410,1054 3531,1045 3653,1034 3775,1024 3897,1017 4019,1008 4141,1002 4263,995 4385,988 4507,984 4629,980 4750,977 4872,974 4994,972 5116,972 5238,972 5360,974 5482,976 5604,978 5726,983 5848,988"
                         HEIGHT="170"
                         WIDTH="2473"
                         VPOS="906"
                         HPOS="3392">
                  <String ID="string_region_1637656922913_1787l12"
                          HEIGHT="170"
                          WIDTH="2473"
                          VPOS="906"
                          HPOS="3392"
                          CONTENT="een vrient expres op vegileren wille het seer geerne extra"/>
               </TextLine>
               <TextLine ID="region_1637656922913_1787l13"
                         BASELINE="3402,1136 3523,1125 3645,1115 3767,1106 3889,1096 4011,1089 4133,1082 4255,1076 4377,1070 4499,1066 4621,1062 4742,1059 4864,1056 4986,1056 5108,1054 5230,1054 5352,1054 5474,1056 5596,1058 5718,1060 5840,1062"
                         HEIGHT="187"
                         WIDTH="2468"
                         VPOS="998"
                         HPOS="3385">
                  <String ID="string_region_1637656922913_1787l13"
                          HEIGHT="187"
                          WIDTH="2468"
                          VPOS="998"
                          HPOS="3385"
                          CONTENT="betaelen waht ue en can niet afmeeten wat preiuditie het "/>
               </TextLine>
               <TextLine ID="region_1637656922913_1787l14"
                         BASELINE="3394,1212 3515,1201 3637,1190 3759,1180 3881,1172 4003,1165 4125,1159 4247,1152 4369,1148 4491,1143 4613,1138 4734,1135 4856,1132 4978,1130 5100,1129 5222,1128 5344,1126 5466,1126 5588,1126 5710,1126 5832,1128"
                         HEIGHT="187"
                         WIDTH="2473"
                         VPOS="1052"
                         HPOS="3376">
                  <String ID="string_region_1637656922913_1787l14"
                          HEIGHT="187"
                          WIDTH="2473"
                          VPOS="1052"
                          HPOS="3376"
                          CONTENT="mij soude wesen ingenalle andere vrienden hunne goederen"/>
               </TextLine>
               <TextLine ID="region_1637656922913_1787l15"
                         BASELINE="3388,1300 3508,1289 3629,1279 3750,1270 3871,1260 3992,1252 4113,1246 4234,1238 4355,1232 4476,1228 4597,1222 4717,1219 4838,1216 4959,1214 5080,1212 5201,1212 5322,1210 5443,1210 5564,1212 5685,1212 5806,1214"
                         HEIGHT="213"
                         WIDTH="2452"
                         VPOS="1125"
                         HPOS="3370">
                  <String ID="string_region_1637656922913_1787l15"
                          HEIGHT="213"
                          WIDTH="2452"
                          VPOS="1125"
                          HPOS="3370"
                          CONTENT="te vooren bequaemen het sijn alle soe goederen die"/>
               </TextLine>
               <TextLine ID="region_1637656922913_1787l16"
                         BASELINE="3410,1382 3521,1372 3633,1362 3744,1352 3856,1345 3968,1337 4079,1330 4191,1323 4302,1318 4414,1312 4526,1308 4637,1304 4749,1300 4860,1298 4972,1296 5084,1294 5195,1292 5307,1292 5418,1292 5530,1292 5642,1294"
                         HEIGHT="210"
                         WIDTH="2269"
                         VPOS="1212"
                         HPOS="3392">
                  <String ID="string_region_1637656922913_1787l16"
                          HEIGHT="210"
                          WIDTH="2269"
                          VPOS="1212"
                          HPOS="3392"
                          CONTENT="over lanck hier moesten sijn doen door den swaeren"/>
               </TextLine>
               <TextLine ID="region_1637656922913_1787l17"
                         BASELINE="3396,1464 3518,1451 3640,1441 3762,1431 3884,1422 4007,1413 4129,1406 4251,1400 4373,1394 4495,1389 4618,1386 4740,1382 4862,1380 4984,1377 5106,1376 5229,1374 5351,1374 5473,1375 5595,1376 5717,1377 5840,1380"
                         HEIGHT="187"
                         WIDTH="2475"
                         VPOS="1296"
                         HPOS="3380">
                  <String ID="string_region_1637656922913_1787l17"
                          HEIGHT="187"
                          WIDTH="2475"
                          VPOS="1296"
                          HPOS="3380"
                          CONTENT="winter sijn die blijven trainneren ende soo ick nu niet"/>
               </TextLine>
               <TextLine ID="region_1637656922913_1787l18"
                         BASELINE="3404,1552 3525,1539 3647,1529 3769,1519 3890,1510 4012,1501 4134,1493 4255,1486 4377,1480 4499,1473 4621,1468 4742,1464 4864,1460 4986,1456 5107,1454 5229,1452 5351,1450 5472,1450 5594,1450 5716,1450 5838,1452"
                         HEIGHT="181"
                         WIDTH="2468"
                         VPOS="1395"
                         HPOS="3384">
                  <String ID="string_region_1637656922913_1787l18"
                          HEIGHT="181"
                          WIDTH="2468"
                          VPOS="1395"
                          HPOS="3384"
                          CONTENT="d'eerste daer by ben soo souder mij aen de handt blijven. daeronm"/>
               </TextLine>
               <TextLine ID="region_1637656922913_1787l19"
                         BASELINE="4252,1528 4280,1525 4308,1524 4336,1522 4364,1520"
                         HEIGHT="50"
                         WIDTH="145"
                         VPOS="1488"
                         HPOS="4234">
                  <String ID="string_region_1637656922913_1787l19"
                          HEIGHT="50"
                          WIDTH="145"
                          VPOS="1488"
                          HPOS="4234"
                          CONTENT="van"/>
               </TextLine>
               <TextLine ID="region_1637656922913_1787l20"
                         BASELINE="3406,1632 3526,1623 3646,1613 3766,1603 3886,1595 4006,1587 4126,1580 4246,1572 4366,1566 4486,1561 4607,1556 4727,1552 4847,1548 4967,1544 5087,1542 5207,1540 5327,1538 5447,1538 5567,1536 5687,1536 5808,1536"
                         HEIGHT="188"
                         WIDTH="2435"
                         VPOS="1462"
                         HPOS="3390">
                  <String ID="string_region_1637656922913_1787l20"
                          HEIGHT="188"
                          WIDTH="2435"
                          VPOS="1462"
                          HPOS="3390"
                          CONTENT="geliefter doen werck  maecken en mij sal een edet rabid="/>
               </TextLine>
               <TextLine ID="region_1637656922913_1787l21"
                         BASELINE="3394,1706 3514,1700 3635,1693 3755,1687 3876,1679 3996,1672 4117,1665 4237,1658 4358,1651 4478,1645 4599,1639 4719,1634 4840,1630 4960,1624 5081,1622 5201,1618 5322,1616 5442,1616 5563,1616 5683,1618 5804,1620"
                         HEIGHT="155"
                         WIDTH="2445"
                         VPOS="1562"
                         HPOS="3375">
                  <String ID="string_region_1637656922913_1787l21"
                          HEIGHT="155"
                          WIDTH="2445"
                          VPOS="1562"
                          HPOS="3375"
                          CONTENT="tinaire vrientschap geschieden verwaghte telckens advies "/>
               </TextLine>
               <TextLine ID="region_1637656922913_1787l22"
                         BASELINE="3398,1798 3515,1790 3633,1782 3751,1775 3868,1767 3986,1760 4104,1754 4221,1746 4339,1742 4457,1735 4575,1730 4692,1726 4810,1722 4928,1716 5045,1714 5163,1710 5281,1707 5398,1704 5516,1702 5634,1700 5752,1698"
                         HEIGHT="208"
                         WIDTH="2389"
                         VPOS="1625"
                         HPOS="3380">
                  <String ID="string_region_1637656922913_1787l22"
                          HEIGHT="208"
                          WIDTH="2389"
                          VPOS="1625"
                          HPOS="3380"
                          CONTENT="met wat beurtman ue de packen sal afscheepen ende "/>
               </TextLine>
               <TextLine ID="region_1637656922913_1787l23"
                         BASELINE="3394,1898 3516,1886 3638,1876 3760,1867 3882,1857 4004,1848 4126,1841 4248,1835 4370,1828 4492,1822 4614,1818 4736,1813 4858,1810 4980,1806 5102,1804 5224,1802 5346,1800 5468,1800 5590,1798 5712,1798 5834,1800"
                         HEIGHT="181"
                         WIDTH="2476"
                         VPOS="1743"
                         HPOS="3375">
                  <String ID="string_region_1637656922913_1787l23"
                          HEIGHT="181"
                          WIDTH="2476"
                          VPOS="1743"
                          HPOS="3375"
                          CONTENT="addresseren als noch geseytaen hermanns Rotermans. ick"/>
               </TextLine>
               <TextLine ID="region_1637656922913_1787l24"
                         BASELINE="3410,1984 3526,1974 3642,1963 3758,1954 3874,1946 3990,1938 4106,1930 4222,1924 4338,1918 4454,1913 4570,1908 4686,1904 4802,1900 4918,1898 5034,1894 5150,1892 5266,1890 5382,1890 5498,1888 5614,1888 5730,1890"
                         HEIGHT="204"
                         WIDTH="2354"
                         VPOS="1801"
                         HPOS="3393">
                  <String ID="string_region_1637656922913_1787l24"
                          HEIGHT="204"
                          WIDTH="2354"
                          VPOS="1801"
                          HPOS="3393"
                          CONTENT="en twijffele niet oft de hulsche schepen sullen medeten"/>
               </TextLine>
               <TextLine ID="region_1637656922913_1787l25"
                         BASELINE="3392,2072 3513,2064 3635,2055 3756,2045 3878,2038 3999,2031 4121,2024 4242,2018 4364,2012 4485,2008 4607,2002 4728,1998 4850,1994 4971,1990 5093,1988 5214,1984 5336,1982 5457,1981 5579,1980 5700,1979 5822,1978"
                         HEIGHT="187"
                         WIDTH="2463"
                         VPOS="1905"
                         HPOS="3374">
                  <String ID="string_region_1637656922913_1787l25"
                          HEIGHT="187"
                          WIDTH="2463"
                          VPOS="1905"
                          HPOS="3374"
                          CONTENT="eersten op schieten hebbe al advies van London dat op mijne"/>
               </TextLine>
               <TextLine ID="region_1637656922913_1787l26"
                         BASELINE="3398,2158 3519,2152 3641,2145 3762,2136 3884,2129 4006,2122 4127,2115 4249,2108 4370,2102 4492,2094 4614,2089 4735,2083 4857,2079 4978,2074 5100,2070 5222,2066 5343,2064 5465,2062 5586,2061 5708,2060 5830,2062"
                         HEIGHT="156"
                         WIDTH="2465"
                         VPOS="2014"
                         HPOS="3380">
                  <String ID="string_region_1637656922913_1787l26"
                          HEIGHT="156"
                          WIDTH="2465"
                          VPOS="2014"
                          HPOS="3380"
                          CONTENT="ordre van 25 meert partije is ingecoght soo dat voor meeren"/>
               </TextLine>
               <TextLine ID="region_1637656922913_1787l27"
                         BASELINE="3388,2244 3510,2237 3633,2230 3755,2223 3878,2215 4000,2209 4123,2201 4245,2193 4368,2186 4490,2180 4613,2174 4735,2167 4858,2162 4980,2158 5103,2154 5225,2152 5348,2150 5470,2148 5593,2150 5715,2152 5838,2154"
                         HEIGHT="190"
                         WIDTH="2486"
                         VPOS="2066"
                         HPOS="3368">
                  <String ID="string_region_1637656922913_1787l27"
                          HEIGHT="190"
                          WIDTH="2486"
                          VPOS="2066"
                          HPOS="3368"
                          CONTENT="deels mijne conframandes sullen te laet commen en viyt die "/>
               </TextLine>
               <TextLine ID="region_1637656922913_1787l28"
                         BASELINE="3390,2332 3513,2324 3636,2314 3760,2306 3883,2299 4007,2292 4130,2286 4253,2279 4377,2273 4500,2268 4624,2264 4747,2260 4870,2256 4994,2252 5117,2250 5241,2248 5364,2246 5487,2244 5611,2242 5734,2242 5858,2240"
                         HEIGHT="184"
                         WIDTH="2502"
                         VPOS="2166"
                         HPOS="3373">
                  <String ID="string_region_1637656922913_1787l28"
                          HEIGHT="184"
                          WIDTH="2502"
                          VPOS="2166"
                          HPOS="3373"
                          CONTENT="reden soo ordonnere nu met de ingeleyde van inden naer"/>
               </TextLine>
               <TextLine ID="region_1637656922913_1787l29"
                         BASELINE="3394,2426 3516,2416 3639,2406 3761,2399 3884,2390 4006,2383 4129,2376 4251,2369 4374,2364 4496,2360 4619,2354 4741,2350 4864,2347 4986,2344 5109,2342 5231,2338 5354,2336 5476,2335 5599,2334 5721,2332 5844,2332"
                         HEIGHT="179"
                         WIDTH="2480"
                         VPOS="2262"
                         HPOS="3378">
                  <String ID="string_region_1637656922913_1787l29"
                          HEIGHT="179"
                          WIDTH="2480"
                          VPOS="2262"
                          HPOS="3378"
                          CONTENT="coets voorts te gaen gelieft die voortsganck te geven. het "/>
               </TextLine>
               <TextLine ID="region_1637656922913_1787l30"
                         BASELINE="3378,2522 3501,2514 3625,2505 3749,2498 3872,2489 3996,2482 4120,2475 4243,2469 4367,2462 4491,2456 4615,2450 4738,2445 4862,2440 4986,2436 5109,2432 5233,2428 5357,2426 5480,2424 5604,2422 5728,2420 5852,2420"
                         HEIGHT="178"
                         WIDTH="2505"
                         VPOS="2371"
                         HPOS="3360">
                  <String ID="string_region_1637656922913_1787l30"
                          HEIGHT="178"
                          WIDTH="2505"
                          VPOS="2371"
                          HPOS="3360"
                          CONTENT="us ons aengenaem te verstaen mj het geluck sullen hebben"/>
               </TextLine>
               <TextLine ID="region_1637656922913_1787l31"
                         BASELINE="3380,2622 3504,2610 3628,2598 3752,2589 3876,2579 4000,2572 4124,2564 4248,2557 4372,2550 4496,2545 4620,2540 4744,2535 4868,2532 4992,2528 5116,2524 5240,2522 5364,2520 5488,2517 5612,2516 5736,2514 5860,2512"
                         HEIGHT="189"
                         WIDTH="2513"
                         VPOS="2430"
                         HPOS="3364">
                  <String ID="string_region_1637656922913_1787l31"
                          HEIGHT="189"
                          WIDTH="2513"
                          VPOS="2430"
                          HPOS="3364"
                          CONTENT="ue  met biuff syne dochter hier te sien tegens de meij van"/>
               </TextLine>
               <TextLine ID="region_1637656922913_1787l32"
                         BASELINE="3380,2700 3494,2692 3608,2682 3723,2674 3837,2668 3952,2662 4066,2656 4180,2650 4295,2645 4409,2640 4524,2636 4638,2632 4752,2629 4867,2626 4981,2624 5096,2620 5210,2619 5324,2618 5439,2616 5553,2614 5668,2614"
                         HEIGHT="207"
                         WIDTH="2323"
                         VPOS="2522"
                         HPOS="3360">
                  <String ID="string_region_1637656922913_1787l32"
                          HEIGHT="207"
                          WIDTH="2323"
                          VPOS="2522"
                          HPOS="3360"
                          CONTENT="de lotterye schrijft te mijn schoon moeder blijve van"/>
               </TextLine>
               <TextLine ID="region_1637656922913_1787l33"
                         BASELINE="3394,2790 3419,2786 3444,2783 3470,2779 3495,2775 3520,2772 3546,2768 3571,2766 3597,2764 3622,2761 3647,2760 3673,2762 3698,2762 3724,2764"
                         HEIGHT="132"
                         WIDTH="372"
                         VPOS="2691"
                         HPOS="3373">
                  <String ID="string_region_1637656922913_1787l33"
                          HEIGHT="132"
                          WIDTH="372"
                          VPOS="2691"
                          HPOS="3373"
                          CONTENT="herten"/>
               </TextLine>
               <TextLine ID="region_1637656922913_1787l34"
                         BASELINE="5106,2874 5131,2874 5157,2876 5183,2876 5209,2876 5235,2876 5261,2876 5287,2876 5313,2876 5339,2876 5364,2876 5390,2875 5416,2874 5442,2874 5468,2874 5494,2872 5520,2872 5546,2872 5572,2871 5598,2870"
                         HEIGHT="197"
                         WIDTH="526"
                         VPOS="2738"
                         HPOS="5088">
                  <String ID="string_region_1637656922913_1787l34"
                          HEIGHT="197"
                          WIDTH="526"
                          VPOS="2738"
                          HPOS="5088"
                          CONTENT="adij 8 ditto"/>
               </TextLine>
               <TextLine ID="region_1637656922913_1787l35"
                         BASELINE="3308,2954 3385,2947 3462,2939 3540,2932 3617,2926 3695,2918 3772,2913 3849,2908 3927,2903 4004,2898 4082,2894 4159,2890 4236,2886 4314,2883 4391,2880 4469,2876 4546,2874 4623,2872 4701,2870 4778,2869 4856,2868"
                         HEIGHT="251"
                         WIDTH="1582"
                         VPOS="2759"
                         HPOS="3284">
                  <String ID="string_region_1637656922913_1787l35"
                          HEIGHT="251"
                          WIDTH="1582"
                          VPOS="2759"
                          HPOS="3284"
                          CONTENT="London Jas p. Van Bussche"/>
               </TextLine>
               <TextLine ID="region_1637656922913_1787l36"
                         BASELINE="3392,3064 3513,3058 3634,3052 3755,3045 3877,3040 3998,3035 4119,3030 4241,3026 4362,3022 4483,3018 4605,3015 4726,3012 4847,3008 4968,3006 5090,3004 5211,3000 5332,2998 5454,2996 5575,2994 5696,2992 5818,2988"
                         HEIGHT="194"
                         WIDTH="2461"
                         VPOS="2892"
                         HPOS="3375">
                  <String ID="string_region_1637656922913_1787l36"
                          HEIGHT="194"
                          WIDTH="2461"
                          VPOS="2892"
                          HPOS="3375"
                          CONTENT="te aengenaeme van 21 past. is mij wel geworden beant wordende din"/>
               </TextLine>
               <TextLine ID="region_1637656922913_1787l37"
                         BASELINE="3386,3150 3507,3141 3628,3133 3749,3126 3870,3119 3991,3112 4112,3108 4233,3104 4354,3100 4475,3096 4597,3093 4718,3090 4839,3088 4960,3086 5081,3084 5202,3082 5323,3080 5444,3079 5565,3078 5686,3076 5808,3074"
                         HEIGHT="203"
                         WIDTH="2454"
                         VPOS="2990"
                         HPOS="3370">
                  <String ID="string_region_1637656922913_1787l37"
                          HEIGHT="203"
                          WIDTH="2454"
                          VPOS="2990"
                          HPOS="3370"
                          CONTENT="mijnen van 25 waer  oyt te mijn ordres soude volbrengen. ick by"/>
               </TextLine>
               <TextLine ID="region_1637656922913_1787l38"
                         BASELINE="3370,3238 3493,3226 3616,3216 3739,3207 3862,3200 3985,3194 4108,3188 4231,3183 4354,3180 4477,3176 4600,3174 4723,3172 4846,3170 4969,3170 5092,3168 5215,3166 5338,3166 5461,3164 5584,3162 5707,3160 5830,3158"
                         HEIGHT="185"
                         WIDTH="2495"
                         VPOS="3079"
                         HPOS="3352">
                  <String ID="string_region_1637656922913_1787l38"
                          HEIGHT="185"
                          WIDTH="2495"
                          VPOS="3079"
                          HPOS="3352"
                          CONTENT="twijffele niet oft den mijnen van 28 ditto met remisse op samuell"/>
               </TextLine>
               <TextLine ID="region_1637656922913_1787l39"
                         BASELINE="3398,3322 3520,3309 3643,3297 3766,3289 3888,3280 4011,3274 4134,3269 4256,3264 4379,3260 4502,3258 4625,3254 4747,3253 4870,3252 4993,3250 5115,3250 5238,3250 5361,3248 5483,3248 5606,3246 5729,3246 5852,3244"
                         HEIGHT="188"
                         WIDTH="2489"
                         VPOS="3166"
                         HPOS="3381">
                  <String ID="string_region_1637656922913_1787l39"
                          HEIGHT="188"
                          WIDTH="2489"
                          VPOS="3166"
                          HPOS="3381"
                          CONTENT="Clayke van 1t 100:-:- als oock dien van primo court met is gelijck"/>
               </TextLine>
               <TextLine ID="region_1637656922913_1787l40"
                         BASELINE="3372,3404 3495,3394 3618,3384 3741,3375 3865,3369 3988,3362 4111,3357 4235,3352 4358,3348 4481,3345 4605,3342 4728,3340 4851,3338 4974,3336 5098,3334 5221,3334 5344,3332 5468,3332 5591,3330 5714,3330 5838,3330"
                         HEIGHT="189"
                         WIDTH="2498"
                         VPOS="3249"
                         HPOS="3356">
                  <String ID="string_region_1637656922913_1787l40"
                          HEIGHT="189"
                          WIDTH="2498"
                          VPOS="3249"
                          HPOS="3356"
                          CONTENT=" 200:-:- op henrij furnesse in London sullen ve sedert wel syn"/>
               </TextLine>
               <TextLine ID="region_1637656922913_1787l41"
                         BASELINE="3372,3492 3488,3480 3605,3470 3722,3461 3839,3455 3956,3448 4073,3442 4190,3438 4307,3434 4424,3431 4541,3428 4657,3426 4774,3424 4891,3422 5008,3420 5125,3418 5242,3416 5359,3414 5476,3412 5593,3408 5710,3404"
                         HEIGHT="178"
                         WIDTH="2370"
                         VPOS="3327"
                         HPOS="3355">
                  <String ID="string_region_1637656922913_1787l41"
                          HEIGHT="178"
                          WIDTH="2370"
                          VPOS="3327"
                          HPOS="3355"
                          CONTENT="ter handt gecommen naervijt ue sal gesien hebben mijne ordres"/>
               </TextLine>
               <TextLine ID="region_1637656922913_1787l42"
                         BASELINE="5604,3456 5631,3456 5658,3456 5685,3456 5712,3456"
                         HEIGHT="56"
                         WIDTH="140"
                         VPOS="3414"
                         HPOS="5588">
                  <String ID="string_region_1637656922913_1787l42"
                          HEIGHT="56"
                          WIDTH="140"
                          VPOS="3414"
                          HPOS="5588"
                          CONTENT="van"/>
               </TextLine>
               <TextLine ID="region_1637656922913_1787l43"
                         BASELINE="3368,3576 3489,3566 3611,3557 3732,3549 3854,3541 3976,3534 4097,3530 4219,3524 4340,3520 4462,3517 4584,3514 4705,3512 4827,3510 4948,3508 5070,3506 5192,3506 5313,3504 5435,3502 5556,3502 5678,3500 5800,3498"
                         HEIGHT="138"
                         WIDTH="2465"
                         VPOS="3445"
                         HPOS="3349">
                  <String ID="string_region_1637656922913_1787l43"
                          HEIGHT="138"
                          WIDTH="2465"
                          VPOS="3445"
                          HPOS="3349"
                          CONTENT="contramandere. mijn grato op sicht daer tegens aen d'ordre mr."/>
               </TextLine>
               <TextLine ID="region_1637656922913_1787l44"
                         BASELINE="3372,3654 3494,3646 3616,3640 3738,3634 3860,3629 3983,3623 4105,3618 4227,3613 4349,3609 4471,3606 4594,3602 4716,3598 4838,3596 4960,3592 5082,3590 5205,3588 5327,3588 5449,3586 5571,3586 5693,3586 5816,3586"
                         HEIGHT="187"
                         WIDTH="2473"
                         VPOS="3514"
                         HPOS="3355">
                  <String ID="string_region_1637656922913_1787l44"
                          HEIGHT="187"
                          WIDTH="2473"
                          VPOS="3514"
                          HPOS="3355"
                          CONTENT="thomas Pease wort ue ander mael gerecommandeert nu daer"/>
               </TextLine>
               <TextLine ID="region_1637656922913_1787l45"
                         BASELINE="3374,3742 3497,3736 3620,3730 3744,3724 3867,3718 3991,3712 4114,3708 4237,3702 4361,3698 4484,3694 4608,3690 4731,3686 4854,3684 4978,3680 5101,3678 5225,3675 5348,3672 5471,3670 5595,3668 5718,3666 5842,3664"
                         HEIGHT="184"
                         WIDTH="2500"
                         VPOS="3590"
                         HPOS="3358">
                  <String ID="string_region_1637656922913_1787l45"
                          HEIGHT="184"
                          WIDTH="2500"
                          VPOS="3590"
                          HPOS="3358"
                          CONTENT="en is niet aengelegen, gelieft aen mijn ordre maer voorts te gaen "/>
               </TextLine>
               <TextLine ID="region_1637656922913_1787l46"
                         BASELINE="3370,3834 3493,3828 3616,3822 3739,3816 3862,3810 3986,3804 4109,3799 4232,3794 4355,3788 4478,3782 4602,3778 4725,3774 4848,3770 4971,3768 5094,3764 5218,3762 5341,3761 5464,3760 5587,3760 5710,3760 5834,3762"
                         HEIGHT="141"
                         WIDTH="2495"
                         VPOS="3705"
                         HPOS="3354">
                  <String ID="string_region_1637656922913_1787l46"
                          HEIGHT="141"
                          WIDTH="2495"
                          VPOS="3705"
                          HPOS="3354"
                          CONTENT="ende die te volbrengen nochtans alles soo te menageren dat op"/>
               </TextLine>
               <TextLine ID="region_1637656922913_1787l47"
                         BASELINE="3364,3920 3487,3914 3610,3909 3733,3902 3856,3896 3980,3892 4103,3887 4226,3882 4349,3877 4472,3872 4596,3868 4719,3864 4842,3862 4965,3858 5088,3856 5212,3854 5335,3854 5458,3852 5581,3852 5704,3852 5828,3854"
                         HEIGHT="125"
                         WIDTH="2497"
                         VPOS="3803"
                         HPOS="3346">
                  <String ID="string_region_1637656922913_1787l47"
                          HEIGHT="125"
                          WIDTH="2497"
                          VPOS="3803"
                          HPOS="3346"
                          CONTENT="de naeste prijs worden ingecoght als die dit jaer souden connen"/>
               </TextLine>
               <TextLine ID="region_1637656922913_1787l48"
                         BASELINE="3372,4012 3494,4004 3616,3998 3738,3992 3860,3985 3982,3980 4104,3976 4226,3972 4348,3968 4470,3964 4592,3962 4714,3958 4836,3956 4958,3954 5080,3952 5202,3949 5324,3946 5446,3944 5568,3942 5690,3940 5812,3938"
                         HEIGHT="175"
                         WIDTH="2473"
                         VPOS="3854"
                         HPOS="3357">
                  <String ID="string_region_1637656922913_1787l48"
                          HEIGHT="175"
                          WIDTH="2473"
                          VPOS="3854"
                          HPOS="3357"
                          CONTENT="commen, oock te letten op de qualitijdt van de goederen want"/>
               </TextLine>
               <TextLine ID="region_1637656922913_1787l49"
                         BASELINE="3384,4096 3507,4090 3630,4086 3753,4082 3876,4078 3999,4076 4122,4073 4245,4070 4368,4068 4491,4066 4614,4065 4737,4064 4860,4062 4983,4060 5106,4058 5229,4058 5352,4056 5475,4054 5598,4050 5721,4048 5844,4046"
                         HEIGHT="171"
                         WIDTH="2492"
                         VPOS="3958"
                         HPOS="3367">
                  <String ID="string_region_1637656922913_1787l49"
                          HEIGHT="171"
                          WIDTH="2492"
                          VPOS="3958"
                          HPOS="3367"
                          CONTENT="daer en is niets dat preseertenve can sulese met commo ditijt"/>
               </TextLine>
               <TextLine ID="region_1637656922913_1787l50"
                         BASELINE="3358,4182 3482,4179 3606,4176 3730,4174 3854,4172 3978,4169 4102,4168 4226,4166 4350,4164 4474,4164 4598,4162 4722,4162 4846,4162 4970,4160 5094,4160 5218,4158 5342,4158 5466,4157 5590,4156 5714,4154 5838,4154"
                         HEIGHT="133"
                         WIDTH="2512"
                         VPOS="4073"
                         HPOS="3342">
                  <String ID="string_region_1637656922913_1787l50"
                          HEIGHT="133"
                          WIDTH="2512"
                          VPOS="4073"
                          HPOS="3342"
                          CONTENT="ende naer geraeden sult vinden voltrecken want ick en soude"/>
               </TextLine>
               <TextLine ID="region_1637656922913_1787l51"
                         BASELINE="3378,4274 3501,4272 3624,4272 3748,4270 3871,4270 3995,4268 4118,4268 4241,4268 4365,4266 4488,4266 4612,4266 4735,4266 4858,4265 4982,4264 5105,4264 5229,4264 5352,4263 5475,4262 5599,4262 5722,4260 5846,4258"
                         HEIGHT="122"
                         WIDTH="2500"
                         VPOS="4194"
                         HPOS="3361">
                  <String ID="string_region_1637656922913_1787l51"
                          HEIGHT="122"
                          WIDTH="2500"
                          VPOS="4194"
                          HPOS="3361"
                          CONTENT="niet geerne sien ue saude in coopen alser alteratie indet"/>
               </TextLine>
               <TextLine ID="region_1637656922913_1787l52"
                         BASELINE="3372,4352 3490,4354 3609,4355 3728,4356 3847,4356 3966,4356 4085,4356 4204,4356 4323,4356 4442,4354 4561,4354 4679,4352 4798,4352 4917,4350 5036,4350 5155,4348 5274,4348 5393,4348 5512,4346 5631,4346 5750,4346"
                         HEIGHT="107"
                         WIDTH="2410"
                         VPOS="4267"
                         HPOS="3357">
                  <String ID="string_region_1637656922913_1787l52"
                          HEIGHT="107"
                          WIDTH="2410"
                          VPOS="4267"
                          HPOS="3357"
                          CONTENT="prijs is, want de cortons en colchester bayen lieyster en "/>
               </TextLine>
            </TextBlock>
         </PrintSpace>
      </Page>
   </Layout>
</alto>
