6046 4440
529 491 197 197 Ath

724 75 2378 102 want gene doorgaens gheldt toe recomandere insghelijckso van

744 143 2225 99 mijn restangie van laecken onder l een eijnde tee willen

722 229 2370 114 maecken ist moghelijck die aenden maet te brenghen sal

724 295 2195 116 daer oock al mede door passeren om dat reckenengheke

707 376 2396 127 te saemen te connen adiusteren afwachterde ul antnoore

721 439 1523 151 en d'eere van ul. commande Blijve

736 510 937 201 pr Bapte L'olivier

2161 553 857 202 Adij 22 gber 1707

730 621 2336 199 J'ay receu en sontemps la chere vre du 14 du cour avecune remise

741 748 2313 139 de trois cents florins de change sur jean haghender qui est payee

700 831 2318 135 en suitte et passe sur vre compte dont ie vous suus obligee i'espere

695 887 2375 155 que vous aurez receu depuix la marchandise et que trouverez le

708 972 2242 133 I tout a vre contentement pour les serges cela regarde mon

705 1034 2369 142 peres pour le rest des marchandises coomme draps de toutes sortes

700 1116 2381 183 de couleures et prix draps presse de 38 pat: 40.45 iusques a 48 et

715 1220 2377 181 draps de spagne de 58 pattars ƒ3: ƒ3:2 ƒ 4 a 6 bayes flanelles aussy de

708 1314 2264 179 = lanelles de 3 a large carisees blunches et couleures baye

602 1433 2498 133 deventer et le reste a l'advenant ien suis bien fourne touiours

703 1469 2389 193 a vre service ayant besoing de la moindre chose ie vous prie me

708 1573 2393 184 commander et vous trouvveray que ie vous serenray touiours come

712 1685 2353 160 si servez icy presente et iestes moigneray que vous avez a ven

716 1780 2371 169 honneste homme a faire que ne souhaittez que l'honneur de

714 1883 2299 155 pou voir servnr les ofnis aue tout punctualite et sidelite

708 1940 2349 191 possible me recommendent a vre bonne grace comme aussy

711 2049 2397 190 de vos tmis ie me dit attendant l'honneur de vos commondee

680 2167 264 128 Lents

507 2277 1431 238 Brusselen de wed. vander Borght

2357 2350 587 200 Adij 22 d. 1727

694 2432 2393 266 inghevolghe ul. aenghenaeme van 18 cour soo hebbe de libertijdt

686 2617 2435 196 ghebrugeht ghisteren op ul. te trecken aen dordre van Tho theodor

714 2711 2384 186 Broeckmans serhondert guldens wisselghelde op silht die ul. dan

717 2818 2372 142 sal conform ghe keaen te verkeeren ben ul. van herten daer

688 2861 2409 214 voor danckbaer ick en twijffele naet oft het gheperst laecken

725 2974 2332 215 dat aen monsr. ul. soon heer laest sijnde vercoght hebbe sul

716 3065 2407 220 ul wel het sijnen tude en tot eententement jan gheworden

715 3147 2408 214 en hebbe nmet eerder occasie ghehadt gl te schrijten soo dat

703 3264 2371 233 ul. hier nevens heeft de facture sijnde n° 226: 91 27½ 36-

692 3380 2380 197 a ƒ2:8... ƒ87:12 — het is mgwel van herten leedt te sien

697 3478 2392 178 dat ul mij al voorbe gaedt en andere vrienden prefencert

693 3548 2378 229 ick doen in alle occasien al nwat mij mooghelijck is mors

716 3697 2303 189 ten uyttersten wel en goeden couste bedienen ende en

700 3813 2402 154 sal dien noydt aen manckeren ick en can niet meer doen

707 3878 2414 185 als ul. mijnen dienst te presenteren en verseeckeren dat

711 3999 2367 151 ul. altydt salonderinden dat niemandt en can ofte

683 4056 2397 235 sal tot cunelder prus de goederen over laeten ick

708 4158 2273 197 hebbe een seer schoone partije van sij smpertijne

700 4266 940 125 nieuee moet cols

1876 4280 121 117 A

2420 4289 466 113 ladckenne

3355 74 2456 112 onderweghen en voor de rest ben van gie meyne als oock geperste

3363 157 2210 109 bayen carsenen qmisaer den superfijne devender bayen en

3341 210 2450 126 ggecruyste f lanallen wel voorsie hebbende ue cortelinex met

3333 280 2475 163 convoy versche frisaerden bayen en carseyen eer schoone ghecregen

3353 382 2386 153 tot . dienst tre comandere mij in ul goede gheneghen tijdt

3346 433 530 132 ende Blijve

3160 517 1612 194 halle nicolaes van den Berghe

5089 580 692 196 Adij 22 gber 1707

3357 654 2369 227 het is mj seer aenghenaem te nen bijde ul. van 20 court dat cotf

3357 813 2448 141 ul. Bemende in goede ghesontijdt het sijnen tijde bij ul. is queari

3347 865 2383 173 veert ende dat ul. de coopmanschap oock wel heeft ontfanghen

3350 963 2460 169 het is iet seer aenghedinem gheeeest dat ul. eminde de goedthet

3364 1064 2346 150 heeft ghehadt van bj mij te logeven ende ick versoecke oock

3351 1113 2429 179 int toecommende dat daer noydt aen ghelieft te manqueren

3365 1214 2425 144 noghelijcke oock ul. oft ul dochter oft iemandt vande famillie

3367 1295 2280 143 heer overcomende sijnde mjn huys dens voor altidts tot die

3360 1380 2372 184 vrienden dienste het glhene oyt ganscher herbe versoecke

3362 1470 2462 181 ghelieft aen te nemen ende sal mij hier op verlaeten jacobus de

3359 1526 2462 219 dre heeft mij op 12 court voor ul. recken ghetelt deytighponden

3366 1615 2367 193 vlaems nasselghelde en ghevolghe mijne quittantie hem

3343 1759 2477 134 mede ghegeve die niet en twijffele oft sal ul. hebben ten handt

3355 1801 2276 183 ghestelt nu gheldeft ul. met te schrijven dat ul. heeft ƒ 600

3327 1884 2498 211 wisselghelde tot Brussel bn Joff Jansseas gheestelijcke dochten

3366 1997 2438 195 ende dat die saude laeten ontfanghen midts het ul soo ghelieft

3364 2125 2409 165 soo sal ul tot antwort seggen dat die dan op haer voor 24 £-

3352 2230 2458 119 rechen in een briefken op sicht dat is op ses daeghen naer

3341 2301 2488 148 dat dat verthoont woordt te betaelen sal trecken aen d'ordre

3339 2423 2465 112 van Dhr. Theodor Broeckmans en ul ghelieft haer sulcx

3357 2517 2446 136 maer te laeten weeten ul. maeckt mij conttus en ghelieft

3380 2588 2371 140 toch voor dat gheldt niet te sorghen dat sal sicht

3358 2673 2460 159 met occasie welvinden de bayen carsey en frisaerde

3355 2799 2417 100 sijn ghereedt uyt ghenomen den coffe bay die door het

3380 2881 2440 141 quaedt weder noch niet droogh e is echter en twijffee

3360 2946 2380 188 niet oft sa lk. die saemen latterdagh pr. beurtschils

3375 3070 2444 121 at senden en sal voor alles goede songe draeghen en alseo

3359 3162 2423 128 iedt mankeert oft naer ul genstie met uytvalt dat ick

3351 3243 2425 101 dickmaels selfs niet can ghebeteren ghelijck aen cots

3360 3372 2367 109 ds Ben indes mondelinet ghesendt hebbe ghelieft het

3365 3443 2421 149 mij maer tibereyck te schrijven en sal ue altydts volle

3355 3521 2479 154 satisfactie genen n want het saude met leedt sijn dat ick

3373 3598 2411 149 4½ pevers int minsten saude qualijck bedienen nons

3380 3736 2389 125 jl moet verseeckert wesen dat als de vrienden met

3372 3803 2352 109 sulex toebetranwen dat ick soo grooesorge dr g

3369 3919 2447 99 en alles soo goeden coop stelle al oft het 2 a men

3384 3969 2392 152 enghen selve saude moeten vncopen in alles

3387 4066 2391 160 wat ul. sande maghen noodigh hebben biede my

3373 4173 1547 154 te commanderen die Blijve
