6225 4452
887 0 2327 190 ue macyelijck valeeleehe e weldt

891 59 2311 191 verschert dat het een onredelijcke saecke ick die de comeser

879 221 2345 165 moveren ende dat daer behoort in voorsien te worden

870 318 2259 126 ick neme altydts soo veel precautie alst moogelijck is

877 378 2346 192 om alle voorvallen te ont gaen maer op soo een manier

887 498 2311 157 en can sich niemant meer dan daer van bevrigden

868 605 2349 141 op die voet synder p dit convoij voor andere veete packen

875 670 2325 181 gepasseert wantten formere mj doorgaens hier bijde

875 777 2232 200 brienden om con form te connen mesures nemen

878 940 2336 141 doet de eerste packen die ue heeft afgescheersten

878 1014 2144 190 hebben sij niets van ges proocken ben sijn op den

863 1106 2355 188 selven voet aengegeven als   27 weert ƒ 350:- en

880 1277 2313 120 26 weert ƒ 330: wegens die noch moeten voolgenen

867 1356 2054 171 aengegeven worden can ue doen naer geraeden

848 1466 2203 111 en ist noodtsaeckelijck met ƒ100:- inde weerde

870 1542 2311 184 vermeerderen want ick ben soecke geene disputen

872 1685 2280 149 het pack Dn 34 is van in houdt 34 bajen ala 65 ider

861 1771 2352 197 en weerde als n° 30 daer nu het disput over is en wiste

857 1899 2337 171 niet dat het selvde mede gearriveert was want en

860 2000 2205 189 hebbe daer van geen adviss noch te connossement

865 2125 2206 144 doaer den contrarie suyden wint en synder noeh

885 2231 2327 217 geen beurtluyden tot nu toe voor Lillo opgeschoten

874 2384 2276 114 ick versoecke en gelieft soo veel packen niet in eers

884 2491 2314 163 ende het selde schip te saemen af te senden hebbe

855 2551 2342 168 vernoemen dat de london vloote, godt danck sal ue

855 2673 2258 137 is hebbe daer mede bj mijns weete maer een saack

866 2774 2350 170 in John winn B a°. 10 daer p naesten de lotitie van

860 2889 2265 187 sall senden afulachten de deere van ue antwoort

881 3015 1982 139 en recommeyn deerende mijn intrest als eggen

882 3118 656 189 soo Blijve

2235 3224 661 168 adij 11 Julii 1709

683 3250 1099 202 Rotterd. J. Meyers.

867 3411 2355 189 dejaergenaene van 9 court hebbe wel ontfang waer bij gesien datter niets te

858 3551 2321 133 doen is als te accorderen ick verhope dat ue met een cleyntien het

884 3674 2311 91 selfde sal hebben afgemaeckt. als men met beesten te doen heeft

849 3759 2320 138 die moet men streeden op dat se niet bjten. sulckx valt mij oock

861 3825 2330 131 al menigh mael ter beliyt dat men mij taerter plaetsche op

860 3889 2362 173 soo daeide maniere handelde sonder heden te hebben gegeven

868 4029 2333 122 soude het wel door haeten want profestere in siniet tijdt de

871 4097 2324 200 saecke te wesen gelijck met mijn voorige hebbe gemett nu

861 4204 2358 144 dat ue dienaengaende sal hebben gedaen sal mij aengen

3411 0 2433 165 peere ene laran en ditrenderen, want hebbe

3420 67 2425 213 met dese partije malheureus geweest verwaghte dontssaeginge

3402 217 2509 159 en het versenden p naestene te vernemen door

3396 292 2402 158 drien wint blijven de Beurtluyden onderwegh verhope

3424 436 2325 115 nu echter sullen gaen opschaeten. het pack & n° 30 in John

3407 483 2427 156 winn heeft 13 engetsche laeckens inde woll geverft en op de

3418 639 2427 123 spaensche maniere gemaeckt eder stuck aa 8 en 2 witte cottons

3415 676 2374 151 trappr.. aa 40 weert ƒ 962:- overhope dat wijnuen het cort

3406 774 2408 171 het geluck sullen hebben ve k met nlckte ve dochter hier over

3404 871 2458 169 teken daer seer naerverlange sijnde nevens mijn huysvron

3416 981 1248 144 naer cordiaele groeten ise

3280 1075 2331 205 Brussel nicolas douedan Ady 13 Julir 1709

3395 1223 2527 189 ue aengenaeme van 9 court wel ontfangen met de twee

3399 1336 2292 195 briefkens geaccepteert door ue de 4 bayen met de 2

3408 1474 2503 177 sjaensche laekens ende het engels blouw quaert hebbe s

3361 1604 2352 162 ue heden met het beurtschip gesonden in een paxke

3412 1687 2311 203 gemerckt N. V. dat verhoepe als het voorg aende

3345 1859 2368 148 wel en naer contentement ue sal geworden.: de

3393 1929 2351 181 sspaentche laekens sijn soo naer op ue stael als

3374 2058 2405 164 timmers in myn packhuys hebbe connen vinden

3379 2187 2405 212 gelijck ue uyt de ingeleyde staeltiens sien can

3370 2300 2505 236 seer schoone nieu pe moede couleuren en goeden coop

3373 2422 2525 238 her blouw en can niet minder dan 45 geven. andere betaelen &

3380 2585 2501 240 mij die soorte 48. aen den voet deser de facture bedraegend e

3379 2703 2484 206 wisselgelde ƒ 445:17 waer voor een briefken aen ue ingeslooten

3363 2838 2489 215 sende op 5 usos dat gelieft te accepteeren en mj afte

3349 2948 2518 236 senden hebbe schoone partge versche winter goederen

3362 3070 2380 189 geregen. tot ue dienste. in alle occasien sal ue seer

3336 3156 1509 147 eiusel bedienen die blijve

4709 3302 480 158 13 July 1709

3286 3295 1171 170 halle Nicolas van den Bergen

3355 3386 2537 213 ue aengenaeme van 2 deser is mij wel geworden het is mij liet dat jouffie huys

3352 3509 2424 161 in goede gesontheyt wil is gearreveert mijn huys is eens altyt tet haermende de

3358 3557 2523 192 tomille diunste uyt goeder herten affectie ick en twijffele niet oft ue sal voorne wel

3319 3608 2518 207 hebben ontfangen ende dat alles naer ue contentement sal wesen want ick protesteren

3362 3722 2529 183 ue in cinuritijt dat ue sijn leven noeyt beter coop goederen en sal gecocht hebben ue order

3353 3763 2515 186 neert mij te trecken ƒ 1000 wisselgelde op joufffraus Janssens sal dat doen met de eersteve

3359 3840 2492 183 casie want tot no soe en hebbe mij mijne vrinden mij niet connen accomoderen alsoo noch e

3356 3890 2486 170 brussel noch geen gelt noodigh hebbe ick ben ue middelestst verobligeert voor ue goede fonch

3355 3951 2500 161 en soo prompte betaelinge het swert flannel is geverft oock den roeden bay en sal die apoert houden

3356 4014 2510 155 tot ue dispositie nevens een partijcken geverfde carteyen van de alderbeste sorte tegens het winter

3352 4093 2484 130 caisoen ick en twijffele niet oft den goeden godt sal ons haest den vreden verlienen en hoepe des

3351 4148 2516 137 can pagnie de laes te magh wesen en dat uij diensvolgens int totcoemende meerder sullen te samen

3354 4185 2502 127 handelen als jouff ue bemende oft ue tegen den winter ove comt soo sal ue seer schoen goet bj mij vande

3343 4235 2493 110 alle soorte en prijsen want ontfange daegeljck groote partje die in hop van vreden hebben come midde lert

3354 4266 2513 106 int minste dat van ue dinste can voorvaclen gelieft mij maer te comanderen die ue nvens ue beminde ende famele

3334 4319 1347 69 ue groete van hertn als oock oie e huys vrouue blijve
