6250 4449
2055 68 431 124 4 gber 1708

660 66 1192 134 In antwerpen Ignace Francois Lison

813 198 134 66 ay gor

817 171 2284 164 pr occasions de vs addresser r ce couvert les factures je ne peu man

829 263 2288 135 quit vs souhaiter de rechef. le bon voyage 'en compagnu de madelle

825 361 2204 126 vre compaghe et selles et toutte sorte de bonheur afin que ns

811 475 2353 155 mussions vs revoir bientost rien ne manquera jamais de ma dail

833 545 2166 179 pr vs servir le mieu et meillieur marche possible sur quoy

837 666 2238 133 pouvez faire fons come aussij que ie suis de bon cu. come

832 776 793 145 a toutte la Jamille

607 880 1098 142 Mons Philippe du Pont

2422 889 493 138 adij 5 ditto

804 995 2353 125 ie suis plus sur prisque V. ne pouvet estre voyant pr l'honneur de la chere

805 1057 2266 96 vre du 3 court que telle ballottest envoye pour chez vous ef arrivez acvec les

809 1123 2349 118 sept p de draps tientes et un ps de baye commune blancne pourenvel

782 1192 2291 53 il at partien et doiot estre  Bruxelles a mons Francois Jacobs Moiye

792 1237 2356 78 mesme ie n escaus ce que cela veut dire nitelle hastoire m'est arrisle de

799 1276 2322 96 maarie p. la precente ie v ne vous en peut rier dire lar ie serive au

788 1311 889 94 mesme instantaiu dit s f

1671 1337 1424 83 Jacobs marchand de Bruxelles ent a vain

796 1407 2293 50 que vous informe et estrque ou qu'il me responde entoit enstin que

792 1426 2353 106 ie sage son ordre pour le faire moy mes me ce qu'il reguarde de port de

806 1457 2334 116 lettre n'auraet soine pourvous & soulager et payer cettee one cia preabus

798 1540 2331 93 et rien d'autre selbement que le mes. du ureau en seront et clesercy

786 1581 2287 83 voyant arrive le vre dont rousauey fait la declaration ne doubten

797 1623 2306 98 nullement on  seradenant cette la mienne faittes voire p

800 1677 2344 102 vous plait cette ma lettre au dit mess et ie ne doustte natement ouil

797 1746 2304 84 en sespont tres satisfait car l'on sabus bien p. malheur d'aborde que

790 1773 2315 100 auraz responge du S. Jacobs ie vous escriverais comen faire ou

784 1843 1876 105 peut estrez qu'il fera luy mes me entre temps ie me dit

1225 1895 166 93 20

2429 1896 505 153 Adij ditto

616 1906 1271 178 Brussel de wed. vander Borght

792 2038 2381 122 ick verhoepe dat mijn laesten brief van 31 pasts ue wel sal sijn ter handt gecom

797 2105 2365 126 in gevolge den selven heden occasie gevonden hebbende hebbe de libertit gebt

792 2178 2381 123 u gekt op ul te trecken de drijhondert alen veveertigh gewisselge: opsschtte

793 2240 2359 98 betaelen aen d'ordre van Joff. de wed. Broeckmans ick verhoepen dat uy met

777 2304 2387 105 de nieuwe reken merdere partije te saemen sullen connen doen ende

779 2368 2400 122 dat den heere daer toe sal getheven aen ul. goet de biet en advantagie te

807 2440 2362 101 verleenen en sal altijdts in alles doen wat met moogelijck is om ul. gorden

800 2516 2375 89 coop te bedienen die blijve naer hertelijcke groetenisse aen ul. ende

784 2565 426 119 de famillie

2492 2650 502 137 Adij ditto

592 2649 1129 168 drussel Henry de Lauw

775 2772 2412 144 daer is den 9 sber wesende op een en woonsdagh door mij met het beurtschen

799 2855 2313 116 een pascke af gesonden gemerckt ID. heb aene was voor reken. van

779 2910 2385 115 Dhr Francois Jacobs tot Brussel. ick en hebbe is dae rimmers niets over

791 2996 2357 100 geschreven en ul. heeft dat p abss op bergen gesonden soo als ick op ½

797 3058 2344 119 gisteren advis hebbe gecregen dat groote moegelijck heyt canseert ick

780 3118 2394 138 hebbe oock aen th Jacobs het selve geschreven. heeft het genegligeert

791 3202 2371 113 daer naer om te sien attijde hij can nu sorgedraeegen en ondre stellen

787 3243 2393 125 doch op datter geen voorder aens en geschiede soo gebruycke de vricheyt

807 3318 2328 149 ul noch eens te schrijven over de twee pasxkens die ul. met het

787 3381 2377 161 beurtschip hebbe geaddreseert op 20 sber het eene voor reken van

788 3456 2360 128 Joft de wed. masson gemerck V.BM. het ander voor reken. van mons.

787 3523 2316 139 Phileppe du pout gemerckt. S.D.P. beyde voor berghen om

788 3606 2332 125 hunne ordre daer mede te volgen soo als ul op 21 sber hebbe

789 3676 2359 136 geschreven ende tot dato en verneme naet dat die daer sijn

779 3743 2373 128 gearriveert soo dat ul. andermael versoecke dat

783 3814 2350 115 gelieft voor de selve goede sorge te draegen en usch

798 3879 2394 145 mij perticulier ver obligeren die blijve in alle occasue

789 3902 1843 163 ims gelijckn met presentatie mjns bienst

4896 77 464 140 5 gber 1703

3267 89 919 162 Brussel Jouffrous ververs

3356 145 2377 171 hebbe ue aengenaeme van gisteren wel ontfange met het wissell

3372 300 2393 126 van £42 vlaems wisselde ten laste mijne schan moeder de wed

3388 345 2360 162 Broeckmans die het selve mij goet gedaen heeft en eet in oeck

3390 440 2415 155 daer voor gecrediteert desen brief is quittantie ende dient daer

3379 508 2412 202 voor allijts het is mij leet te seen dat ue noch geleft te delay

3390 626 2383 163 eren van over te coemen hadde ue al verwacht van dagh

3376 721 2367 189 tot dagh in gevolge th Bevers ue swaeger mij hadde hebet

3394 796 2365 217 ick en twijfele niet oft hij sal ue al geinformeert hebbe

3387 914 2349 205 dat van aldehoude goederen ten uytersten wel voorsien

3387 1025 2369 221 ben ende dat ue nogt beter nochte schonden sortement

3387 1159 2454 181 en cont vinden daerom isser its dat ue middallertijt mancha

3387 1265 2394 158 van groeve goederen als baeyen colchester baeyen deven

3358 1397 2435 133 ter bayen oft carseyen gelieft mij maer te schrijven ende

3366 1514 2392 135 te ordonneren en ick versecke ue ue dat soo wel in ue as

3353 1618 2372 141 dentie al oock in ue presentie ue soo wel en cwiel sal

3365 1754 2394 114 dienen dat ue nergens beter es op sal connen gerieft worden

3359 1849 2425 136 waer op ue sigh magh verlaeten ende dat ben aen ue ende de

3380 1951 1104 133 famillie in alle occasien

3223 2055 1092 188 DrussCl Francois Jacobs

5180 2072 487 145 Adij 77 ditto

3362 2161 2421 107 become soo den ve vanegnsteren tot antwoort daeren ie door met noch te

3350 2230 2436 115 door mijne faute geen nous voorts gecomen, dat mijn en briefesen ul et

3353 2295 2457 65 op 7 8ber genoeghsaem viet wijst en claer doet btijcken, waer by ul adrise erde dat

3343 2343 2470 108 ingevolge ul. ordre op 3 ditto ul. het paxke hadde at gesonden geaddreeseert

3360 2410 2443 84 at n de pauue intsegulden hooft ende gemerckt  ende dat niet tw

3341 2451 2491 132 felde oft het selve avas ul wel geworden die nonde aen mijnen brief toct

3361 2505 2419 65 toot a duries dat us daeghs te vodren synde 6 sber hadde oot gesonden

3353 2554 2477 113 eenen vol met 2 bagen ende dat ul. naer het een ende het ander soude

3349 2599 2500 121 gelieven om te sien nu het paexke dat voor mijnen vrient te beregen

3351 2624 2524 148 ij s eerst versonden op 20 sber ul heeft aldie tijdt verneghveert van naeen

3352 2710 2475 103 em te sien van 34t 23 sber dat het lest tot trussclieerst heeft connen

3347 2762 2478 105 epen ende ul soude noch geiren soo netien dat voor msin abus rekene

3361 2814 2475 103 ict vinde daer in mij genogehsaem mijne devoiren gequefen te hebben

3344 2854 2499 107 mersulen ick niet maet ul gelieft daer in te doen gelyft het ul goet vinde

3349 2896 2474 119 sal ick en weete niet wat reden  dat ul. heeft om mij os spo een menien te

3355 2957 2423 104 antwoorden of het paxke van mijnen spriensten de halle te gaen

3347 3012 2515 91 openen naer de mael dat ul. adviseerde dat naeroergen was versonde

3340 3058 2457 114 en de al daer opt comptoir is het pascke dat inde halle is moet voor

3352 3117 2516 120 gaen op bergen in gevalle het mijnen vriendt geordoneert heeft te sendende

3340 3161 2493 108 gelieft  ul. mal handeren daer over te verstaen ofte ick ryven dat s

3340 3223 2447 106 genge kelijck te doen ick doen vrienden geiren dienst maser het is

3332 3254 2508 117 en vedelijck dat door een anders neghegen die toecomt dat ick daervoor

3337 3323 2505 128 soude pioeten verantwoorden soo cals ul. meyninge ets ick ul antworr

3351 3385 2459 92 oftil order hebbe sal traghten mijn orgenet te persuaederen magh

3328 3447 2498 121 sonder dat en heber niet willen eer schrijven tot ul governo blijve

3229 3491 681 150 MNB Loliiier

5176 3531 466 127 Adij 8 ditto

3337 3590 2478 107 ie suis treste devoit pr. la chere vre du 24 du pase que vous nestez d'intention de

3318 3639 2490 108 nous venir voir cettte saison a caus en peu de debite et coqu'il me chagrine

3326 3717 2494 99 de plus que me recommandes de ne point tirer sur vous de peur que n'en rece

3341 3780 2506 86 =arriez quelque confusion. depuis que ie suis en ne goee j'ay eu l'honneur de

3342 3832 2522 90 vous vendre mais ie trouve que ie n'ay encorprie de maie cette liberte quill

3347 3863 2481 94 contraire ies time a vous pouvoir rendre service et soyes persuade que ie

3343 3949 2494 83 ne leferaes jamais a moins j'avoir vre ordre si vous ne souhaittes point

3339 4006 2491 76 a faite un cemploitte si grande pour ie moins il vous faudre quelque

3337 4062 2472 76 assortiment de marchandisse dhiver comme cariyces et frisettes

3333 4114 2500 63 blanches et tientes ausy bayes commnnes et bages deventeret filan

3338 4174 2518 85 =elles de 3 a larges. ie voue prie me commander en ce qus pourriez

3342 4225 2443 59 acoiy besoing et ie vous serviray tres f desement compe series

3340 4270 444 80 presente s

3842 4270 1989 78 & quoy pouvez fatre fond un ua parsonne dans toutte

3329 4330 2415 50 nre ville miil cst assorti comme ie suis de toute sorte a vre
