6250 4449
829 0 2253 133 ge ae le e  e d soutfe ca s re et pris tant d'ngiefere, a

851 78 2314 99 vre labricqee i'ay le plus beau erapstients tienture d'Angbetea d

846 157 2219 70 bleu, pas ble bausnes rouge et verdque son puis voir a ones cu li

848 177 2286 106 l'atten deraiy done honneur de vos commendements paurez que

839 243 2247 98 pourriez attoir besoing et vous salvant comme ra dnpe

830 285 1627 123 compagne et toute la famillie ie me dit

842 363 1770 123 ie me recomande aussu a madmois. vre seure

2503 439 628 158 Adij 8 gber 1708

647 365 1324 276 Mons. aveure Aflenon

631 555 75 99 1

835 540 2352 161 ie n'ais pas eu l'honneur de voir chez moy beporteur de la chere vre

840 627 2329 139 du 28 au passe mon pere me l'est vendrendre ie j'ay ouverten sa

829 698 2310 99 presende et luy fait voir tellement que ene doubte pornet on

831 757 2291 119 tros tmis accoonst en toutt satisfaction possible. ceut qu'il vous

837 816 2307 95 plaira n addreser me seront toucours les bien venuel et ie ne

829 858 2320 138 manqueray jamais de tes moigner le respect que jau pour vre

841 922 2294 114 personne sie vei croire que le dernier ballot vous en voyee le

836 977 2241 124 20 du paeye vous sera parvennue pour le present et que la

841 1038 2294 116 marchandise vous rendra contente car parsonge au monde

829 1135 2216 65 ne vous peu servir imceux ma mellieur marche. les draps

839 1165 2301 104 galsne et blee sonttients et prests et les auvores le seront aues

827 1222 2327 123 pour la fin de cette sepmaine avec la grace de dieu et l'attend

814 1267 2266 108 frait vre ordre pour les en vouer si vous souhaittes en mesme

826 1339 2357 110 temp des bayes descenter de differentes prix on flanelles de 3 a large

815 1399 2325 95 et dariwee blanches et tientes aussy bayes commeanes ou frisetce

816 1480 2345 81 ie ne manqueray pas a vous exvoyer quelque chose de curieux

808 1520 2347 104 car ien suistres bien fourni comme aussy de toutte aultre sorte

823 1570 2297 87 de marchandise a vre service en touttes occasions quil vous

825 1622 2323 96 plaira me commander ie feraie pour vous comme s'il seroit

818 1670 1145 139 pour mos mesme quis suis

2369 1764 592 155 Adij 8 ditto

654 1641 1156 283 Thend J de deber

805 1872 2364 129 ul. aengenaeme van 4 court hebbe wel ontfangg. met reken van

809 1951 2326 98 vercops en provenue van mijne laeckens onder ul. waerover ul.

806 2005 2351 105 var obligeert ben, den tydt heeft mij ontbrolen om die tot nutoe

839 2085 2266 85 aer tessien echter salt met den eersten doen ende ul. het selve

818 2107 2335 116 adviseren. alsoo faccorable occasie hebbe gerescontreert soo hebbe

815 2174 2326 82 de libertijdt gebrugcht op ul te trecken op gisteren vijftigh poude

809 2223 2342 113 vlaems wnssela in brief op sicht te betaelen aen d'ordre van gofe

817 2275 2320 99 wed. Broeckmans die gelieft te verheeren het is mij leedt agger

807 2334 2322 100 costij, soo sleeht de het is het en is hier niet beter en ick en twijffele

807 2391 2348 116 moet oft met het in commende garnidoen sal het coster Lacudrabel

813 2466 2304 75 sder dan hier wesen. als l' occasie het voor eenige laeckens van

823 2503 2326 74 onse mang facteure sal dan verwaghten ul. met het selfde sal advi

825 2571 2342 80 seren dogh hebbe ul. versoght te weeten wat middelen gebruyckt

818 2621 2354 87 worden omde goederen costij in te coughen want daer worden van

816 2675 2348 96 hier alderhande goederen versondendat versoecke ander mael

815 2735 2351 34 mij eens geeft te noteren ick en can ul geen prijs meeden van

833 2784 2323 63 en gelschee geverde  carseyen soo voodes als brouwe want

811 2820 2336 101 hier en worden die iet gedebiteert oft sijn selde te vinden tot

816 2884 2373 124 ue gover na de wiste carsegen gaen ƒ20:2122 en 23 de beste naer eenge

819 2932 2367 122 ick hebbe van alder hande goederen in abondantie tot ul dienstend

825 2989 2350 123 hier iets van ul commande voorvallende gelieft maer liber in alle

812 3052 1620 100 occasien te disponeren van die Blijve

575 3096 766 169 Bruissel f Jacops

2311 3141 819 162 Adij 11 gber 1708

793 3248 2179 129 tot antwoort op de ue van 9 cour hhet en is niet

780 3322 2284 192 noodigh dat ue een attestatie sondt van den hallier

802 3449 2229 166 dat de wee paxkens te saemen op de halle hebben

798 3577 2335 133 geweest ende dat alsoo abisievelijck het een voor het

799 3671 2380 133 ander is weghgehaelt ende versonden want sulck wille

808 3780 2329 102 ick seer vel gelooven en toestaen maer den hallies

799 3868 2357 145 en can niet tattosteeren dat ue paxke niet 20 daghen

795 3987 2260 129 op de halle is geweest alheer het weede daer is

807 4089 2226 127 by gecoemen oversulckx wast ommers ue devoir

775 4180 2361 172 maddellertijdt daer naer om te sien principael daer

3412 86 2257 135 het ue nogh schustelijck hebbe geadviseert het

3395 211 2304 112 sijnen behoorelycken tijde. dat ick twee paxkens

3416 308 2317 160 vant selfde merch hadde afgesonden met het een

3428 419 2282 133 ende het selfde beurtschips dan sonder connen

3393 530 2323 152 abus voorgevallen weten en reden dat dan het

3410 640 2405 155 een uyt het ander niet en hadde connen distingueeren

3381 748 2228 164 het is mij leet dat sulcke affairen il voorgevallen

3399 890 2348 126 doch ue moet immers ten minsten bekennen

3339 986 2423 116 dat ick daer geen faute bij en hebbe gecommitteert

3298 1121 2502 113 nochte sulckx opmoogelijck niet voorsien en conde

3275 1215 2550 163 ick wille mijne vrenden in alles traghten te facibiteere

3368 1369 2389 136 en dienst doen. ende nu op ue ordre soo sal mijn

3292 1474 2514 116 vrient schrijven en raghten te persuadeeren oft hij

3379 1570 2509 183 ue geverfde quaerten tot Berghen sijnde dgelieft d

3365 1711 2518 159 over te nemen en hem proponeeren dat ue van de

3353 1818 2369 180 sijne sich sal bedienen ende het car mosyn aen

3373 1934 2509 188 hen sult dan toesenden. soo haest antwoort hebbe

3358 2050 2487 218 sal ue adviseeren om dan voorder ue ordre te connen

3378 2204 2462 168 hebben. middellerindt iets van ue dienst voorvallende

3386 2298 2348 179 voor eenigh sortiment van goederen versoeke mij

3373 2428 2398 140 de commandeeren, en ue magh seeker weten dat

3376 2532 2326 155 ue niemant beeter oft civielder altijdts alles sal

3265 2630 1541 183 overlaeten als ick die blijve

3246 2774 989 160 Leeds James ƒ6betson

5168 2782 621 153 Adij 12 gber 1708

3356 2918 2478 128 veagtaenaeme van 22 en 29 sber en 6 sber sijn mij wel geworden met rekene

3350 3006 2459 99 count die sal met het eerste gelegentijdt waerien, ssulsten en aen ul het stot

3340 3059 2530 123 remitteren voorders sien dat mijne bremisseg ul. wel sijn ter handt gecoemende

3360 3118 2509 121 wj sijn nu eenige posten van en gelandt ten achteren en sonder brieven

3356 3157 2402 121 sod onver hoslandt als ostende ick hebbe ul. naer geen bagen oft haeckens

3359 3217 2491 124 gevraeght maer alleen oft ul geen carsegen ingnothandt voor ul. rekene hadde

3342 3278 2481 95 legghen oft afgeschee sott p dit convoij dat nu godt hof wel gearriveert is vnt

3355 3344 2475 116 genoemen thomas scaman die verongeluckt is verhoepe ul. daer niets bij

3327 3381 2518 128 en sal wesen geantresseert hebbe ul. gesondene bayen noch meest gepackt

3359 3450 2520 123 en onder mij ende en can mij daer niet seer van bedancken dat is geen soorte e

3352 3506 2493 142 van gost naer sijn en prijs pr napael het pack n° 42 met 10 g baejen John

3350 3550 2478 135 Cadvick van 35 a 36 voor ƒ12:6. ick hebben van mr. coskson bayen 5 a 36

3350 3621 2448 117 a ƒ36 beeter als de ul. ende een soorte van bayen 3 37 van amuell Lord

3343 3667 2507 137 tot ƒ342: die wel  s1 £10 beeter dan de ue wesen voorders ul. stelt 30 bayen

3343 3735 2513 116 ƒ28 a 30 a ƒ30 en de diewes en generael niet anders als  28 a 29 dat iet in

3345 3793 2509 123 het vercoopen ƒ4 schelt soo dat ul. moet seecker sijn, dat in plaetse van iet

3348 3858 2476 98 te avaneerent daer moete schaede aen doen endde dat can immers niets

3359 3905 2489 124 quimeren om voor andere goederen comvrie te geven wat dat ul. ae

3359 3956 2486 119 lieft te schryven oft niet dat sijn alles maer worden maer de onder

3339 4013 2494 138 =vindinge doet mij contrarie blijken en leeren te weeten dat een

3341 4071 2503 149 ander met be coop in coopen oft dat ul mij moet cargeeren ick

3353 4135 1003 124 &sijve naer groeten asse
