6126 4434
696 0 2376 175 en n reeen wey mater e de sod erile it in en ferge raever de

710 120 2229 120 nous vener voir ma maison est a vre service et toucours p. vre

706 193 2259 153 logement et ie ne doubte poinct ou v. 9 aura plus de satisfaction

689 278 2257 132 et de choix envoyant la marchandise. il n'y manque point

690 356 1623 148 d'asortiment et v q me trouvera touiours

1987 453 889 159 Adij 7 Julis 17087

458 468 766 173 Brussel wed. ofleais

714 544 2131 170 hebbe ue van gisteeren ontfangen hebbe op 4 court on ue

701 677 2277 167 getrocken £50 wisselgelde op d pr vasse aen d'ordre Paltalar

692 754 2265 201 guelino heer ick dat gelieft te verheeren. dat ue gan adviis

665 871 2280 153 hebbe gegeven is geweest dat gise, ue dochter my mondelinckx

704 965 2274 155 hadde gesprocken, ende dat noodeloos oordeelde ue met port

700 1031 2163 171 van brieven daer over te chargeeren mits dat sien dat

676 1119 2332 202 ue sulckx versoeckt sal biy het toecoemende daer aen noyt

672 1255 2377 135 mankeeren ben van alle soorten van goederen ten ujterson

1825 1324 50 56 et

695 1309 2345 183 wel voorsien als spaensche geperste laekens bayen carscyen

675 1427 2307 163 en fisaerden tffannellen colchesper en deventer bayen

672 1525 2227 170 Engelsche witte en gevefde quaerten. ue magh seeker

677 1621 2275 172 wesen dat in ef twerpen ue niemant beeter coosp

666 1703 2333 180 als ick in alle occasien en sal bedienen. mij in ue goede

682 1826 2243 173 genegentheyt recommandeerende blijve naer cordiale

673 1943 782 181 groetenisse

1900 2030 362 144 10 July

497 2027 1162 181 Mechelen de wed Betiara

682 2122 2300 159 het is mij leet te sien bij ue aengeraemen van 4 court dat ue

687 2235 2330 162 geen satisfactie en heef in de goederen voor den prijs dat

701 2322 2265 138 ue die gestelf hebbe het is waer ick helbe nu lange tijde

710 2442 2274 121 devoircn gedaen om ue calandisie te moegen hebbe en ue

690 2489 2353 227 getracht te varsuaderen dat ick ue altijt sal beter coop be d

711 2602 2254 190 nen als ue van iemans in antverpen soude ionnen

709 2704 2362 182 bedienn worden en sulckx hebte ue oock getoent in het

702 2856 2341 159 paxke spaensche laecken &N2 warten hebbe die van mijn

714 2935 2359 158 leven noyt nochte oock mijn vaeder diergelycke sooote tor 55 st

708 3018 2399 158 vercacht en ick segghe ue als eerlijck man dat daer den inbrs

721 3124 2378 182 vant gelt vanden tjt dat ick die hebbe doen in coope ne h

681 3259 2400 153 en avanceren nocht dat ick nochte niemant in de wire

711 3351 2369 149 u die qualitijt tot dien prijs can leveren nochte aen behou

702 3452 2359 176 de blijve wat aengaet de qualityt hebbe diergelijck packe

701 3553 2386 168 noch gehadt open gedaen selfs geexamineert en naer geet

709 3651 2278 166 en aen andere vrien den veel meer vercoght ende als ul

710 3803 2287 109 consideratie gelieft te gebruycken soo ben seeker dat ul. selfs sal

700 3911 2373 111 moeten bekennen dat decqualitijdt van die laeckens meer meert

713 3973 2385 120 is als ul die vercoope ick en can ul. niet meer seghhen

693 4054 2404 138 als ick 5k. op soo eeen civielen prijs dat niemandt geven en can

702 4126 2389 148 noch geen satisfact te can geven soo en isser voor mij nochte

690 4247 2401 108 voor niemant inde nepelt op die negotie moet a dencken

3322 29 2404 96 den basmasyer elle b2 die neer eenmen hauester meer ula

3347 94 2311 93 selfs in cost omdat een vrapper is en dat moet u waerljcx

3331 157 2324 76 gesooven wegens dat  schrifft van de witte quaerten ende de

3324 198 2429 90 witte carseyen heeft  clafabus vant de witte quaerten hebbe

3330 253 2382 87 ijl geloegt 45 st exde ten langen laesten geseyt tot tu2 st het alder

3341 318 2432 91 minsten dat niet en twijffele oft valj ulsoon sal wel indaghtin

3331 368 2432 117 worden de blouwe carseyen brenge in rekenƒ 30:- gelijck die hebbe

3323 409 2370 105 gelaeten maer de witte sijn van betere qualitijet gelscsaendhe

3320 466 2414 106 sjl soon hebbe geseyt en oock aen niemans mander vercoght

3336 515 2383 117 hebbe car seyen van alle soorten van ƒ22 witt en oock van ƒ20 tot

3334 563 2367 142 ƒ27 en soo vercoope daegelijckx en hebbe noch noydt now gedaen

3339 623 2335 122 want soo mijne calantten het goet hebben weyt geleht soot

3331 679 2423 131 teeckene den prys aenstons aen en houde altijsts preciese notitie

3324 779 2413 105 ick en can nieet meer doen als ur goeden coopien van goet goet

3335 847 2404 88 be dienen dat y½ in alle occasien bij mij sal onder de ien

3339 898 2255 109 waer op ul. sich al tijdts magh verlaeten ter wijlen naer

3333 938 1198 116 cordiaele groeten se blijve

5001 1003 724 189 Adj 10 Juliu 1703

3747 1021 397 166 segers

3162 1018 662 200 Brusselen

3321 1140 2432 158 In gevolge ue aengenaeme van 4 court soo hebbe aisteren op ul

3319 1228 2411 139 getrocken in brief sicht aen d'ordre joff de wed. Broeckmans

3300 1310 2506 130 de vijfhoudent guldens isselgelde ul gelsteve den selve conform

3333 1369 2474 122 te wesrheeren ben ul van herten danck baer ick hope dat tegens de

3305 1442 2453 111 het afgaen van t: jaer beterde biet costij sal voor sallen recoman

3330 1509 2478 135 dere my in vs goede genegentheydt sal seer schoone partije

3311 1573 2403 116 versche goederen met godts gratie hebben die alle daegen te

3322 1661 2360 90 gemoet sien als spaens chet laeckens geperste en noortse seer

3317 1697 2361 124 schoone carsegen van Abram ziler cn bayen oock deventer

3331 1769 2423 124 bayen fijn en gemeijne en een nieuwe soorte van colchester baesen

3323 1863 2373 90 vwonts alder hande goederen tot ul dienste misdelertijdt in gevalle

3338 1903 2398 119 ul. iets coemt te manqueren bidde mij te commanderen die naer

3312 1992 1130 91 cordiaele groetenisse blijve

3179 2085 1373 197 Mecheben de wed. langemans

5090 2109 475 175 Ady 11 d

3315 2242 2454 152 ul uengenaeme van gisteren en is mij heden naerden noer maerter

3307 2355 2497 114 handt gestelt als ul mij gelieft te schrijven soo versoecke de brieven met den e

3323 2430 2420 124 post te bestellen worden altijdts prompter behandight en can ul. voor en

3307 2482 2423 98 latterdagh met het beurtschip af senden soo dat il mij noch al voorens can

3309 2568 2389 72 antworden oft ul gelieft eenen rooden frisaert en eine coofij baey met

3331 2601 2469 136 een en af gesonden te hebben. wat aen gaet den prijs van de goederen vl magh

3311 2711 2460 89 secker wesen dat niemandt in antwerpen ul. beter coop als ick can bedienen

3323 2755 2423 91 maer daer sijn differente soorten van goederen want hebbe carsegen die

3315 2824 2466 114 selfs daegelijckx tot ƒ 25 witt vercoopelen soo geverht naer adyenant gemiyne

3325 2874 2438 119 sooren hebbe ick ooock al en can oos tot alle prijssen dienen ick en vercoope

3309 2993 2422 74 niet met de elle alleen met geheele stuckens bayen can ul. oock van alle

3309 3021 2417 109 soorten senden en gelieft maer te noteren wat prijs dat ul. gelieft te

3303 3116 2463 84 besteden de alderbeste frisaer den moet en wiet cotten ioz a 11 st en roost ste

3302 3162 2398 96 a 13s sende ul. hie ingesloten staelen oock van een soorte van bayen

3288 3222 2497 122 die geveort commen ƒ33:- gelieft ul diergelycke ofte mindere soorten oock

3299 3295 2357 93 can swente bayen ul gelieft het mij maer te laeten weten en sal tegens

3316 3374 2420 99 satterdagh uf. antwoort te gemoet sien ul. schrijft dat den boede mj eenigh

3317 3408 2454 150 getot sal tellen den brierdraeger heeft mij geseyt dat hij op morgen eerst

3299 3530 2417 84 in tadt sal wesen tot ul naerricht het en is met noedigh dat ul mij het

4527 3538 83 65 a4

3298 3570 2416 87 geldt van te vooren sendt daer ick in can dienen se is altijdt tot ul

3279 3658 2427 115 dienste en ul can dat dan met occasie doen ick en dencke niet dat ul

3301 3703 2429 105 den bruynen carsey soo inst op het stael moet hebben ick groete ul van

3313 3749 1863 145 hergen en afwachtende ul antwoort soo Blijve

4503 3855 549 152 12 Jany 1706

3141 3872 816 147 eeds chomas Base

3295 3938 2500 155 s becoeme e eerst ue aen genaeme van 19 pasat beantwordin

3284 4054 2479 128 alleenden mijnen van 11 ditto do sedert hebbe ue noch geschreven it

3308 4143 2485 143 en 25s junij die wille verhoepe ue propullen sijn ge

3304 4206 2500 163 woren ende waer aen mij gedraege ue sal uyt den s
