6136 4440
733 95 2263 83 ghelijck men in dese quartieren altijdts ghevoon is t'hebben en

692 123 2383 97 gheen mindere oft van slechtera qualitijdt want ander sins

704 212 2405 107 is het goeden coop quaeden coop bidde dit in notitie te nemen

731 297 2359 89 soo neel voor mij aels andere vrienden en ul sal ondervinden

713 343 2386 114 dat ul wel opderechte op bovens versoecke een letter van ul

740 433 2190 100 advries en oock antwoorrt oft de sghecochte bayen sijn van

720 496 2416 103 qualetijdt volghens mijne meyninghe en soo Blijve afwachtende

926 549 228 121 1f

541 580 1340 182 Rotterd. Jacques Reyers

2356 630 647 148 Adij 17 gber 1707

749 710 2421 208 mijnen laesten was iapast die verhope ul. wel sal sijn ghenoorde

727 833 2426 161 ende dat ul. dien volghens de inghelelyde voor en ghelaedt prompt

731 917 2408 144 voorsganck sal hebben ghegeven sedert sonder van ul aenghenaeme

728 981 2288 116 desen dan oock alleen tot convert van twee in close acoon

745 1062 2368 125 Enghelandt daer ny particulier aenghelegnen is soo dat die

716 1144 2393 143 ghelieft te doen voorts ganck geven afwachtende het natuweel

728 1191 852 143 perulque soo Blijve

551 1286 1046 184 Leyden Jacques le Beuf

2384 1343 411 154 Adij 17 d

740 1406 2397 183 mijnen laesten is 10 caur die verhope ul. wel sal sijn gheworden sedert

748 1542 2195 98 sonder voordere van ul. aenghenaeme inghesloten rechen van

745 1598 2362 127 oncosten opt paxken IM N8 bedraeghende wisselghelde £5:19:8 waer

733 1672 2393 144 voor ing ghelieft te cgediteren de vraghten hebbe den schipper niet

741 1736 2340 125 betaelt alsoo met hem niet conde te recht comen door dien veele

743 1823 2352 117 particuliere in costen van tholen andersins pretendeerde niet

715 1888 2387 141 = sulcx hebbe hem op costj gherenvoveert hebbe liever dat ul. selts

735 1969 2352 124 daer van inspeetie heeft daer wordt mij gheldt gheooden voort

734 2051 2396 157 carmosijn ul 3241 a 57 te weten ƒ6: - soo ul. dat ghelieft te laeten

734 2135 2389 131 bidde teghens satterdagh te advriseren oock voort toecomende te

740 2232 2396 142 reflecteren dat de carmosijne laeckens soo dune noet moghen

730 2303 2411 132 vallen hebbe ul met mijn voorgaende ghenoteert mij kopinge

722 2401 2442 154 te sullen schrijven weghens d'affairens van 3 de Buck hier is

720 2485 2395 155 oock conform de vrienden van costij en ghendt gheresolveert

731 2565 2397 140 den nanckel open te handen ende den bergh te lossen op een

708 2658 2424 165 accort dat met die van den Bergh staedt op taput ghebrocht te

732 2739 2341 151 worden wahen den intrest dat mij dunekt den bester

723 2831 2326 162 en profita belsten meddel voorde gheintreseerde want bij

728 2907 2360 161 aldien men den bergh abandoneerde en het vercoopen soo

731 3005 2337 118 naeren de ffeeten van de nanckel verlooren en tot niet

739 3111 2327 125 en vooderj de guerale negotie onder den voet daer men

723 3170 2381 158 ne hope heeft dat wancer alles met occasie wort ghede=

720 3271 2315 160 =biteert selfs tot advance datter iedts considerabel voor de

721 3377 2419 139 gheintrsseerde noch sal van comen en vooders dat men

731 3470 2329 129 voor alle tratiquanten de goederen in prijs sal handen

729 3542 2442 165 heden is alhier weghens de vrienden van de Buck wederm

739 3635 2390 174 propositie ghedaen tot een accort dat wel het alder beste

737 3696 2359 176 waere doch en gheloove met dat sulcx sal connen

733 3802 2337 149 ghetroffen worden door faute van sufisante boughe

737 3895 402 148 Blijssl

523 3999 1384 195 Brughe Gillis van Coppenolle

2520 4054 599 161 Adij 18 P. 170

725 4250 2361 131 ende te beantworden beyde ul. aenghenaeme van 6 en 19

3400 63 2367 81 parte die faute diy de ghes ondene reckene niet eorder hebbe connen

3395 141 2433 102 naersien, sijn on beantwort ghelleven wat aen aet de reckene vvan

3391 162 2448 107 de laeste packen frisae en die steldt ul. te hoogh in convoij doordien

3391 269 2264 109 de frisaerden niet anders  op ƒ 30:- ieder in convoij moeten

3405 315 2463 143 gherekent worden en andere perienden en doen nochte en hebben

3404 427 2451 84 noydt anders ghedaen vooders ul belaet ieder pack met frans pas =

3409 491 2441 108 woort gheedt van 1 st: en op t eijnde brenght noch eens vnde

3391 515 2396 165 aflaedinghe van ieder vat 4 de proussie eenen patacon op

3396 603 2476 152 gen paxke frisaerden is wat hoogh doch en wille op een heetelijcke

3404 722 2426 113 pronsie noydt mijn vrienden repireeren als de soncosten maer

3390 785 2435 105 worden ghemenageert want hrove goederen en connen geen

3397 872 2392 89 bes waerenisse verdraghen ul noteert vooders dat ul ent

3408 922 2309 129 voorde voorgaende beschadiende packen goedt doet ƒ100:

3394 957 2469 150 wisselgholde dat can immets niet minder wesen als ul. mijdeer

3403 1086 2416 95 mede te last heeft en wat uen gaet dat ul. gherepliceert hebbe

3408 1112 2361 192 op d' recken soo aengaende dat ul te veel ghestelt heeft in

3407 1201 2447 160 rechten en convoiy dat is volghens dat andere vrienden oock

3421 1278 2358 125 sijn bedient gheweest de witte quaerten en connen met als op

3397 1389 2349 122 £40:- tenwijfersten a ƒ50:- in convoy ghestelt worde t

3408 1425 2407 146 en ul. brenght die a ƒ96:- als t'op pa kM n°11 en vooders

3412 1515 2358 138 alsoo de rest a l'advenant ul heeft ten miooten soo veel

3403 1586 2383 135 ingressie als iemandt op t comptoir costij en cont doen dat

3398 1665 2405 150 apdere doen dat heeft ul. mij immerk gheschreven ende

3411 1775 2407 96 daer op en hebbe niemandt als ul. alleen mijne goederen

3397 1824 2414 144 laeten verclaeren ende en ben oock van gen intentie

3415 1923 2407 127 bij het toecomende anders te doen als ul allien templogegen

3400 1980 2432 129 mij gheel op ul. verlaetende dat ul. mijn intrest altijdts sult

3423 2060 2441 146 behertighen ende wat wille vooder seggen als dat alles selfs

3409 2146 2478 151 aen ul consideratie laete ende dat ul op mij sandt ghelieven

3408 2250 2337 118 te trecken het ghene ul. sal oordeelen dat redelijck is

3409 2325 2294 98 ende dat aen el pr rest van alles schuldigh bene en dit

3414 2421 2137 118 at wachtende met d'eere vranul antwoort blijve

3659 2493 1117 220 J Bapt. De Snde laer

3239 2319 397 381 eb

5023 2530 775 160 Adij 16 gbere 173

3425 2649 2398 156 en twijffele niet oft den mijnen van 5 court salv lwel sijn

3417 2766 2407 109 het sijnen tijde gheworden oock con form het pa ke met de

3407 2831 2466 133 Blaude carsegen daer bij vermellt sdert ben sonder voodere

3425 2952 2467 106 van t l aenghenaeme dese dan principael om ul te veroe

3413 2995 2349 135 van de gheerdon eerde lijnwaeten voorden trmen soo seer

3416 3061 2395 147 mooghelijck te verhaesten om mij die af te senden door dien

3426 3182 2439 102 niet en twijffele oft sullen voor uu den enden blijck en ghereedt

3417 3215 2429 139 wesen mant begten hooghsten daer by ghein comodeert en

3428 3347 2383 99 verleeghen ende daeghalijcke noodish om daer van te

3439 3441 2367 82 gheoruycken hadde oock al verwacht dat ul. mij rooders

3414 3469 2456 135 benighe carseyen gheverft shebbe hebben gheordoneert te

3425 3565 2352 120 senden want ben seecker dat ul. ghoen beeter oft beeten

3416 3659 2484 111 ghevenft en gheconditioneert on cont becomen het is seeche

3404 3718 2428 146 dat dhet aen meergheldt toe gheve als profitere echter ney

3415 3839 2438 102 sjn present in sordienighellonconcture van tijdt en daer is

3419 3886 2465 124 niet anders aen tedoen als patientie te nemen soo dat

3423 3979 2435 124 ul. wit le seggen inghevalle ul een partijesen van

3426 4054 2367 123 conse de ratie noodigh heeft sal ul. die wat in inder

3421 4130 2441 145 stellen en ick en twijffele niet oft ul. sal daer beeter

3427 4258 2337 110 aen vaeren want het is voor mij een droewe negotie
