6131 4407
703 18 2307 119 ij de leconde en desen in handen van man: loureer

682 66 2344 131 santini en et sergnorest die ghelieft af te haelen ende daer voor het noodigh

689 146 2322 116 te besorgen en ontfanghen sinde mij sin recken te crediteren als ul. van

675 223 2190 90 sentiment niet en soude ghelienen te veranderen soo soude moeten

673 275 2170 116 patientie nemen verhopende echter tot antwoort sauoraeterder te

663 319 1393 124 vernemen die naer groetenisse blijve

819 426 87 70 m

492 408 998 165 Rotterd Jacques Meyers

2368 415 583 166 Adj 15 meert 1700

693 537 2332 135 ul aenghenaeme van 28 past hebbe het sijnen tijde noek ontfanghen conform

681 637 2356 116 oock het pack I.M.N1 p Arij claessens hebbe sedert verwacht d'on costtrecken

682 689 2203 101 als mede recken court ende tot dato heden niet vernoemen ghelieft de

674 802 2340 85 goedtheydt te hebben mij die p eersten te senden ende daer oy de sabusen te

660 855 2301 96 reddresseren op dat alles conform magh wesen inghesloten sende uijt

673 888 2362 134 inclose voor enghelandt die ghelieft te doen prompt voorst ganck geven

687 956 1807 140 alsoo mij daer perticulien aen gstelegen is ten blijve

495 1070 856 164 Leeds James Ebbetson

2264 1100 559 152 Adj 15 d. 1708

694 1174 2337 177 tot antwoorde op ul aenghenaeme van 21 past. het is nu leedt dat de negotie

691 1332 2371 86 op ul. quagtieren soo slecht gaet alles comt tot niet en daer is niet meer te doen

682 1405 2380 77 ick magh ul seggen dat ul laeste ghesondene packen met laeckens en carseyen

687 1442 2270 118 alle daeghen tot schaede moete vercoopen oock die van andre vrienden

691 1493 2347 126 als messr. coock sonete soo dat het gheen plaisier oft contentement meer

677 1590 2366 85 doet met d affairens sich te bemoeyen mij moeten patientie hebben tot

687 1641 2283 119 dat het al sal beteeren ick en doen present die affairens niet meer om

694 1720 2355 118 profijt maer alleen soo weynigh als ick can menageren om mijn packhuys

688 1825 2346 86 in beputatie te houden op hope oft het eens als voordesen veranderde

682 1903 2328 86 als waneer mij d'eere sal gheven mij van ul. beleefde offres wederom

675 1933 2350 141 met godts gratie te bedienen van d'andere twee packen en hebbe tot

694 2034 2328 103 dato heden niets vernomen enen wel remittere ul. hier in gesloten

681 2100 2372 117 s £701  op henrij farnesse van 29 past. vsos waer voor gelieft het

677 2176 2347 115 noodigh te besorghen en mij te crediteren en afwachtende advis van

679 2247 891 128 den ontfanck soo Blije

504 2324 1279 205 Ghendt G: Bapte De Sadelaer

2387 2333 600 179 Adij 20 meert 1708

696 2471 2365 144 en hebbe in langhe deere niet ghehadt ul. te schrijven offeenighe van

696 2606 2388 124 ul. aenghenaeme te ontfangen alhoewel het debiet slecht is soo en twijffele

689 2684 2348 131 enen wel niet oft daer sal met dit saisoen al iedts te doen wesen gelieft

678 2758 2397 142 toch inducht ick te wesen mijne resterende laeckens onder ul ende devoiren

673 2836 2286 137 te doen om die aenden man te brengen want soude die seer geerne

674 2921 2399 148 vercoht sien om onse recken te connen slugten necomandere v. het

679 2994 2366 141 selve andermael van herten en t: sal mj pertienlier verobligeren

681 3088 2391 140 sal alles doen wat mooghelijck is om een eijnde te connen hebben want

683 3142 2394 165 den intrest gaet te veer hebbe eenige goederen geordonneert en met

657 3241 2351 135 dese avanta gieuse wissel soude geerne iedts remitteren soo dat uk

669 3342 2373 117 mij plaister sal doen met eenige remises te senden oft in gevalle

658 3416 2433 142 lijt geen occasie hadde mij ghehefde te p mitteren iedts op ur te moogen

674 3522 2353 79 trecken ende heeft ul. verder occasie vooreenighe schoone blouwe

683 3583 2378 116 swerte oft drap de dammes bidde mij maer te adviseren sal ul. altijdts

688 3657 2264 110 als vooreen van alles connen voor sien en bij aldier ur eenligh

689 3720 2320 113 sortiment van engelsche goederen coemt te manckeren sal ul

695 3819 2382 107 alsydts alles op een ciugele winste verlaeten sijnde in alle occasien

502 3861 557 168 Ath P. horion

2389 3878 525 160 Ady 20 d. 1703

686 3984 2312 137 ce prende la liberte de vous faire effre de mes services p. celle cy et en

685 4128 2409 99 mesme temps vous adviser quesje suis bien pourven de faitte sorte de

689 4166 2393 130 nou velles marchandises d'fnglettere en esperence que nous au vous

696 4274 2404 89 en peu l'honneur de vous voir p. iay vous as siurent que p par lonne

2779 4311 158 63 13:

3335 21 2430 97 an monde na a e vous meelse servir mamill  marche

3319 64 2470 125 tout mon possible pouravoir l'honneur de vre chalandise ie me recomdendee

3326 127 2374 109 a 8: bon ne grace priant de me faire l'honneeir de me vonervoi le

3328 202 2039 124 premiey ie vous salue comme pmac. vre compagne et me dit

3129 257 727 149 Ath M Le Lieuvre

5047 279 607 142 Adj 20 mars 1705

3335 358 2390 140 il y a long temps que ie n'ayt eu l'honneur de vous voir  quoy que y.

3337 438 2427 136 c'est transporte p. ieu ieprend la liberte de vous faure offres de mes services

3313 508 2445 122 et en mesmme temps vouss adviser que ie suis bien pourvou de toutte sorte

4115 565 53 52 5

3346 610 2380 115 de nouvelles marchand: d'Anglittere en esperence que vous nousferez

3325 659 2371 117 l'honneur en bres de nouetenir voir vous assurant que parsonne

3337 749 2412 80 au monde ne potura vous mieux servir nma mellieur marche ie feray

3323 773 2463 134 tout mon possible pour avoir l'honneur de vre chalandises ie suis de loged

3335 872 2423 97 et ie demeure dans la mesme re que on peu plus hault vvs a ciele

3334 898 2396 157 comptoir de la porte ie me recommande a S.b. grace priant me

3329 1004 2458 122 faire l'honneur de me venir voir le premier il vous al salue et me dit

3129 1059 960 175 Att Martin fournier

5130 1072 592 194 Adij 20 d. 1705

3415 1146 1259 158 Capwe als aen uf le lheuvre boven ƒ3

4580 1284 939 169 Adi 21 meert 1705

3122 1269 1185 250 London Livinus de Dorpere

3352 1428 2334 196 gedraege mij aen mijnen laesten van 15 court heden

3350 1542 2354 202 beoeme ue aengenaeme van 2 deser. tot antwoort

3320 1662 2360 175 het is wel dat ue mijne ordre voorde twee packen

3327 1758 2372 193 laekens sal volbrengen en sorghe draegen om de

3325 1892 2303 188 alder beste en aldernieuwste moede couleuren te

3342 1994 2433 196 be coemen soo voor de sijne als de gemeyne die met

3332 2103 2259 221 godts gratie met het eerste overcoemende

3320 2232 2402 218 Rottterdams convoij dan sal te gemoet sien. de

3343 2333 2366 192 staelen en facturen soo spoedigh moogelijck als

3353 2453 2434 173 ue versocht hebbe wat aengaet de negoie van wissel

3329 2568 2489 209 ben te vreden die met ue in comp. aentegaen ende

3333 2706 2332 166 te begiennen en mits ue abondante occasie heeft

3313 2803 2433 189 om op dese quartieren te trecken soo en twijfele

3323 2915 2346 127 niet oft wij sullen iets considerabels met den tydt

3312 3040 2402 126 te saemen comen profiteeren: voor de remites

3335 3118 2396 147 die ne niydren sal sal togens den selven vervaltijdt

3320 3229 2316 177 op ontfanck ue weder remitteeren volgens ue my

3317 3356 2372 155 noteeyt doch ue moet staet maeken dat het op

3271 3478 2467 172 Brussel ghendt te doorgaens 1 p p £raym fult

3310 3576 2424 159 ende datter niets avant a greuser can esen als n

3317 3691 2410 161 Antwerpen te betaelen alhoewel dat wel weete

3320 3853 2356 96 dat men die present athier genoechsaem can pary

3307 3895 2464 160 veruegotteeren doch niet tiges sonder staet te connen

3327 4014 2473 159 maeken. van de wolle handelaers sijn alhier pretent

3305 4123 2374 179 veele in clejn crediet n oock naer advenant i

3311 4215 2440 145 slechten staet daer ue het sijnen tijde sarge sal van
