5936 4406
557 7 2448 118 gheen intres vant capitael aen te maecken is soo dat  oter diunck

516 106 2408 118 stel te staen als niet te willen negocieren te moeten schaede doen ick

550 179 2405 85 en twijffele niet oft ul. sal hebben vernomen dattereen considerabol

541 238 2488 91 bankriet oft sallssement tot ghendt door Reynierde spuck is voorgheven

513 311 2528 101 ellen daer vah alle plaetsen stercke gheintresseerde aen wesen in veele

2524 336 56 47 2

531 347 2439 145 kraemers merckeelijck sal in commosderen het is seecker t de negotie

540 408 2485 150 en soo slechten staedt continuert als teghen woordigh datter velle sullen

538 478 2425 143 moeten vijtvaeren ick en gheloove nhet datter convoy van hull ot

542 551 2410 173 Rotterd Csoo haest sal wesen en waer schijnelijck wel tot sber gen

506 634 2484 149 cloopen saude noch wel inclineeren eenighe carsegen te doen in

514 723 2432 155 coopen inghevalle dat ul. goede soorten als van Abram Pilley en

522 807 2413 153 stanshell saude connen incoopen tot 13 31: 32 a 1333 seghe goede

372 903 2672 163 carseyen want ul. weet wel wat soorten voor brabandt moeten weser

542 1017 2501 125 sleghtte en begheere positief niet soo cont voor mij incoopen drijhondert

544 1075 2478 148 P te packen ieder pack kan vijftigh S: oock gen aft wel hondert

538 1166 2471 146 B: baijen van ttf 30 ghesoor lost tot  48 a r0tt ende die pr. eerste

533 1233 2363 139 convoij afte senden ghelieft goede sorghe voor mijn infrest te

545 1343 2405 129 draeghen en in alles als voor u eygheen te behertighen den risico

543 1470 2468 102 van assurantie voor ul. rechene als voor desen ul. magh seeeker

540 1539 2296 114 weeten dat niemant als nu aen ul  noch een ighe de

542 1639 2409 132 minste orde ordre ghegheaen hebbe, ick vertroudge dat ul. mij

527 1717 2412 115 wel sal bedienen sien p eersten hier over ul antwoort te

539 1795 2502 127 ghemoet remittere ul hier inghesloten £ 120:- van 8 court

532 1847 2508 163 isos op lecheuallier turnesse in london ghelieft hier voor het

538 1973 2313 95 noodigh te besorghen p naesten en op ulantwoort sal ul

539 2034 2435 139 partje voor de lordre hier boven p remitteren ul groetende

510 2126 548 160 soo Blijve

2430 2224 616 189 Adij 21 Juli170

345 2227 1390 171 London Keawen en stock dale

988 2357 156 75 vous

539 2349 2494 168 ma derniere sat le 4 court avec remise de  £150:- que i'espere vous

539 2477 2465 120 sera bien parvence en son temps of dont i attend l'honneur de

560 2554 2487 162 vre responce voisy incluse la beconde en cas de besoing. depuis ia

534 2632 2488 193 la cheye vre du 24 du passe, ie suis mary de voir que cesballots de

529 2744 2485 176 cottons vous incommodent et que vous avez sifort besoing de vos

542 2838 2501 169 magasins si vous vous trouvez que nous n'aurons pas convoy

544 2967 2485 143 asbeure en bref pour ostende il ny a rien d'aultre affaaire

531 3056 2430 170 que de les charger pour Rotterd dans de bons vaisseaue et de

517 3135 2528 231 dinider le risque es comme ie vous ay touiours recommande dans

543 3254 2426 201 pares pluisieurs vaisseaux l'honneur de vre responce me

550 3406 2463 139 serat agreable pour me pouvoir regler a l'advenant ie vous

554 3513 2474 132 remette cy incluse deux lettres de change chacque de  £100:-

533 3609 2456 174 faisens en semble  £200:- il vous plaira d'en procurer

521 3693 2495 206 le necessaire m'en crediter en suitte et donner tre advis suis

547 3835 2288 196 remisse de 14 Juin ssences sur leere PPhilepde £100: -

553 3996 2231 120 remise de 29 juin vsences sur nouch de lafontaine

811 4097 398 118 gcagt

2368 4116 453 97 1100:-

2321 4181 497 171 st£ 200:-

3106 35 1495 141 Leeds Aoillam et Samuell Coockson

5213 44 594 151 Adij 21 Julis 1707

3360 89 2451 185 i'espere que la mienne du  du cours vous sera bien parvencie avec vre

3346 247 2469 108 remise de  £100:- suy le cheuallier  henrijfunes se voicy encluse

3356 307 2472 124 en seconde ie vois pr la chere vre du 18 du passé que les mienges du 13 et

3321 351 2502 135 20 vous estoient bien rendue quec les remisses ymentionee mais vous ne

3321 431 2502 125 faittez aucunne mention touchant la mienne du 6 d. avec remise

3309 460 2526 167 de 194. ie ne doubte pas ou elle vous sere rendue en temps et peutestre

3338 550 2474 126 que que vous m'auvezfait responce p. lettres du 6 in jaus qui nous

3341 621 2453 136 manquent et perdue ou prie en chemin selon touttes apparence a ie

3338 664 2461 145 m'estonne que vous ne mefaittez aucunne mentions touchant ce que

3350 774 2464 105 ie vous ay escript a l'esgares de draps ie vous ij ay touiours dit que ie n'en

3324 832 2487 125 suis pas presses et i'espere que vous n'en aurez ous achepte ou si vous en avez

3325 921 2468 115 achepte vous me seriez plaisir de les envoyer pour compte d'un aultre qui

3335 988 2474 116 vous a donne ordre d'en achepter car je n'en ay pas besoing iusques apresent

3337 1085 2366 120 aijant encor  vos derniers ballots envoyez presque touts duns mosse

3324 1140 2422 135 magusin a cause qu'ils sont acheptet sischer et qu'il y at si peu de

3351 1219 2462 152 debite vous aurez ausy sans dop doubte dispose du ballot  N.6 qui at

3347 1323 2372 83 ete dans thomas right car ie n'en ay iamais appris aucunpe

3351 1389 2487 123 nouvelle et vous aurez tres bien fait voicy incluse remise du 24 dupasse

3329 1468 2510 103 2 vrensce sur francis  thorp in artillery cane in London dont il vous

3353 1549 2458 117 plaira d'en prosurer le necessaire et necrediter en suitte il nous

3339 1619 2497 105 manquentt  diverses postes d'Anglattere que nous esperons d'avoir

3334 1706 2481 123 en pen aussy entre celles les agreables drostres dont ie suis en attendant

3147 1775 845 185 Ath ignace Pebrion

5256 1833 491 181 Adij 22 d

3294 1954 2464 149 i'aij bien reccu les deux cheres vres du 8 et 18 du court p. la premiere vre

3335 2056 2398 122 lettre de change de cent cinquante escus de change sur le k. Courten alle a

3342 2149 2477 124 Bruselles he  l'ay negotie en suitte et comme ie n'en ay rien appris ues

3314 2244 2501 111 =ques a present ie nesdouble pas ou elle sera prompt payez je vous en voyeray

3328 2297 2471 163 de main on apres de m'ain sans faute en suittes a vre ordre p. gand les draps

3331 2400 2416 128 blanc a l'addresse de l'hoste dullion dor pour les donner auschartier d'Ath

3328 2493 2423 109 ghillain il m'at este impossible de l'avoir plustost prest i'ay fait toutes

3329 2573 2537 130 mes devoirs possibles en toutes occasions ie vous prie me commander et ie

3329 2620 1716 159 ne manqueray pas a vous bien servir que suis

3121 2714 1634 201 Mons Caf. Veuf  Bapte Masson

5279 2745 416 160 Adij 23 d

3335 2864 2491 152 celle cy pour vous donner advis que i'ay livre deux demie R de draps bleu

3344 2948 2459 178 qui ye fait ensemble q'une  au iessager michiel de Brussel dans vre

3349 3059 2441 135 rolle marque V.B.M que i'espere vous parviendra bien au pied de cette

3353 3163 2481 122 vous en avez la facture ie ne doubte pas ou V.G. en sera tres contente

3358 3205 2362 156 comme aussij du drap de damme que ie vous ay envoyée le derniere

3340 3307 2513 136 voyage passe p. le mesme messager michiel de Brjssel au pied de cette

3358 3394 2448 102 las facture de deux demie P de bleu portant en argent de change

3716 3492 2131 122 pour quelle somme il vous plaira me crediter et en faut que

3312 3588 2550 109 5. 4. poutroit avoir besoing me commander. toute sorte de marchandise

3345 3673 2518 93 esf atres bon marche et ie suis tres bien fourni touiours a vre service

3359 3764 2408 69 V. g. me ferroit plaise si me pourriez faire quelque remise

3337 3789 2500 172 pour le present cependant sans vous e commoder ie me trouve

3343 3893 2464 146 charge de grosses parties de marchandises et court d'argent et

3347 3966 2497 135 il heraeult payer de lettres de change touts les jours excusez

3350 4077 2339 139 la b libette que ie prend dans cette occasin ie suis
