6264 4467
854 78 2309 191 can mijne vrienden bedienen alsoer imant in Brussel

835 184 2281 172 oft Antwerpen soude connen wesen ende dat alle

828 296 2239 208 devoiren doen om calanten te maeken daerom

848 437 2216 210 ingevalle dat ue ien moghte noodigh hebben

865 560 2091 195 bidde my te commandeeren oock als ue ot

833 659 2208 191 imant van de familie overcoemt mij deere

829 816 2293 168 aen te doen van eens naer te coemen. het gesicht

832 913 2247 182 it ue altoos geschoenhen ende het aensien doet

856 1086 2264 168 gedencken en twijfele niet oft ue sal vernoemen

846 1147 2271 207 hebbe dat de versche goederen alle sijn aenge

836 1297 2262 151 coemen hebbe het schoonste sortiment dat men

826 1413 2315 164 sien can van laekens tot ue dienste recomman

803 1532 2322 197 deere mij in ue goede genegentheyt en blijve

837 1650 1186 218 naer groetenisse

2335 1765 552 208 adj 10 mej 1709

660 1779 1255 213 Thunhout pBMeurs

862 1985 2241 204 en hebbe in lange het geluck niet gehadt te hier over te sien ick

851 2128 2092 174 verhope even wel dat ue wel te passe ie met den swaeren

846 2190 2325 228 winter soo heeft het al lanck aengeloogen eerder versche goederen

857 2353 2243 174 uyt engelandt sijn gecommen doch nuisser sortiment van

856 2468 2317 211 alles ist saecken dat ue u iets noodigh hebt, ue can sijn gerief

854 2611 2354 196 van alle soorten van goederen vinden soo spaensche als geperste

843 2738 2285 194 noortsche en dosijnnen van alle soorten van couleuren en

846 2821 2351 281 prissen. ue en gelieft mij maer te schrijven oft overcomende eens

844 2969 2348 245 naer te commen en sal ue seer goeden coop dienen woone

853 3091 2119 214 recht over het post comptoir in het hiddorpen blijve

2303 3183 596 203 Adij ditto

644 3227 745 225 Theandt Saedelaer

831 3331 2297 172 de ue van 10 past. hebbe het sijnen tijde wel ontfangen

841 3473 2342 158 doch dat voorders niett hebbe vernoemen doet mij gelooven

845 3551 2259 199 ue van mijne goederen sedert niets en heeft gedebiteert

830 3675 2288 179 het is soo schoon sortiment als men can afsenden en

826 3792 2341 203 seer goeden coop doch het slecht debiet schijpt overal

846 3903 2252 161 te wesen. ende daer moet men sich tot aldertijdt toe

853 4016 2248 173 en patienteeren ick recommandeere ue dan mijn

837 4119 2286 192 intrest waer te nemen. ue heeft mij geadviseert tegens

837 4262 2368 102 het eynde van de maent iets te remitteeren, can het

3412 82 2385 172 geschieden soo sal ue mij perticuliere vrinsschap doen

3379 184 2330 158 want moete present wat sterck betaelen dooor dien

3396 332 2366 180 het hulsch convoy ende dat van london seer naer te

3392 424 2442 178 saemen sijn overgecoemen hebbe seer schoon soriment

3396 551 2334 197 van alderhande goederen ingevalle ue ergent toe

3378 669 2336 179 occasie hadde wat het oock moghte wesen salt ue

3387 778 2477 238 op een cleijn winste overlaeten die blijve naer groetenisse

3270 908 977 197 mecalen h. Cfaydherbe

4791 904 1114 242 Ady 10 meij 1709

3377 1048 2423 170 en twijfele niet oft ue sal mijn laeste brief wel hebben

3393 1163 2328 154 ontfangen waer mede ue geadviseert hebbe dat ue

3358 1315 2381 202 hadde vergeeten een stael in te sluyten vant laeken

3384 1414 2315 168 dat ue my vraeghde. ick ben verwondert dat sedert

3384 1564 2343 173 gaen antwoort van ue hebbe becoemen. mits dat ue

3389 1657 2439 179 selde overcoemt ende dat de nieuwe moede couleure

3382 1779 2534 183 sspaensche laekens sijn gearriveert soo sende ue ingeslooten de

3375 1879 2448 229 daer van mijne staelen met de mmeros en prijsen

3373 1997 2420 210 opdat ue aens soude sien oft ue daer niets van aen

3393 2166 2197 104 en staet. het is seer schoon goet hebbe oock

3380 2242 2525 202 geporste en gemeyn laekens van 38 t van alderhande

3380 2358 2387 188 moede couleuren. oock seer schoone bruyne couleuren

3384 2472 2517 206 tot ue dienste. ick sal ue al tijdts goeden coop dienen

3380 2629 2347 141 daerom gelieft my maer te ordonneeren het gene ue

3363 2737 2362 124 can noodigh hebben en blijve. gelieft mij toch de

3373 2838 1688 149 staelboeck cito weder te senden

3274 2979 1259 236 Ramur marie Hermans

4920 3011 464 212 ady d

3371 3167 2474 209 il y a quesques jours que mons. vre cou in m'est venue dire que vous

3363 3325 2549 156 estey d'intention de quitter la negoce il m'a demande le rest denro

3369 3476 2481 139 compte ce qui fait 4:10 de change ne doubtant poinct ou il vous

3368 3577 2473 139 l'aura advise pour moy ie ne peu manquer a vous remercier de

3359 3664 2276 165 l'honneur de vre chalandisse aussy de vre bon payement

3349 3763 2565 230 et en mesme temps de vous faire offre de mes services aussy a touts

3360 3934 2423 164 vos ams en tout ce qu 'iil sepuis estre vous apeurant que a

3359 4062 2420 189 et l'auray estame pour vre parsonne comme len souhaitte

3347 4142 2470 206 tauiours a faire connoissence v.q meferoit plaisir a me

3342 4297 2377 93 vou loir enseigner les marchands en vre ville tratiquants
