6148 4407
2310 22 155 71 1

701 62 2255 102 thomas mason qui est heureussement arrivee a Rotterd grace au segnieur

637 110 2258 119 entre la slotte. Dieu m'a conserve du malheur car ily at trois ou qiattre

652 194 2322 114 vaisscaux pris entre aultres cabriel Doublet Corneliez ceman et gerbrant

640 261 2248 96 pieterse le segnieur vreulle convoler sos intrezez ceat pous en seigne qu'l

636 319 2236 107 fault touiours avoir bon sring et esgard de ne charger que dans de bons

649 415 2387 90 raisseaux et p. de bons batteliere a vous connue curilbgault necess arrement

665 484 2351 102 que ces pris le sont egarez et cloigne. de vaisseaux de querse et de leurfcotte. fre

639 544 2360 86 sil ne fault jamaes plus d'un ballot dans chacques pavire i'espereque p.

665 629 2323 90 premaer il y aura d'aultre suffisant convoy pour Rotterd. car ie ne veu plus

654 691 2302 98 rien afair p ostende comptie ie vous at marque p. ma precedente je serais

658 755 2322 93 aussij bien aue d apprendre ce qu'il est passe pour  l'acomplissement

635 817 2237 125 de mon ordre pour les draps et pour  voir les assortiments des

655 912 2348 100 coleures i'ay ou blie vous marquer p. ma derniere que i'ay salde la compte

650 983 2286 111 courant conform avec vous et vous debite a compte nouveau p. alde

649 1045 2295 130 £27:-:- ie vous remette sur le mesme ay incluse comme au pied de cette

655 1123 2317 120 vous priant pour d'orcinauant de faire de chaque ballot oin import vre

671 1216 2318 115 partie scavoir pour un ballot arque tel pletel vaisseaux fautant de £

665 1274 2252 114 cela va plus iust et m. Kent a touiours practique de mesme i'espere

659 1356 2330 113 que vous aurez envoyée p. quelques stmison bien pr. le ballot arriveé les

684 1419 2254 111 den oohorologes. si non, faitter le p. le premiere occasion cependant si

663 1488 2258 129 vous me les envoyée p queiques bullot ayez bon soing quelles soient

658 1590 2335 115 quelques part al melieu bien preserve des eschantillions ie ne vous en

653 1647 2336 137 spent envoyer comme ie vous ay desia dit ne vous pressez pas et cherche

685 1738 2279 96 a vre commodite les plus nouvelles vaves couleures possibles et ce u il y

680 1807 2340 144 peut avoir de plus curieux. il ny s'agit jamais d'un ballot plus diemoins

668 1849 1927 172 voila tout ce que ie vous puis dire ie vous salue et suis

2738 1933 80 92 6

1049 1946 1787 144 du  dour vs an ces sur les s tourton et qui quer 18 £100:-:

477 1994 954 162 Leed: Thomas Piave

2177 2059 692 132 Adij 9 february 1708

672 2118 2370 190 ick hebbe beyde ul. aenghenaeme van 24 xber laest en 10 past° wel ontfangen

677 2250 2326 149 met den eersten facture van een pack N n°4 met 50 carseyen ghelaeden

650 2316 2372 152 en george wood louse daer van het arrivement noch niets hebbe vernomen

659 2392 2277 158 dat mej doet ghelooven dat de schepen noch tot hull sijn ghebleven

666 2482 2368 143 verhopende dat ul. noch tijdt sult ghehadt hebben om de witte en gheverfde

672 2545 2361 158 cloots met de selve occasie af te schepen want ben daer het meeste bij

651 2600 2354 187 verleghen en als dit saisoen en het voortjaer wederom passeert dan soude

668 2698 2346 160 daer preiuditie bij lijden weghens vl facture van het pack carseyen

656 2756 2351 190 en can ul. niets seghen moet die eerst sien en examineren maer het

669 2883 2339 131 verwondert mij dat ul. gheen en heef ghecocht van bekende mercken

669 2943 2366 150 als Abram Pilley en stanstield voorders dat ul. niet gheordoneert heeft

677 3036 2332 135 het connossement van dat pack door m. sames mould aen mijn ordre te

677 3122 2321 121 maecken en niet aen john van der heyden want ick en imployere d

675 3191 2321 147 vriendt niet. het is wel voor de witte ende de gheverfde laeckens die

658 3276 2364 127 in hollandt niet passeren en moghen ende die met ul. Boeckhouder

667 3342 2271 146 m Peter henchel ghe conditioneert hebbe door d. vanderheyden

663 3425 2345 153 voor sijne oft ul. risico te moeten doen passeren als ul. oock hebbe

656 3505 2385 166 gheadnseert. tot noch toe en can ul. gheen voorder ordres gheven

625 3580 2410 160 veel m in voor dosens want ben daer van te veel ghechargeert

666 3703 2377 130 en hier en is gheen de niet ende de negotie en heeft nand slechten

668 3740 2358 180 gheweest ick hadde ul. met mijnen van 11 past versocht maer de

652 3843 2376 157 shelpt van de partije van de witte en gheverfde cloths af te senden

660 3936 2388 110 tott de preuve dat die sande ghesien hebben en ul. ghelieft mij te

658 4029 2356 142 antwoorden dat de partije inghecocht ende ghereedt is en sumen

667 4060 2303 168 sult af senden daeren is mij niet aengheleghen. het is maer

660 4186 2349 157 dat vreese dat het dequalitijdt niet en sal weden ende van de

665 4273 2255 97 selve wolle ghelijck ick van London van die soorte ghewoon

3353 0 2393 113 e te baste ae ae ceare sed e par a le sen de her mae in ve celiese nemde nele ven

5821 77 49 75 et

3338 96 2368 74 want en saude niet veroolngeert sijn die voor mijne recken te genveerden

3350 142 2418 95 doch ick maghcasseureren dat ul met mij nimmer meer eenighe de minste

3337 188 2431 98 questie sult hebben als ul mij maer wel en goeden coop bedient oock en preten

3340 265 2307 90 deere ick niet dat ul altijdts in debourse sult wesen tot dat de goederen

3348 351 2294 72 ghearineert sijn, hadde ul. mij het connossement van t pack karseyen

3336 398 2426 92 aen mijn ordre ghesonden soude ul. heden hebben gheremitteert op recken=

3347 472 2410 88 noaht ick ben goet danck niet schaers van painghen ende est ordoneere

3347 526 2425 109 noydt voorders als capitael aende handt hebbe het en is niet redelijck dat

3349 591 2395 105 k op ul provisie die intres saude uyt staen doch ick en pretindeere

3349 653 2338 100 oock niets dat ul. mj daerom int minste saude mooghen beswaeren

3345 673 2379 162 ooft cargeeren sooic ondervinde dat ul. mj en dese commssie wel sult

3341 768 2407 139 hebben bedient soo sal met r continueren en contineel op recken

3327 814 2363 157 remitteren als niet andre vrienden ghendoon ben te doen doch en

3332 922 2439 135 hebbe voor desen noeydt dieere gnehadt van ul. te kennen ende als ul

3336 993 2407 132 bekent is onkent schap maeckt en minschap sal met plaisir d'eere

3342 1055 1686 127 van ul. antwoort afwachten en soo Blijgve

3431 1143 143 91 den

3166 1156 1013 172 Rotterd. Jacques Meyers

5034 1234 698 165 Adij 9 february 1705

3331 1297 2447 168 sien geerne bij ul. aenghenaeme van 7 court dat thomas magen nevens

3349 1447 2332 99 goen oina en pycke Robyns is ghearineert den heere sij ghetenedudt

3319 1496 2471 148 sal de ghenoteerde packen dan te ghemoet  verwachten doch ghelieft

3316 1589 2485 151 Mne1 uyt mason 5 a 6 daeghen op te houden ende de andre twee voor

3314 1667 2403 117 eerst mooghelijck af te senden alsoo D. n1 laeckens meest wesen voor

3335 1720 2203 103 de militairen ende dat die op een paspoort vrij moeten passeren

3334 1798 2458 143 die van Brussel noch niet ghedepescheertien is. versoecke voordres addres

3338 1879 1977 123 voor de twee ingheleyde op Enghelandt en soo Blijve

3339 1934 735 118 naer groeten sel

3436 1999 56 65 2l

3107 1989 985 170 Amsterd Willem doeck

4671 1997 917 184 Ady 13 febru 1208

3335 2147 2464 165 in langhe deere niet ghehadt ul. te schrijven faute van occasie sedert is de negotie

3326 2249 2422 111 met dese quaertieren wat vermeerdert soo datt niet twijffele oft cont nu cester

3334 2331 2483 92 occasie door gaens aentreffen van remises op tijtt als voor desen inghevaleen

3329 2411 2409 84 ul. daertoe noch saude ipyclineeren en voors brieven in staen versoecke

3326 2502 2459 87 mj sulckx ghelieft te adviseren het heeft godt ghelieft van mijn schoon

3294 2556 2487 109 taeder Dh Theodor Broeckmans op 18 past te disponeeren verhope den

3340 2630 2474 99 alder hooghsten sijne shele sal hebben ghenade ghedaen mijn schoon moeder

3319 2695 2468 117 blijft d'affairens continueren versaecke voor de ingheleyd op Enghelandt

3332 2744 886 134 Aorstganck en Bluse

3125 2808 1314 192 London Jao. aenden Barele

5097 2841 628 169 Adij 13 d. 1708

3313 2965 2449 161 in fanghe deere naet ghehadt ul. te schrueven faute van occasie soo dat

3315 3097 2496 111 aenghenaeme van 10 sber laest on beantwort is blijven legghen. het gaedt

3303 3153 2505 87 in dese quaertieren soo slecht present met de negotie a manugheture

3305 3224 2490 126 dat men gheen imploye daerinne meer magh tenteegen tot alden tijdt toe

3311 3280 2372 106 het la ndt is opgheeropt van goederen en weynigh de biet veele die

3308 3344 2505 122 verleghen sijn bijspeningh vercoopen tot ode raetele schaede oorsaete

3308 3445 2505 101 dat trachte ander imploye te soecken ul. bidden de alsser costy iedts van

3323 3532 2480 107 profijt voor valt ft soo vr iedts advantagiene speculeert mij te advie

3306 3601 2316 88 =segan ghelijck de cours op costy saagh is soo hebbe neat af ghegeve

3307 3628 2338 131 inghelasse ul. inclineert mij op tijdt te remitterenten voor de

3305 3694 2462 129 brieven in te staen soo sal ul van tijdt tot tijdt enighe remises

3320 3763 2471 110 senden mijn schoon moeder heeft ul gheadviseert het af sterven

3308 3849 2301 91 van Dhr Broeck mans mijns schoon vaeder naer ghemael

3313 3886 2431 168 die den heere niet ghenadigh sijn ende dat sij d'affairens blijft

3299 3972 2384 144 continueren &k antwoort te ghemoet sende soo blijve

4950 4099 670 149 Adij 13 d 1708

3095 4100 994 197 Leeds James Ebbetson

3266 4211 2440 139 berde ul. aenghenaeme 3 xber laest en 14 pasto hebbe te beantworden
