6225 4452
843 65 2287 222 de goetheyt heeft gehadt appaert te houden versoeke

791 233 2368 165 indaghrighte t wesen en eet getegentheyt afte senden

812 327 881 173 blijve met haeste

867 338 2350 246 t N 18.19. 20. met 38½ witte bayen van exraordinaire

1873 491 964 156 breede ider P a a65

1734 601 1445 175 ordinaire witte bayen & 65 a

1723 707 1486 162 2 witte cottons a  40 der vrapp

826 802 2269 176 bestaende te saemen door een gepacht in de dris

808 945 2121 172 boven packen en saemen weert ƒ 15008

2219 1051 890 208 Adij 8 xbre 171

648 1060 859 236 Ath Jansel horion

799 1145 2385 234 en suitte a vre ordre du 2 du court. j'ay paites vre marchan

764 1316 2340 170 Edize dans un ballot marque h. et il l'ay fait mettre

817 1426 2309 164 sur le convoy de Baste roode en presence du charsier

806 1530 2337 230 pierre Durieux. J'ay payee la voiture iusques a Passerore

813 1641 2312 179 mais il fault que le charsier vous le fatte bon comme

824 1750 2305 174 ie seay quiie fait a d'aultres. je n'avois rien a dire

815 1877 2314 199 puis que V  m'ordonne de convenir avec E battelier

810 1972 2326 188 mais ce sont les affaires du chartier. 'espere que le

803 2092 2302 192 ballot vous serar parvenue avant cette la mienne

836 2222 2271 155 et que l'aurez reccu bien conditionnée . aussij que

806 2325 2314 159 Daurez trouve la marchandise a vre contentement

828 2463 2364 169 ie vous asteure que parsonne au monde ne vous puis

807 2575 2327 171 servir mellieur marche. si pendant lihiver il vous

809 2731 2268 158 manque de la moindre chose ie vous prie me

818 2770 2326 191 liordonner et Sg: trouvera p experientce que ie vous

829 2941 2229 163 serve et serviray tousiours mellieur marché q'un

825 3019 2351 182 aultre. J'ay eut l'honneur de parler a mons. ire frere

848 3143 2317 194 n f le lievre et luy dire que senvoyeray un extrait

853 3271 2285 117 de mon liere comme i'ay charge son comspre et le

843 3356 2281 210 vre afin que puissir l'advister p. ensemble et 5. g

833 3481 2367 166 trouvera le sien ay sacluse aussy la facture due ballot

825 3597 2367 198 ay dessus mentionnee. ie me recommande a vos bonnes

833 3699 2370 193 graces et ie vous asseure que ie suis comme a madmss

823 3834 1621 155 vre compagne pour tousiours

647 3941 1322 176 Ath nico las francois & lievre

2450 3933 577 203 Adij 8 d.

819 4082 2386 131 j'espere vre bon retous aussij contipuation de vre bonne

820 4177 2360 114 sanites j'ay tarde a vous envoyer vre marchandise iusques

838 4284 2317 102 a l'arive du charsier de valeu ciennes mais il p'a pas

3385 82 2410 183 voulu prendre avec vre ballot me disant quil ne pouvoir

3368 224 2345 185 pas aniner et qu'il n'en preudroit point d'aulues que

3383 332 2397 169 caux dont il m'avoir porte l'ordre tellement que ie vous

3379 415 2373 206 envoyeray le vre jendy asvenir p. termonde a l'addresse

3387 545 2391 176 ordinaire de Pierre de Baut, il sere marque p.

3407 658 2241 184 et ie vous prie de donner ordre a ierre d' Bant

3371 784 2214 219 af in quiil ne tarde point icy inceuze la factire

3373 936 2462 199 comme aussy extraiet et noice de mon livre comme

3368 1035 2232 231 scay charge vre compte de parties precedentes

3368 1162 2385 225 afin que purssie advisser a vec mons vr frere

3362 1305 2432 213 Ignacc thorion. ie luy envoyer aussy le sien. en tout

3346 1423 2435 219 ce quii le peut offrir a vre service pendant la

3359 1588 2213 163 laison dhiver ne vous prie me l'ordonner et

3379 1666 2419 188 vous trouverez que ie vous serviray si exaitement

3364 1793 2438 218 et a 5 bou parcht et just prix comme si seriez

3358 1931 2441 224 cy present et qui aultre ne fera sur quoy pouvez

3385 2041 1307 186 ffaire sond et que ie suis

3263 2150 1030 205 Brussel francus JJacops

4753 2169 978 239 Ady 10 xber 1709

3360 2313 2501 230 ingesloeten gaen eenige staeltiens van pinne couleure

3315 2417 2494 201 laekens die mij canly uyt ue naem versoecht te

3347 2551 2411 245 senden met den pros daer by genoteert ue eenige

3359 2641 2460 264 daer van agreenende gelieft ij maer te ordonneeren

3357 2760 2446 209 oock vant gene verder van ue dienst magh wesen

3370 2867 2495 277 want hebbe soo schoone sortiment van alderhande

3352 2987 2282 219 couleuren spaensche fijne mindere soorte en

3361 3144 2347 191 gemeyne oock gepersten als int gheel landt te

3341 3223 2303 227 sien is. voorders carsegen, fosaerden en alle

3321 3351 2394 206 soorten van gemejne en sijne bayen deventer en

3357 3494 2460 220 colchester bayen ffannellen superfijne geheperde

3353 3570 2444 215 en ongeheperde oock alle soorten van engelteke

3350 3672 2380 243 geverfde quaerten: blijve naer groetenisse

3346 3784 2423 251 N 4 3 22. N65 ƒ21 N43 ƒ21 N103 ƒ10 N 122 ƒ10

3347 3935 2184 239 N110 ƒ10 N128 p14 a ƒ36314 138ƒ:14
