6225 4452
881 70 2231 110 haetden het aen, en greten derden sonder remis het

885 132 2328 155 selfde te confisqueren hebbe maer alleen geschreven

878 233 2115 155 iet den directeur van den bureau en claerlijck het

875 362 2306 107 abus aen geweden ende daer op heeft hij het ontslaegen

888 430 2348 123 met een bagatelle van een afwee pstolen de francenen

886 542 2350 111 sijn in die materie wel de difficielste van gelycken als hier

875 611 2297 144 ick wenste wel mijn advocget bij den heere fiscael acosty

883 705 2237 147 corte wesen, maer ick betrouwe mij noch beteroure

876 768 2271 172 het is seecker dat men met reden in hollande tbeter

881 925 2168 120 gehoor can becommen dan noch hier ende dat ul

889 1002 2197 111 gegeringe voor de commercie genegen is ende dien

879 1065 2266 152 aen gaende geen onrecht sal gedulden oversul

875 1178 2233 150 versoecke hertelijck mij hier ten besten moogelijck

864 1248 2298 192 gelieft uyt te redden door den heere fiscael oft hooge

859 1401 2310 141 handt daerve ich can addresseren en ick niet

861 1476 2275 150 en wete want hoe ick het stelle oft niet soo en can

867 1610 2366 132 de packen niet abbondoneren wint ue moet consideren

865 1701 2363 113 delt boven de weerde der goederen ider pack im assurantie

879 1769 2342 209 provisie, on costen en vraghten by de ƒ200:7 beloort

886 1883 2331 153 en circa het selfde dat daer aen te proofiteren soude

867 1971 2366 174 wesen, schilt him te veel. hoede bekeude mess. hebben

864 2116 2180 159 doen verseckeren  £298:-:- en is voor mijne packen

872 2176 2351 158 niet moogelijck inder sustineere op meerdere die voor

867 2288 2342 171 de selfde vrsenden reken in dat schip sullen sijn geweest

2612 2410 55 55 ul

871 2384 2112 200 het ie waer het is voor ve moegelijck door dien alle die

871 2497 2322 173 poincten niet en hebt onderight geweest dat voor die

866 2630 2297 154 Laeckens 36s is geboden van differente wille het seer

871 2705 2348 187 wel gelooven nochtans die vvanden souden hun bedrogen

869 2821 2332 190 vinden want vercoope in conscient ie die alhier selfs

866 2921 2347 166 maer 36:38 a ƒ2:- het andervytterste ende dan de beste

863 3045 2180 151 ueyt axsochte. de couleuren en het conditioneeren

884 3174 2322 183 van dat goet charmeert meer dan de denght oft de

880 3291 2344 170 qualitijdt het iseen sortiment dat expres op myne

881 3400 2275 179 contenden is gemaeckt en de door den tydt vrfgekest

876 3494 2354 166 want mijn vriendt heeft die ordres al gehadtt voor

867 3595 2351 188 kersmasse en omdat sog wel naer mijn goustie is tijt

843 3738 2300 156 gevallen soo chagrineert het mij te meer. ick en

865 3806 2310 209 can met meer segecken als dat men onreght gedaen

863 3917 2279 189 worde ende de ingeleijde facturen connen het e

1441 4022 94 65 en

877 4077 2345 165 claevelijck  wijtten het is mij leedt de moeyelijck hegt

842 4127 2329 199 die ue in dat genal heeft en hebbe het niet connen

855 4249 2074 121 voorhoedent en voor qhaetaerdige mens cher

3415 82 2480 121 en can mer geen messures nemen als int genal sich door

3429 163 2392 118 goeden vnden daer sien tyt te redden mitsmen het

3424 216 2418 191 selfs niet doen en can sal ue dan ckbaer sijn en

3418 320 879 176 gmalle occasien

3383 419 2512 224 gulieft de ingeleyde voor engelandt te doen voortsganck

3403 583 309 129 geven

5064 671 755 206 ady 15 de guillet 1709

3273 717 926 197 Lelds Aokson

3409 841 2477 188 le 27 dupasiée ie vous ay fait remisse de ste £200:- surh furnere

3394 997 2489 143 incluse la seconde e austre remisse de  £120:-:- sur je S: -

3401 1108 2429 125 de Boynille du 8 court sences dont il vous plaira d'en

3402 1192 2191 192 prosurer le necessaire p prochainne plus et suis

3267 1293 1775 255 Leuven Pater procurator vande jesuittens

5184 1299 709 199 adij 17 Julil 17009

3386 1425 2469 210 ue aengenaeme van 15 deser hebbe wel ontfang achter volgens soo sende

3383 1561 2501 162 ingesloten aen ue berue een notitie van de geleverde laeckens

3379 1643 2438 158 met den ontfanck af getrocken blijvende het collegie p stotder

3379 1737 2445 170 selve mij schaldig ƒ 522:8½ tot dat 2 deser wits elghtyt genomen

3377 1881 2477 151 den inttert want hebbe op die partije meer aen verlooros verlore

3389 1933 2413 195 als op de selve geauanceert is door dien die hebbe nef gelaeten

3391 2048 2425 157 ten selfden prissse soo als die contant kkoope oock en is het

3384 2116 2504 180 mijn maniere met den eenen eensen stuyver meer te doen

3379 2213 2432 177 betaelen als den anderen dat sijn eerue dan moet considereren

3374 2334 2433 145 als ick voorders deere soude hebben van de Paters te bedienen

3383 2451 2395 116 ick ben altijdts van alle soorten van Daeckens genoechdaems

3377 2484 2518 192 voorsien ende die sijn nu merckelijck beter coont. hebbe van ƒ313:

3390 2619 2505 146 14 tot ƒ15 wisselg nu de alderfijnne en beste soorte. gelieft ue

3360 2715 2534 157 beruss mij ordres te senden, ick sal de Paters aldoos seerwel

3368 2780 2492 191 en tolhun contentement treghten te bedienen en soo Blijve

3341 2930 1156 187 Rotterd. Jacques Meyers

5048 2917 420 218 adij 18 d.

3383 3119 2465 135 jaen gelacke van 16 court hebbe wel ontfange waer bij gesien datter

3373 3207 2500 170 in die saecke niets naerders te doen u ick moete patientie ne men

3362 3305 2496 142 en het voor een m alheur schicken. ick hebbe vekmmers met mijn

3363 3385 2505 146 voorige genoteert dat mij aengenaem sal wesen wat ue daer inne

3363 3487 2537 149 sal hebben gedaen want da de packen niet en soecke te abandonde

3362 3615 2396 108 eeren dat adermael confirmere. sien de selve te gemoet

3355 3681 2471 138 oock het pack uyt Jokn winn daerue geen mentie van en

3360 3781 2522 162 maecht sal e eersten remitteren ue heeft van opinie

3353 3885 2471 131 geweest dat ick tie gedisabuseert hebbe nochtans het is de recht

3341 3973 2549 163 ingige waer hejdt soo als p mijn extraet tyt facture hebbe

3341 4069 2542 170 doene blijcken ende het is seeeker dat mijt hter in onreght

3355 4180 2406 165 gedaen wordt: ick en geloove niet dat wel dier gelijcke

3364 4295 2451 92 a fraite sijn leven is wedervaeren oft iemandt ul geheel
