6133 4452
2272 78 935 197 Ady 23 ditto xbed

579 90 1171 204 London d. de dispere

763 218 2330 217 hebbe ue is cour. geremitteert op D. sicht te £100

781 333 2295 255 op mr. Jjhn Baker die verhoepe ue wel sal sjn

780 462 2338 247 geworden. ingesloeten den seconda. nu becoeme

778 565 2340 235 ue ed. aengenaeme 5 deser. bedancke ue voor ue

761 700 2380 245 groote obligiantie en vertrouwe eens voor al op

782 808 2423 243 ue goede conduite en genegentheydt nmet twijfelende

774 929 2437 215 oft sal met godts gratie bij reeternisse van tijden

767 1064 2418 217 tot verdere en meerdere correspondentie aen

711 1163 2508 240 moedighen: ben verwondert sijn  vant resteeren

754 1342 2469 239 paxke spaentcne laekent geen mentie en maecht

749 1471 2247 250 hebbe met mijn voorgaende van u versocht

733 1587 2436 265 tijdelijck van de aflaedinge gelieft advies te geven

772 1697 2367 188 om de groote perijkelen dieder met dit winter

764 1804 2414 223 saisoen voorvallen. hebbe advies van Rotterdam

742 1952 2456 174 dat het voor het minsten noch wel 3 a 4 weeken

736 2066 2430 169 sal aen loopen eer wij convoy van londen op

729 2218 2412 160 de maete hebben te verwaghten soo dat niet en

751 2317 2321 184 twijfele oft sal bj tijde ue advies facture ende

755 2442 2387 192 connossement connen becoemen. de wissel op

759 2519 2308 211 costij is heden 3 sos ƒ33:8 en sien naer de

782 2674 2275 178 hey lighe daeghen veerder veranderinge te

787 2812 2330 193 gehoet als wanneer noch sal remotteeren

758 2927 2445 132 oock en soeke hoege dat ue reden van claeghen

773 3007 2364 169 magh hebben eens voor altijdt hebbe liever dat

784 3124 2276 196 ue soude trecken en alst tot advantagie can

785 3246 2413 188 geschieden sicht p casse soo als meer maelt hebbe

781 3346 2433 219 geschreven sal met het voorsier noch wel eens

754 3443 2449 220 parteyhen spaensche nieuwe moede couleure

743 3592 2419 154 noodigh hebben van 5 a 6 paxkens en sal ue

745 3726 2464 123 daer tegens mijn ordre en staelen senden midde

728 3813 2480 207 fertudt blijve naer minsaeme groetenisse af wagh

780 3929 1635 211 tende d'eere van ue antwoort

833 4038 2363 199 voorrsgegaen onder couvert van de wed. Broeckmans

3259 88 1406 172 Brussel Nicolan dousedan

4904 116 478 148 23 gbbre

3367 207 2482 187 Ick hebbe ue aengenaeme van 27 ibre het r aentde

3372 329 2497 191 wel ontfange oock geerne daer be gesieu dat ed te voede

3360 408 2502 192 vs aen min versoeck te voldoen en mij bij prvise nan

3378 470 2427 201 de heylilijke daege het eers te vervallende iefken in

3370 590 2462 201 bre van ƒ279:1½ wes salelde te voldoen ick sal

3388 700 2471 210 mij hier op verleeeten ende het selfde afwachten om te

3366 783 2493 254 sien oft ick mij vervosens op ue woort magh verlae

3350 903 2434 236 te ueondea int en siut wel dat ick hebbe gehandett

3341 1002 2529 256 en herdele dat ue van een eman nies andres

3348 1073 2528 297 in londe connen wensche ta van ue eyge vrendee en

3338 1180 2511 286 soude comen  verwachten en ae is gelyck de

3339 1309 2521 264 verobluyvert dat te considereren ick hebbe ue gepresen

3353 1408 2519 237 teest dat ue aen dh Paeter van jock con betaelen met

3318 1537 2557 236 pereelenen op res van dat briefen om dat ick ue in

3342 1639 2515 233 geen dor hende manet wille incomoderen of weltee

3288 1713 2490 250 dat gelt aen mij sende oft wel dat ick het breefken

3335 1859 2532 259 naer de heylige degevene gotieere daet het mij tot gent

3326 1941 2524 284 woort maer wete ende daer ick ue cordinst doer sele

3326 2083 2511 235 als vooren gaederen leveren om ue wederim ensijne

3340 2201 2484 199 affeirens te connen terstelen so els ue met mijnen

3327 2324 2508 121 voorgaende briewe altijrs gepresenteeert heb becoehier

3367 2441 2437 170 hoe  enscn ick ue het saligk aenstaende hooen

3346 2551 2517 139 en nieuwe jaer op dat ue het het nieuen moet magh

3379 2630 2466 198 her cheien in prosperitijt tot ue te conteetemert

3346 2736 1884 200 en stalighyt afwachtende soo blijve

3269 2820 989 160 Mons la veufve masson

4736 2871 509 150 2t abre

3320 2942 2544 185 jay bien reccu les 2 agreables vres datece 16 xbre ot ensectte

3296 3001 2540 192 je vs ay endayee samed p messager mechiele de brusse ls

3327 3119 2484 197 6 puisces de carisces bleu ½ piisces sans puse et 2 puis cus

3305 3197 2556 221 nices dans une rolle marque v1 je ne double pas ou

3328 3313 2529 197 elles vs seront bien parvinue avant cetter la manne la mes

3305 3366 2554 252 duger ma compte le ƒ25:6 dont 7:g: ma fait mention ct ie

3327 3504 2560 186 luy en ay darne quittance p premiere messages je vs envoy en

3321 3631 2547 161 les 2 bayes noire et rouge aussy la double ps deu drop noir

3327 3734 2478 163 ef la flanelle escalate cito quillle seront peste mais

3330 3836 2495 128 le drap noir jirn de la qualitté au blanc jay foit

3341 3922 2442 172 teindre les: drps coe de tote p du ay marque & je

3336 4032 2529 184 nae pas ces pat ets draps au noir suclamert rougesriene

3345 4093 2513 216 pal bleu et verd a 45 x quo sons fients en ang leseme at

3331 4239 2499 167 conde vs si en at encor eu moy  n souhaittez ecr le
