6225 4452
861 74 2354 112 en wete niet wat gelieft te segghen  apparent beter

866 131 2243 171 carseyen sullen gecoght hebben. nu dent vrede geen

853 229 2374 179 voort ganck heeft soo wenschte wel dat geen goederen

866 328 2332 167 hadde doen in coopen want met denoorlogh en

867 470 2258 168 isser niets te deblteren oft te profiteren maer wel

835 564 1240 151 schalde te doen ick blijve

2306 686 609 190 adij 3 Julie 1709

655 671 1081 224 Hull Daniell Hourel

865 821 2350 209 ue aengenaeme van 6: 16 April 11:24 en 28 meij hebbe wel

865 975 2290 149 ontfang. met de connossementen vande afgelaedene

871 1110 2342 167 packen daer by vermelt. het convoy is nu godt danck salue

853 1182 2344 180 tot Rotterdam gearriveert verhope de packen alle mede

862 1315 2364 181 sullez sijn overgecommen sonder onge mach oft rampen dat

826 1415 2374 153 den heere verliene daer sijn eenige achter gebleven als

849 1523 2290 185 n°34 en voordere die pr naeste vloote te gemoet sien

837 1666 2379 194 daerue can dienge doen gelieve maer te gebreden die Blijve

2373 1776 411 227 Aady 7 d

680 1796 953 197 Hull James Mould

864 1930 2357 236 ge aengenaeme van 12 febru. laest en 9 April hebbe wel ontfang

869 2088 2353 147 en gevolge den eersten soo hebbe de twee packen N n 13 en 14

873 2219 2288 158 p schipper Richard haven met voorleden convoij wel

861 2308 2356 183 becommen den soon van s Joor is Roorsbeeck saliger daer

854 2423 2351 174 vea van melt is noch int leven maer buyten staet van

853 2538 2361 151 eenige affairens door dien in sijn verstant geraeckt is

844 2643 2237 148 dat Godt Ibetere p vetwee den hebbe wel becommen de

857 2745 2319 199 connossementen van de vier packen n°15:16: 17.18 oock

867 2835 2300 206 is de hulsche vloote tot Rotterdam salvo sedert eenige

848 2949 2274 196 daegen ick verhope de packen daer mede sullen syn

854 3073 2367 166 en sonder ram penloveige commen dat den heere verleene

854 3180 2186 219 in alle occasien dat ue can dienst doen gelieft te

822 3296 963 185 gebieden die blijve

2379 3356 603 199 adij 1d

663 3409 1425 229 Rotterdam Jacques Meyers

885 3503 2338 250 se aengeleheme van 2 coudt wel ontfionge de gesonden vrekens

862 3669 2329 181 sal ue bevinden con form als hebbe aen gewesen van de

852 3803 2344 130 vier voordere packen sien dan te gemoet nemens ul

857 3896 2366 147 advies om contform te boeck te stellen. Godt Lof de 24 -

859 4042 2334 126 packen alles gearriveert wesen. het  jabus a

839 4105 2322 137 villiam prersen het moet ee alan morson

865 4227 2326 130 ick en twijffele niet oft ue sal hebben vernomen

3419 0 2301 186 en oneae e a hees seer merenmen baete

3413 144 2322 121 Berghen op Room doorlesen fransche partije sijnde

3411 233 2322 121 het volck tijf gelicht met alle dat daeer in waer. het

3400 302 2315 151 canon over boort gesmeten ende de facht laeten

3360 434 2421 112 dreven, soo dat ue niet te veel spaeken te saemen

3416 507 2344 124 en gelieft laeten af te commen om alsoo den rvico

3408 591 2171 177 te verdeelen groete ul van herten en Blijve

5138 700 695 191 adij 8 Juliu 1709

3308 691 1630 261 Rotterdam Jacques Mayers

3407 843 2449 178 te aengenaeste van 8court wet ont sal ende tot verwondere

3387 924 2465 171 gesien de omsen a costy dit hcultijft maecken over de vien

3384 1045 2469 153 packen uyt george hienting  n° 29: 3036:37 en de die

3397 1179 2462 146 pretenderen aen te haelen oner de weerde n° 29: 36 en 37 syn

3369 1263 2487 105 dosijntiens van de alder gerinste soorte en in inste prijss

3361 1358 2455 124 die der tijt engelandt commen van geljcken het pac nege

3381 1419 2481 178 met gemeyne voeder bayen inde op gegevene notitie soo uet

3365 1512 2478 173 gereduceert dat secker ben meerende stucken sijn alnge

3365 1623 2430 189 geven als die tyt maecken, oock meer inde weerde naer

3380 1722 2448 174 proportie als door gaens mijne goederen calculere ende

3371 1810 2484 197 en is dien door d'ander geen  £15::- p pack verswegen

3383 1918 2446 159 daer nogot questie is over voor gevallen. bock passeren die

3271 2038 2573 157 goederen op de philippe op de alder minste classe die daer is

3366 2155 2380 135 niettegenstaende de officieren die telkens nauw heurigh

3368 2268 2408 110 examineren en als ue bekeno al hier difticiel genoech

3379 2389 2442 114 wesen men moet nergens de oncosten, beswaeten ende

3342 2485 2494 105 de goederen meer aengeien als die weert wesen. het is secker

3381 2558 2462 134 dat de engeloche mandefacturen present soo laegh in prijs

3369 2657 2461 140 vallen dat twee stucken maer en moeten acconndereen

3366 2732 2360 144 worden als voordesen een doeken meyne niet dat

3363 2853 2490 166 diintentie is van de regeringe dat de coopluyden op dusdunig

3364 2931 2481 197 maniere gepatibuleert wor den ende dat ul te seer goede

3358 3053 2341 156 vrienden bij de handt heeft om daer te moeten doon

3369 3168 2472 162 parseren want hoe het gaet oft niet in cas van aenslagh

3286 3261 2488 154 soo moet noodt saeckelijck den coopman aen de laegher wal

3368 3332 2427 169 wesen const deverende de uijt bestaene assurantte oncosten

3362 3466 2446 116 intrest van t'capitael ende de differentie van t geldt en

3352 3540 2503 183 hebbe noch mijn eleven geen goedderen aengeslaegen gehadt

3357 3671 2449 127 oft moeten abandoneren ende en soude het niet geerne

3337 3773 2420 150 in desee occasie doen, te meer om dat soo veel moeyte en

3349 3907 2443 153 arbeyt gedaen hebbe om een sortimentie te besorgen

3345 3995 2347 142 in de speculatie als uee bekent ende dat dat naer mijn

3334 4058 2449 181 goudttie wel is gesuccedeert soo inde goeden pries als

3337 4190 2240 166 conleuren en qualitijdt over sulere moete v
