6067 4452
625 61 2404 223 hebbe nu wel drij rijsen gedaen voor vienden die

596 227 2417 183 levrantien hebben aengenoemen: wat aengaet

570 312 2467 229 de roode engelsche quaerten hebbe daer van partje

647 434 2212 176 maer die vallen wat bruynder van couleur

638 570 2402 221 alt ue gesonde ue stael ende het sal dissel weten

606 712 2328 167 die soo conform te vinden alsoo dat stael door

625 801 2421 232 vonnerinckx geverft is en syne verve aen andere

606 938 2451 216 altoos uijtsteecht maer gelieft ue witte quaerten

603 1054 2323 221 ende die doen te verven daer ben oock van

624 1175 2288 225 voorsien als mede van partye carseyen en

598 1310 2379 212 bayen en voorts alderhande andere goederen oft

613 1420 2362 231 d'occasie voorviel tot ue dienste. ick sal ue doo

612 1555 2327 237 goeden coop in alles gerieven als ue ergens

584 1689 2469 196 sal connen te recht coemen en naer wenschinge

586 1808 2375 202 vant saligh nieuwe jaer met alle soorten van

620 1942 2187 215 benediche en contentement soo blijve

437 2052 1366 237 Bruxelles francois Ansillion

2389 2085 584 172 31 xbre 1209

576 2181 2428 243 pour responce a l'honneur de la vre dhier ie dit 29 du

616 2355 2445 188 cour. il me semble qu'il vous plaist vous railler de moy

606 2434 2267 183 vous prises la marchandise vous estant envoyée

610 2545 2334 182 comme la souhaitteries d'avoir. vous faittes de

593 2673 2471 237 lettres a terme comme trouvez a propos mes me puspres

599 2809 2411 151 a dix ou doun mois quoy quil y aleing a sin mois

599 2935 2436 153 au paravant escheu. vous voules que ie vous laiste

600 3050 2468 196 faire mon compte cependant c'est moy qui le doibt

572 3166 2441 177 faire car 5. g le feroit ainsij que ie serois en pau

568 3243 2496 212 hors l'estat de le pouvoir redresser. l'on doibt svivre

599 3359 2451 189 et laisser vivre et vous voyes si bien que moy qui

605 3468 2426 182 ie perde plus de lint rest sur tout que ie vous vende

594 3570 2424 209 que ie ne puis profiter sur la marchandise

564 3677 2442 231 il y a parsonne au monde raisonable ie pretend

573 3808 2476 142 liestre mais viga passe la raison. ie m'ay d onne

593 3922 2400 156 tant de pienne de vous envoyeer copie de touttes

555 4023 2401 221 les factures pour vous faire vois clais les parties

463 4158 2552 167 dont ie charge vre comppe court s'il y'a qielque

577 4275 2432 92 choze qui n'est pas bien calcule on sil y a de liabos

3216 82 2432 217 'est un aultre a faire mais touchant les prix nous

3188 193 2530 235 en avons este d'acord ou il vous ay escricnt au paravant

3198 299 2498 220 que ie ne l'i'envoyerois pas moins. ie me retere done

3191 432 2506 224 au compte: courant t vous envoyée et il vous plaira

3172 566 2452 163 de m'envoyees vos lettres pour ce quil me tient pr

3169 661 2418 241 soude di celus pour finir a laisiable et en touttes

3188 776 2395 200 occasions vous pouvez disposer de vre serwiten

3192 895 2304 191 i'ay partie de draps rouges bleu et pas bleu

3207 1061 2373 157 et swerds et i'ay suis a fait 4ps conform cett

3165 1151 2366 214 eschantillion a 45 pattars le dernier prix

3185 1277 2420 188 sils vous conviennent il vous plairez me les

3204 1398 2458 194 ordonner. ijay grosse partie de carisees et bayes

3179 1513 2546 225 et toutte aultre sortes de marchandise, en a bondence

3192 1655 2277 249 pour d service. vous souhaittant comm

3207 1765 2513 238 a toutte vre chere famille parellement &cheiz

3126 1894 1989 230 =reu je nouvelle Année ie me dite

4655 2041 688 158 31 xbre 1709

3098 2085 694 187 Mons Rason

3207 2131 2526 179 ja vient de reervoir a linsfant la tres che vre

3251 2258 2479 137 die 28 du cout avec une vermise a charge le s' lauren

3215 2375 2533 149 heulemans pessager de mallines a brusselle payalie

3223 2442 2504 172 ae quin ne janvier de ƒ300 de change dont je procusery

3223 2605 2517 86 la necesfaire ie ne connois pas ce message mais brin

3226 2649 2461 141 un ce tani hirre acclmans messager de l a

3237 2744 2442 222 anders peutes tre q e sera son frire ou parent je

3233 2852 2502 219 men in formeray et je vs donneray advis de la suite

3223 2971 2520 198 et je vs suis infinement oblig pr vre bonte je suis b

3227 3083 2504 181 ause q le 6 peesce de camsees bleu vs soient bien jour

3211 3204 2526 184 venue de meillieure vs nen trouverez pas etelle sont

3405 3347 64 75 n

3242 3345 2492 169 to largeter de nu auune royez asseerez q je n profite

3235 3407 2475 193 rien apres la negou de mann facture est entienment

3237 3542 2480 159 pardue a cause quelles sont a trop bus prix et quil

3232 3684 2408 142 my v bas te debite je veu bien opre guavez be de

4592 3728 233 86 mais

3227 3777 2454 151 vs plaindre en vos quartiens il vat encor pir p

3247 3895 2435 120 icy et si le temps ne se remette pas laine paix

3239 3983 2469 175 avenir aussy nue ne goie je ne suis pas d'intent

3240 4063 2525 200 la continuer co ns ne gaignons pas linterer tad

3241 4219 2534 149 nu argint en fince rete touchant les eschartilend
