6046 4440
520 89 2590 199 m. Peter anchel Boeckhouder van m. sHeate in leeds Ady 24 sber170

1569 228 60 57 in

770 225 1615 146 present tot Amsterd: voors gesonden onder

795 267 1913 183 couvert van dh Jgan vanderheyden op Rotterdam

937 419 60 44 en

769 412 1178 125 om hem te coisigneeree

732 493 2385 158 ick sien by ul. aenghenaeme van 18 court ul gheluckigh arnvemendt

708 599 2347 92 tot amsten. oock dat ul. tot Rotter passerende hadde ghesproken

723 687 2378 90 met n aan vander hegden over d'affairens daer bn vermelt

729 751 2282 93 die extral saude pretenderen 12ƒ p. pack voor oremie van daer

2912 804 159 85 vn

722 827 2270 115 voor in te staen midts v mij nlettnsteert waer dat ul. op Amsterd

727 916 2359 100 saude schrijven soo sende ul desen tot Antwoort onder convert

730 984 2375 93 van Dhe vanderheyden op Rotterd: de nekende hij sal weeten desen

621 1046 2474 109 ul. te doen behandeghen ende soo dient dat sedert dat ul. van hier

723 1114 2305 121 hier vertrocken is dat hebbe gheconsidereert dat de waitte cloths

727 1179 2350 112 oft laeckenen van leeds comende moeten slechter wesen van

719 1273 2218 97 malle en qualitijdt als die ney ordinair van London becomen

712 1352 2286 112 ende daerem moeten ney mallander avoorens welverstaen

719 1423 2384 87 want ten sij dat die selwe qualitijdt is soo voor de wette als voor

721 1492 2291 90 de gheveinde soo jande die positiet voor iijne recken niet

719 1603 2186 81 begecren want ghemeytve goedderen en canise nie t

715 1652 2394 120 debiteren het moet het alderbeste soort van goedt wesen van

719 1749 2369 113 goede wolle en sujven watt met schoone breede dat versoeck

707 1852 2346 102 ghelieft wel te considereren en aen m Pcase ul. meester wel

708 1927 2365 96 te bedauden schrijve hem heden insghelijckx mede daer oner

706 1991 2365 127 mijn antentie wensche een letter antwoort hier op van ul

725 2051 1678 142 te vernemen dat afwachtende blijve

908 2152 256 106 m

2385 2158 601 145 Adij 24 d. 1707

524 2149 1456 213 Rotterd Jean vanderheyden

734 2295 2368 158 hebbe een brief becomen van m Peeter henckel boeck houder

733 2399 2372 136 Thomas Pease in Leeds rijt Amsterd: daer hem moete

731 2503 2376 106 op antwoorden ende alsoo hij mij niets noteert waer mijn brief

721 2578 2346 116 aen hem op Amstend: sande addresseren soo ghe brugeher de

732 2660 2413 136 libertijdt het selve aen ul. te doen verhopende dat ul. den selve

723 2758 2338 115 hem onlconnen toesenden en weeten waer hij is alsoo hy

723 2797 2402 168 costs passerende met ul. heeft ghesprocken ul salmu veroble

723 2911 2366 119 =geren alsoock met mj een latter advies te geven oft ul den

708 2978 2429 125 selven aen hem sult hebben voorts ghesonden hier meghes

711 3042 2417 161 loten oock een en voor sijn meester in leeds daer prompt

715 3143 2215 135 voorsganck insghelijckx voor versoecke en soo blijve

501 3233 998 172 Led Thomas Beuve

2303 3262 768 185 Adij 24 ditto 7o7

737 3351 2404 184 ick hebbe 2 van uk aenghenaeme te beantworden van 16 stprie

730 3477 2288 96 en 17 sber laest die faute van occasie sijn blijven leggen

705 3541 2340 143 2n ghevalle ul. laeste soo hebbe bij mej ghehadt m Peeten

725 3617 2388 152 henkel ul boeck handen die mj t ul. naem sijn die nst

707 3761 2398 95 heeft commen ander e resenteren dogh alsoo de negotie

721 3815 2398 124 present hier soo slecht ist soo en hebbe niet connen v ol-

718 3908 2388 112 leveren hem eenighe comissie te geven door dien niets

715 3987 2376 132 noodigh hebbe als eenighe witte eende gheverfde clothes

711 4076 2410 120 oft laeckenen die gie voen ben van Londan t'onsbidden

708 4169 2385 144 door dien hij mij asseureert dat d. soorte niet intrent

682 4259 2231 113 London maer costy ghemaeckt worden ende

3365 62 2359 103 j1aanr  amanden u u hasten op london, nworde elende

3364 101 2432 112 ende dat in gevalle die aen ul. alte ordoneren de selve qualitijdt

3355 185 2420 122 tot beeter oop en ccuielder prijs sal hebben daer op hebbe hem

3369 251 2372 101 een memonie mede ghegellen die hij heeft op thestelt en soo

3376 331 2425 123 niet twijffele ul. sa hebben voor nu toeghessonden ulgheieft

3367 406 2383 116 wel te teflecteren mijne intentie, dat het de soorte moett

3363 445 2455 155 wesen afgelijck ick van London ghevoon ben t hebben van

3354 550 2464 124 suyvere schoone en fijne wolle ghemaeckt ende dat de laekens

3370 597 2446 142 onghetrocken oft ghteraemt witt hun volle breede moeten

3368 689 2439 129 hebben en suieren nist vallen ende dat de ghereytde van de

3363 789 2483 128 selve qualitijdt moeten wesen ditto cloths worden tot sondond

3386 829 2475 173 ghenoemt witte doble roars sijnde tweequaerten ieder ontrende

3340 897 2444 193 de N 23 a 24 lanck beyt samen van £ 7:- £8:- a £8:15

3368 974 2435 183 9:- £10 d alder funste want inghevalle het die qualitijdt

3370 1112 2447 135 van noederen noet en is ghelijck ick gheroon ben t'hebben

3369 1200 2408 116 en sadde die voor mijne recken niet connen handen tot ul

3372 1262 2361 139 gover no ul. moet oock voor d'Asscurantie caueeren doch

3379 1306 2457 212 alvoorens dat ul. die sande aflaeden soo versoecke op desen

3378 1433 2432 121 mijnen brief ul. antwoort om mij te reguleeren ende te

3371 1501 2453 139 moeten oft ts mijn intentie verstaet ende dat het die soorte

3365 1551 2456 164 van laeckenen wesen ghelijck wij tot londen ordoneren

3357 1634 2458 141 die ul. sal in coopen het ghene afwachtende soo blijve

4363 1713 1460 153 Sonder yivert van Dh: Brockmans

3322 1741 1603 196 ondon £i82nus De Dorpere

5117 1801 694 191 Adij 24 gber 1707

3402 1903 2404 190 soo aenstons ontfanghe ul. aenghenaeme van  court waer bj

3379 2006 2332 195 mij aenghenaem s te sien ul. mijn ordres sult volbrenghen

3358 2101 2479 185 gheieft de laeckens op te doen ghelijck ul oordeelt best te connen

3392 2154 2442 124 parieren midts dat die sijn smalghevouwen en in een giet

3370 2269 2337 159 toltet als ul. large hebbe ghesehgeven en te mercken op die

3362 2385 2465 113 looden met ulnieuwen stampe sonder de lenghde en alleen

3387 2455 2413 71 met de nombers van n°1 a 24 het is mij aen gpenaem dat ue

3365 2514 2467 126 goede songhe sal draeghen voor de qualitijdt het is seecken

3367 2589 2413 160 dat aenden incoop veel dependeert en daer om versoecke

3387 2685 2463 165 dat oock soo wel op de colleuren als op de qualitijdt gaelief

3372 2784 2432 168 te letten dat het alle nieuwe moedecouleuren wetel

3376 2852 2431 236 wel en clijn gemenn ilt gelijck ue largo heb begeschreden

3370 2993 2390 153 desireere voc dat ue daer bij doet  a 3 pslichte

3368 3087 2416 205 grijsen op dit ingesloten stael van d' ferents prijsen doch

3323 3232 2470 175 moeten wat hijnder gemengelt weten als dit stael icl

3362 3310 2347 195 en recommandeere anders niet als op alles te letten en

3385 3429 2320 129 mij wel te bbedienen en soo alles wel vinde soo

3371 3509 2466 208 iacouleuren als qualieydt sal ue verder imployeeren

3358 3607 2476 215 sendt ditto 2 pankens p cerste connvoy op Rotterdam

3379 3707 2392 217 op 2 divertche goede scheppen en schippert en soo

3394 3815 2382 230 en nlico te verdeelen min ue seght soo haest

3387 3958 2274 181 geen apparentie is van co nvoy ort ostende sal

3362 4032 2454 193 de connottementen en staelboeckeens te gemoetsien

3392 4132 2322 168 enpr eersten remitteeren en can niet alt op½ us

3394 4249 2347 118 en comtij te nmet occasie als brreven eentresse na
