6193 4402
799 0 2311 117 in geworden sedert ben sonder voordere van ul aengenaeme tot dnto

801 107 2371 98 heden mr. mouto van hull heebt mij de connosse menten gesonden van

791 135 2377 130 Nno 8.:9 en 10 met advies dat de schepen eerst daeghs stonden te seglen

808 207 2352 143 naer harwich en echter sedert daer van niets vernoemen soo det wille

805 291 2299 90 gelooven dat ditto schepen noch tot hult wesen en dat vl. occasie en

776 328 2380 115 den tijdt sal hebben gehadt om met de selve gelegentijet oock de geverfde

792 406 2355 87 carsegen noch af te senden dat geerne sal vernemenden voors  weet

791 451 2380 87 dien aengaende sal sijn gepasseert als ul mijn brieven sal hebben ontfangen

812 525 2348 92 hier i is nmet dat sich tot noch toeverders van mijnen dienst

801 576 2358 100 mr Peeter hen cele is boechonder pal hier nier weinige daegen geariucent

816 624 2348 120 en ten mijnen huyse geweest hebbe hem alles gethoont en la ƒ40 met hem

809 696 2330 114 iet gesprocken ende noch breeder doen sal voor sijn vertreck on dat het vl

821 736 2252 117 mondelinckx goet rapport can doen midde leertijdt en twijffele n iet

821 808 2345 118 oft hij sal ul desen post schrijven als ul. met me gelieft tekorresponderen

816 874 2295 65 en in negotie te continueren soo moet ul prompt wesen en met

809 927 2356 128 xactelijck wel bedienen tot den alder minsten prijs moogelijck en de de

802 1004 2373 100 oncosten  menageren neanthieren is in de negotie hiets te doen

809 1074 2346 98 en men moet sich met weynige winste consenteren soo verresdat

807 1121 2340 121 men den intrert wt captael niet en can maecken oft iat

809 1170 2314 117 im insten iets avanceren ten syde correspondenten ngiseren

813 1253 2312 101 ovalles soo naeue te ick tevolgen dat men een andermedts can

815 1317 2345 102 te vooren weten als ul gelieft hier op vefflecie te nemen wel te

806 1364 2342 112 letten soo sullen ner onse begonne cofpes pondentie verder connen

815 1435 2336 116 clargeeren neant ik magh vl segghen dat nier te plaetie

800 1498 2317 99 niemand is die soo veel en de wolle manufacturen doet als ick

799 1571 2293 99 ende oock ten waere in gedaghten neus dat de negotie met een

805 1625 2298 127 generaelen vrede sich sal herstellen en beteren dat daer lanck

786 1686 1267 126 hoejt saude sijn geschefden blijve

691 1767 1473 168 Looldon Casp. vanden Bobssche

2418 1755 692 167 Adij 27 Augustie 1703

808 1921 2343 109 mijnen laesten was aen ul op 6 court waerbj ul. hebbe versocht voor mij in

809 2008 2346 63 te loopen 24 ps wanskens bayen gemeyne en bfiyne saemen 30 P en in

801 2050 2368 106 een pack op te packen met een manchester bay tot ferdulure en p eet

818 2120 2326 116 eerst rotter dams convoij af te senden als ul. die goederen ende de selve

805 2190 2192 88 qualitydt en mercken conde aentreffen als ul. gemelt dat niet

811 2268 2306 98 twijffele oft sal sedert soo con forem geschiet wesen en sal peerste

795 2356 2349 104 conmen vernemen die sullen sijn  af gelaeden en bytjde

799 2395 2349 110 om met de gereet ligghende schepen te vertrecken waer van niets

815 2467 2324 111 hebbe vernomen dat geloove door contrarie mint goet gelieve

803 2529 2307 130 de selve salue te brengen en spoedige regse te verleenen hebbe

815 2603 2194 104 nal ontfangen ul. bevie aengenaeme van 20 past. en 2 court

821 2666 2328 117 en genotge den laesten sal de quittantie van dh. hamitton pr S

806 2736 2365 125 eerste te gemoet verwaghten d'h maeckt eenige questie echter ick

823 2809 2334 128 en twwijffele niet oft sal te vreden sijn het is p adustement en slot

817 2878 2311 95 van ecken te saemen den tiydt manceert niet om ul. de reden te

827 2941 2310 145 segghen oft te speuficeeren dat het niet en waere om aen

820 3023 2292 153 hem paiseibel, te adiisteeren en ick van andere gengenchet

824 3117 2321 141 waere als veelle wesen dit different en soude op soo een voit

829 3196 2172 186 niet conen geadiusteert worden. echter ick geve geerne

821 3309 2275 172 vnden affaisement en laete het liever over mij passeeren

777 3400 2336 135 de wissel blijft hier noch op t 337 dat noch geen iumist

812 3496 2162 168 en can rendeeren om opispeculato van retouren

804 3579 2327 182 a tegeven ben van opichde het in cort tot advantagie

791 3663 2294 198 sal veranderen. sal het selve waernemen en ue bij

815 3797 2273 180 dat voor val toesenden om weder remises op rjt te

813 3879 778 144 hebben blijve

641 3980 1288 163 Rofterdam Jacques Meyers

2411 3974 445 168 Ady 27 d

807 4157 2345 144 sedert den mijnen van 9 court die niet twijffele oft is ul. wel

821 4262 2312 85 geworden hebbe verwacht l de aen gewesene en reuven

3411 28 2312 78 in d'on cost reseningen soude hebben doen reddresseren en met

3417 78 2395 76 hebben geadviseert o ul. contorm te conpen crediteren ingesloten

3409 138 2399 98 remittere ul. yn brief cop 4B. sicht op Jacobloosen in Amsterdam

3399 194 2318 139 holl: cour ƒ1000: -d te gelieft te doen in voorderen en voo

3374 247 2312 175 de weerde te crediteeren met het convoy van londen op

3392 378 2386 113 de maete als mede met dat van hull dat volgens advies

3376 444 2383 172 van Egelant op syn vertreck stont verwaghte eenige

3386 548 2370 197 pracken. Godt gniest de schepen sonder ongeval salve

3389 659 2305 167 tn breneen en bidde ue mij tijdelijck advies te geven

3401 772 2318 166 gelieft de 6 ingeleyde op Engelandt voorrsganck tie

3379 902 1969 147 n geven en soo blijve naer qroete nisse

3230 1015 1211 189 Brussel Frincous vanden Secke

5107 1051 694 146 Ady 27 Augustie 1703

3375 1152 2405 139 Ick hebbe ul 20 court. seer sarge gep die niet en twijffele ot set. wel sijn geworden

3383 1261 2390 90 ende ul sal daer by ten minten nu daer by contentement vrinden want ick en can

3395 1304 2390 95 niet meer doen de carseyen is presen seen coopmanschap daer voorons geenen

3384 1343 2444 110 leden op tistuck aen tfauanceren is ick hebbe becomen r. aengenaeme van selve

3375 1377 2395 114 dato 20 cohurt en voorders niet soo dat n iet en weete waer naer mj nu reguleren

3392 1456 2356 113 oft dat ul. te vreden is dat ul. sis oft acht carseyen van stansfield sende oft niet

3374 1503 2447 123 ick moete tegens woonsdagh een versch packopenen en eenige aen ditferente

3383 1560 2344 120 vraenden van Brussel senden gelieft ul dat dan oock eenige senden bidde mij

3383 1609 2432 123 het tegens woont dagh te adviseren namt icken soude niet geene iedts tegen

3374 1656 2430 104 ul. gonstie doen oock n iet geerne ordanck haeten ul magh vrij gelooven dat

3385 1712 2431 122 as tot dien prijs de carsenen van de alderbeste gelijck de mijne synen antwerpen

3392 1767 2348 98 noeten sullt coopen noch te geen goederen oft den voet helyc

3391 1816 2450 117 mijne errienden die ne ick bet van alles wel voorsien gelijck u bekent is en cils l

3375 1874 2359 125 gelieft missr. calandisie te geven dat salt ul. alsoo ondervinden terwjlen

3392 1889 1048 115 naer hertellijckx groetenisse blijve

3247 1945 1270 177 Brussel Josephus vander Borght

5055 1975 386 147 Adij 27 d

3377 2038 2395 179 ick en hebbe in lange het geluck niet gehadt ul. hier oner te sien oft aen ul

3375 2154 2431 118 hedds connen vercoopen mits het sapoen wederom aen comt soo e t eens

3380 2208 2407 110 mijn dienst comen presenteren en adviseren dat een schoon partije van alder

3360 2264 2461 84 hymde versche goederen hebbe ontfangen soo van laeckens spaensehe nieuwe

3361 2313 2337 113 mode coleuren van alle prijssen superfijne ende gemeijne simperfijne ende

3372 2371 2456 113 gemeyne sijn gepersten man dere soorte noortsche ende dasynen scar seyen van

3371 2420 2428 105 anderchangde geuaitijot en prjssen als van de beste soorten vant Abram en Coserth

3366 2468 2446 126 Hilley, stansfield en andere mercken bayen van alle gewichten van  60.50:48

3369 2523 2395 65 toot 46 en van 36t 38 tot 30 en 28 gecruyste flanelien en andere deventer

3370 2595 2424 100 bayen van alle prijssen oock colchester bayen ooorts trisaerden en engelsche

3363 2638 2501 126 witte quaerten en geierfde als blouwe bleief blouwegeelen roode, groene voors

3379 2695 2402 105 alderhande goederen ul magh seeker weden dat ul niemandt betor coop en

3364 2741 2382 97 can oft en sal bedienen als . over comt bidde mij d'eere aen te doen van

3367 2778 2442 129 maen te comen oft iedts noodigh hebbende mij te comanderen en het selve

3373 2829 978 143 te onsbieden en soo Blijve

3269 2904 902 156 Brussel Lenry Rijssel

4765 2954 228 118 29d

3377 3024 2453 161 desen sal alleen dienen om ue te adviseren dat de 6 carseegen

3369 3170 2400 119 van stanstels ue heden in een packe gemercktE K hebbe

3349 3249 2509 107 toe gesonde met het goet van mons gegers  beursschip hebbe

3361 3322 2479 172 den facteur gesprocke die mij heeft gesrt een brussels schip

3353 3437 2526 151 en voorsien met behoore lijete ertiicatie ick en can

3353 3533 2445 179 nus meer doen en ick verhoepe dat het wel sal gerever

3360 3640 2477 157 ick en tuyfele niet oft ue en ue uren den salle daer meede

3343 3763 2492 166 partije van ontbude want beter qualitijt noch te beter coop

3336 3849 2472 187 en an ue ievers vinde sullende niet manikeren ue in

3359 4001 1301 128 ale occasien wel te bedienen
