6046 4407
795 66 2341 94 au plus suste prit que aucun aultre ne seraz ie me recomande

756 88 2355 139 a vre bon ne grace et vous saluant comme m'adinois vre

760 187 1806 124 compagne et toute vre famisse ie me dit

2213 263 825 153 12 december 1709

567 259 1495 190 halle Ricolaes van den Berge

754 356 2351 205 Ick en tweijfele niet oft mijne brief van 22 gber sal ue

749 469 2392 190 wel sijn geworden en oock het paxke goet dat ue op 29 heb

745 611 2371 104 tot gesonden waer van hier onder de facture bedraegende

725 663 2348 148 wisselgelde ƒ 329:16 sonde uw eerder de facture hebbe

749 766 2362 169 af gesonden maen hebbe eenige daege tot brussel geweest

736 878 2391 212 soo dat den tjt niet gehadt hebbe s hoonder beegen en heft

735 988 2395 154 ue noyt gehadt het is waer dee coemen wat hoogk in rijs

1305 1103 261 110 en peerick

720 1089 2419 177 doch sijn beter n gelt meet als soorte enwegele mut of

734 1195 2383 205 sal naer ue contendement wesen ue voorders ets noe

737 1311 2316 194 hebbende bidde mij te commanderen die naer cordiaile

750 1418 2353 195 groetenisse aen ue en so ue berunde neveris ue famillie

742 1613 299 143 Blijve

576 1673 1629 202 ghendt  Bapte De Sadelaer

2493 1701 616 189 Adij 12 xber 1707

764 1809 2359 207 ul aenghenaeme van 25 pasto is on beantwort blijven liggen

750 1931 2390 143 omdat voor eenighe daeghen tot brussel hebbe moeten wesen

759 2026 2365 136 middelertijdt hebbe het paexke met lijnwaet wel ontfanghen

733 2128 2357 124 waer van de facture sal naersien en d'accort benindende

753 2187 2298 125 ul en conformitijdt dier voor crediteren wat aen gaet de

763 2253 2326 153 carsegen die ul. hebbe ghesonden het is mij leedt dat de

741 2365 2243 144 coleuren naer ul. volle satisfactie niet uijtvallen

733 2455 2396 124 heeft ul. na eenighe noodighe sal beeter sorghe draegen

733 2578 2402 126 om t'eenemael ul ordre daer by te volghen want hebbe

737 2657 2405 136 groote partijen van alderhandel gheverft onder mij ul. en

704 2748 2442 150 ghelieft maer te commanderen ul can selfs wel afmee

734 2866 2341 123 dat deaer meer schaede aen doen als profijt ende dat het

743 2913 2362 143 alleenelijck is tot gheriefen om van alles sortiment

749 3030 2322 130 te hebben want het tene syd affairens beeteren soo en

746 3160 2322 94 wille mij daer int toecomende niet meer oft verden

753 3214 2396 141 bemooyen echter dat teghenwordigh aende handt hebbe

731 3310 2393 130 en soecke in aen te desiteren wenschte dat soo veel

751 3390 2301 120 facreur coste hebben dat mijne resterende laeckens

739 3494 2365 125 sondertik vercoght waeren om d'reck. te sluyten als

752 3580 2360 106 ul maer occasie heeft bidde mij t'adviseren dal daer

753 3662 2350 134 door passeren alst maer in geeden can bestaen want

740 3729 2384 168 en dessirere niet als daer een ejnde te mooghen van

739 3859 2285 101 hebben en de die negotie wat te laeten berusten

757 3923 2396 130 tot dat den tiydt beetert want magh al seggen dat onder

717 4050 2419 105 =nnde door guaede schulden en andersins dat het teghen

741 4106 2378 129 =wordigh es beeter stille te staen dan affairens te

736 4207 2249 144 doen het gaene den heere ghelieve inet te

3411 57 2412 100 veranderen ben van alle soorten van goedenen ten vytersten

3394 127 2375 113 voor sien heeft ul. ievers occasie voor sal ul van alles tot

3396 163 1575 143 cinielen prss overlaeten en Bljge

3187 241 1149 186 Leyden Jacobus De Beuf

5076 329 625 153 Adu 17 xber 1707

3405 386 2329 158 tot antwort op ul twee aenghenaemen van 22 past sen 13 court het

3400 470 2415 162 car mosyn n° 3241 a 57 ie vercoght a ƒ6:2- ende het paxke S52 n°2

3399 528 2387 150 met B. roode draps de Bergij hebbe wel ontfanghen doch d' soorte

3389 610 2422 123 comt te hoogh in prijs a ƒ2:15- het gene reden is tot noch toe niet

3387 676 2361 135 voorders hebbe connen vercoopen de soorte van 201 is altoos het

3377 718 2377 130 meesten ghevraeght ick hope dat het vertier teghen meunojaer

3389 810 2448 170 sal beteren want hier present seer wennigh vraegh oft de brieft voor

3383 889 2363 113 =valt sal echter altoos mijne devoire nedie n voor ul. goederen als

3385 959 2452 141 voor mijnegghen niet ul. aenghenaeme van 13 court soo sendt ul

3395 1036 2379 119 mij eknihelose van de crediteuren costie weghens Reynierde

3389 1091 2361 146 Bruck om die alhier in een volle consrocatie te penen ende

3394 1181 2432 125 voor te draeghen moet ul seggen dat Dh B Bapt. Connelraet

3379 1249 2395 103 present tot hendt is ende dat hier dien aengaende gheene

3396 1322 2365 125 conferentien meer voor vallen door dien ick ende de meeste

3390 1387 2338 109 crediteuren alhier eene procuratie weghens onsen intrest

3386 1475 2412 127 inde voedel en niet voorders aenden heer directeur vanden

3396 1544 2416 141 Berghet tot ghendt hebben ghepasseert dit is gheordeelt den

3404 1625 2458 149 Besten mirdel ende bij de principaelste ingressie ghenondene

3380 1676 2320 148 want het is seecker en woort voor vast gheordeel dat den

3393 1790 2440 118 Boedel wel wortghe gouverneert ende als dh van den Berge

3399 1866 2428 119 soo voorst gaet datter hedts considerabel van sal comen wat can

3397 1927 2409 116 men risgueren in een soo goede apparentie als een capitael

3388 1984 2421 128 dat verlooren behoorde et moest gheschickt wesen: daer soo veel

3385 2081 2430 102 gheintreseerde wesen is het seeeker dat continneel nietwe

3387 2130 2442 114 propositien en middelen worden op ghevalt en altoos meest

3387 2230 2230 102 door de minst verstaende ghelijck alheer veele worden

3393 2295 2451 105 thenonden in dese affairens dh. van den Berghe is een van

3373 2372 2454 121 de heerelijcksote beqhaemste en suffisanste persoonen die men

3397 2478 2418 110 voor soa een affaire saude connen desireren en ick en hebbe

3393 2562 2470 113 gheen obstackel connen vinden om mijnen intrest in den boedel

3366 2642 2467 95 sonder nochtans enghens anders voor eenigh voorder vat

3365 2707 2451 99 =orden te begecrene aen sijne directie te laeten benevens de

3387 2781 2421 98 meeste en principaelste gheintreseerde al hier een ieder doet

3365 2821 2403 166 naer sjn gheraeden salouer den brief door ul. ghesonden

3380 2935 2358 109 met dhes Ommellraet op sijn retour sprecken en teghens

3390 3019 2258 125 satter daght hier op ul. antwoort ens te ghemoet sien

3387 3087 2333 152 in ghesloten gaedt echter den selve terughe want dh

3385 3170 2393 153 gon melraedt niet voor sondagh sal thuys wesen en in

3368 3248 2487 159 ghenalle ul. gheraeden vindt condt den selve mij maer in

3350 3337 2298 164 antwooort inghesloten wederom toe senden in alle

3387 3454 2424 117 occasien daer ul. can dienst doen bidde mj liberlijck

3393 3501 1310 154 te commanderen die blijve

3274 3629 1180 159 ondon Charles hamilson

5183 3664 613 175 Adij 15 d. 1707

3382 3783 2390 145 tot antworde op ul van 10 pasts moet ul seghen dat die

3375 3876 2328 123 met schoone worden versult vinde costen die d'affaire us

3373 3971 2427 121 reddresseren het waer de moeyte weert sun tijdt daegin

3374 4054 2470 105 wat te passeren wat aen gaet de laecken daeren maecke ul

3363 4145 2479 142 gheen sonderlinghe mentie van ick ben bequaem dat

3369 4217 2353 131 selfe te augeren teghen die van andere vrienden
