6225 4452
865 102 2336 86 hebbe vercocht ende dat om ue calandisie te moegt behouden

856 173 2321 129 ende te doen het utersten dat in mijn pouvoir es et en can

868 240 2345 154 niet meer oft wete voorders geen mid del nochte ick en stele

869 343 2247 176 in mijn facture geen andere prijse als de goederen ja

859 446 2257 153 bedonge 2 en heeft ue met ue suster mij niet geaccordeert

818 574 2372 113 rot ƒ 21: degemejne baeyen alvooren het pack te openen2

835 685 2259 177 en hebbe ick ue niet gesegt dat de bayen van . 29

835 763 2304 182 en  30 mij een en het selfde geldt costen 2 voorders

827 889 2337 196 en heeft ue die niet naer ue goustie u ge gesoeht conde

823 996 2273 214 oft mochte ick die naer dat u n veranderen sijn die

858 1124 2074 226 inder van qualiteyt oft corter van lenghde oft

819 1253 2187 179 differenter van deught oft se  30 waeren2 ick

838 1390 2264 184 protesteere ue, datter nemant inde weerelt can

827 1471 2241 199 segghen datter ƒ 1 opt stuck aen te winnen is en

830 1595 2334 192 ick ben seeker dat ue bij andere ie veer naer niet

825 1719 2352 198 soo goeden coop bedient wort wat aengaet de maise

855 1817 2258 230 van den deventer bay en hebbe van niemant noch

838 1956 2211 208 claghten vernoemen verhoepe dat den goeden

845 2070 2318 200 godt de tijden eens sal laeten besteren want daer

806 2184 2351 177 een is present geen uyt coemste om alsoo de negotie

826 2274 2327 222 te blijven continiceren. bidde ue moeder vante

837 2435 2346 170 vertoeven tot dat ick occasie vinde van te connen

811 2506 2196 228 trecken want doen daeghelijckx genoeght aem

790 2654 2357 199 devoiren weest versehert dat ick affeetse hebbe

766 2746 2324 221 voor ue faitie ende dat my niet chagenanter

827 2842 2294 215 en is asdat ick ue niet naer ue volle genoegen en

826 2962 2268 221 can bedienen daer ick altijts op vigileere en in

823 3092 2174 214 geen occasie en sal naer laeten al oft het

805 3235 2348 195 voor mijn eggen waere engelijck ick wensche

776 3307 1942 208 dat mij geschiede. blijve van herten

699 3439 616 156 tournay de Rasse

2301 3489 433 130 1 sber 1708

865 3504 2252 178 voycy copie de la lettre q jay pris la liberte de vs escrire le 6

851 3633 2294 153 court depuis jay eu l'occasion de parler as mons vre jils quie n'a di

854 3708 2332 146 & selon tout apporence elle ne vs sera pas parvenue je vs rie de

863 3797 1514 134 roulour me ra rendre cette service et me croire

719 3866 770 119 Mechelen Ie Bardeyns

2221 3871 290 118 17 sber

850 3906 2307 165 ue aengenaeme van 3:15 sber hebbe wel ontfange oock van den bode hanrck

858 4009 2271 114 la ruell £78 wess: in gevolge mijne quittentie hen mede gegeven ick en can niet

857 4091 2309 90 overstappen oft ue voldoen dat mij  £1:1 soude rabateren want in consientie hebbe

852 4153 2342 94 ue de roode cerseien vercocht tot verlies en minder als mij die costen uyl reden dat het

870 4202 2330 79 couleuste docke as m cochtans iust op ue stael convieerde wille en soecke ue

859 4267 2359 85 en alle maneere te obligeren om voorders te mogen ennise maecke maer dit is mij

827 4315 2380 56 onno galijck presenteert de occasie dat ue iets van sortament comt te man

3402 0 2467 173 eecercu sel oaseder chemene en so elsd vres sehaer hele

3402 118 2430 144 ue mondelinckx te assureren soo goeden coop alds sal over laeten

3407 207 2466 122 als ue biy jmant inde werelt soude connen ten rechten comen ue vanter

3412 303 657 151 te groeende blijve

4714 351 488 127 17: sber 1708

3262 411 741 128 BrusselC Lindekens

3378 424 2505 204 hebbe den brief door ue en mons haegen geschreven van 10 cout wel

3400 569 2487 175 ontfange het is eene wondere soecke dat ue geen contensement in

3399 648 2416 199 gelieft te nemen doorsier de goederen die ick ue hebbe vercocht het

3405 722 2418 191 is enmoegelijck dat ue die tot dien pros bijemans int ghaellant

3395 809 2490 215 talt conen coopen ende als wanner dat ue bij ue selve geen gooed

3408 907 2420 181 advance ue doenen conmt sos en isser op de negotiemet meer te

3412 1008 2388 182 reijsen en hebbe tot den dagh ver van heden mijn leven aen u

3385 1096 2494 171 mant de goederen soo goeden oop overgelaeten ende dat in bij

3389 1163 2431 241 gaende glachten te willen voor comen ende vergoeden want ick daer niets

3374 1299 2376 166 oft wijgt bi profiteren wat aengaert de superfijne deventer buyen als

3395 1337 2474 184 mons vanderbooght mij seyde die tot ƒ 49 hadde verocht en hebbe ick niet

3376 1477 2483 137 mijn origineele boeck gehaelt en hem setont tot ƒ50 voorders en hebbe

3384 1561 2418 126 ick niet gesyt dat mij mal canderen wel moesten verstaeewant dat ick

3384 1645 2461 146 die niet anders enconde laeten ick hebbe de reste sedert alle vercochten

3384 1739 2404 139 oock op brussel versonde tot ƒ52 en ƒ 54 het is secker dat die bayen

3377 1819 2482 134 veel meer weert wesen en schande dat men geenn ƒ1 daer op een sonde

3371 1942 2435 127 connen avanceren die, costen mij jefr paer dan ƒ49 van de syne

3390 2001 2473 140 bayen van James Beugh van B 30 syn 2 soorten eene a den geteekert

3382 2124 2479 131 te die tot ƒ 23 hebbe geaccordeert en ue soeckt e die uyt met de lettern

3395 2171 2439 157 geteekent int lanck games Pecup die nu selfs ƒ 24 incosten ict laete

3359 2256 2430 120 ue selfs gugeren wat can ick daer aen doen ick segge ue andermael

3392 2341 2426 136 datter niemant in de werelt can gevonden worden die meer genegenes als

3384 2433 2417 120 ick om sijne vrinden te faccliteeren ende te voldoen maermen moet niet

3367 2500 2483 116 mal canderen consideratie gebruycken hebbe sedert wele goederen op brussel

3359 2571 2445 122 vercocht maer aen niimant tot den prijt en soo laege mest als aen ue

3371 2651 2504 115 comp waer op moght versaekert wesen ende dat ben naer cordiaele groet

3376 2745 861 89 nisse aen alle de vrinden

4883 2757 248 117 17 sber

3287 2800 1032 115 Brussel Nicolak vander borght

3370 2822 2495 139 be come u aengenaeme van gisteren hoe ist godts mooge hijck dat ue my cont van sccane

3378 2931 2485 73 schryven dat ick ue in alles toestaen dat mij doendelijck oft moegelijck is ende daer ic

3379 2959 2492 107 in alle occasien beter coop als andge bedienen ende de goederen overlaeten datter in sid

3361 3026 2502 126 ciritijt geen d peret aen over ens hief ick soecke ue in ale manieren te obligeren sal

3370 3111 2448 111 de  N1 met de  bayen to door een stellen tot ƒ 28 want in consientie de  28

3365 3179 2501 71 29 en & 30 coster myeverveel ende niets en is daer aen te profiteren niet te men isse

3373 3231 2445 84 iemant inde werelt die nedelijck is om sijne vrenden appaisement te geven soo benicf

3378 3284 2501 91 het en ick in can niet nver doen ick en twijfele niet eens oft jous: ue moede isv

3380 3354 2467 100 mij ten uytersten satesfact ende het moet soo wesen wart doen voor haere ten res pa

3378 3408 2482 98 van de onderinschap en tennisse al wat naen van een seerelijck man cauwenschen

3381 3485 2498 141 bidden den jaere hij haer noch lange jaeren gelieft te conseiveren ende de familler

3360 3548 2519 200 in goede gesortheyt en porperctest te bewaeren gelijck ue gesien heeft dat ge

3356 3679 2491 169 meie abondantie en schoon sortiment van alle goederen by mij hebbe

3338 3748 2474 206 soo versoecke mij gelieft te commonderen int minste dat ue comt te

3352 3879 2468 185 manckeren of noodigh te hebben en sal ue soo bedienen al oft

3342 4007 2508 190 ue heer present waere groete ue van herte ende alle de vrinden

3357 4089 879 159 en blyve met affectie
