6151 4407
679 2 2341 123 n  ee e hee e e le   £190:- 10 hon Bapt: Bruys chop en comp. l

676 84 2359 100 wel mas geworden, doch ben verwondert dat ul niets heeftt geremitttert voor

675 143 2300 100 rekene van ons beyde de helft in issel gelijck al hadde verwaght ende

677 215 2344 100 ul. ges. dat in genalle iets te saemen wilten profitteren het nu een seer

679 268 2347 87 advan giense sel is ende niet sien can datt sulfse sal continueren in die

667 327 2322 73 versoaghtinge hebbe al iets afgegeven als ul by provisie ingeslotten

676 386 2332 103 remittere vooronse rekenen comp. ste£:- van 15 court vsos op

671 446 2337 96 Janiel Bamineau a ƒ33:3: verhopende l. occasie sal hebben om in

661 507 2347 101 anntwoort deser weder te connen remitteren en meerdere somme afte

670 563 2303 88 senden dat mij aengenaem sal wesen en ick ul genstons altijdts tegen

659 635 2365 65 sal remise doen. godt danck de schepen Blaxlanden good inn sselvos

676 669 2328 105 het pack pno. 4 hebbe in mijn huys ontfangen no 3 is onder wech: doch

666 737 2337 90 hett de bietdende wolle manufacturen wort daegelijckx slechten

666 803 2362 83 ende het gebradeer grooten soo dat ter weynigh aen te gevaneeren is

674 844 2373 114 ick groete ul en blije voorst gegaen onderconvert van John vanderheyden

549 953 966 143 Leeds Thomas Peaye

2482 966 567 159 Adj 24 meiy 1703

658 1068 2369 102 de Vl. van 21 februarij laest vinde alleen te beantworden. met het arsicte

1918 1133 81 56 dito

664 1160 2359 77 ement der hulsche schepen tot Rotterd: daer den heere sij over gedanckt

673 1202 2356 93 soo remittere ul hier ingeslotten op de packen daer mede gearriveert

657 1278 2288 77 st £200:- van 18 court Egos op mr. Theale et watkins in London daer

706 1299 2332 118 erieyt voor het noodigh te besorgen en mit in reken te crediteren

668 1382 2332 104 d packen sijn geordonneert van Rotterd. iet opt spoedighste toe te

674 1432 2384 112 senden ende soo haest gearriveert wesen sal die openen en de examinere

685 1524 2288 82 ick ver hope dat dese commisie sal beterwijf vallen en aen mij meer de

670 1521 2368 143 advantagge geven als de eerste want de dosynen die ul mis gesondee

678 1653 2303 82 heeft stach nochgepackt ende en can die met debiteren ende een

665 1698 2257 98 heet pack carsegen hebbe veel verloren alsoo die op een duer mert

676 1752 2359 112 waeren in gecoght ende beschaedight als ul p bekent is. ick verhope

676 1824 2356 105 oock dat princspael de gene rofde een witte laeckens vande alder beste

666 1930 2372 79 soorte sullen wesen gelijck ick genooon ben van Londen te hebben

665 1990 2365 75 ende gelijck ick staelen ende de qualitijet aen m. Peter nemen te

662 2047 2393 99 ul. Boackhouder hebbe laeten sicn want andersins en soude die hier

675 2099 2360 99 niet connen debiteren en voor ul reken moeten laeten geljck

664 2191 2363 85 ick hem hebbe geseyt ende aen ul ges voorders soo ick de packen sal

678 2267 2365 77 hebben ontfangen ende dat sien dat ul. mij wel sal hebben bedient

674 2329 2313 72 ende dat ick daer by reken can vinden soo sal ul. aenstons ordre

674 2366 2301 98 voor een nieuwe commissie senden en prompt remitteren en

1916 2412 1137 91 voorsgegaen onder convert van pen C van honsen

675 2449 1128 90 soo Blijve naer groetenesse

2364 2507 662 171 Adij Ditto

452 2496 1495 194 Amsterdam en C van Honsen

680 2722 2340 96 & L. aengenaeme van 18 iour. hebbe het sijnen tijde wel ontfangen met

689 2784 2341 88 remise op mes. sheafe et watkens en London st £200 a 33:9 waer voor

679 2862 2378 100 ul. conform hebbe gecredittert ƒ 2025: dese negotie en can niet dan

677 2883 2331 127 schaede renderen want men hier abondant tot 633:3 heer connen

655 2970 2343 97 doen en present wel tot  33:2 can te recht coemen. hadde lieven

676 3016 2351 132 gehadt dat ul.  een post dagh twee adriy hadde afgewacht gelijck

667 3107 2385 110 k opsocht hebbe wensche wel te vernemen oft ul. nesen dan mij biddese

667 3179 2395 123 quaert ieren op tijdt soude gelieven te remitteren en intestaen mits

662 3229 2397 119 daer den intrest van 6 plet s jaers soude connen viyt gemonden worden

688 3315 2276 106 gelieft den in geleyden op en gelandt prompt voorstganck te

662 3362 1716 116 besalgen en soo Blijve naer groetennisse

487 3453 1353 153 Rotterdam Jean van JBeel

2824 3486 137 130 d

2458 3519 239 109 Adij

690 3615 2354 128 tot antnfoort op ul aengenaeme van 11 cours soo hebbe pr. trato van

667 3684 2384 113 £61:10:1- m stot van reken. aen Th. p Bapt mertens voldaen dienende

670 3744 2385 120 desen tot advies en met dese occasie tot tver soock om voorden ingelegde op

655 3820 2377 98 London voor Dhr. haspr. vanden Bussche prompt voorsganck te willert

675 3876 2306 78 besorgen en ul. sal mij verobligeren die naer cordigele groeten ae

677 3919 398 131 6:g

828 4008 163 80 m

464 4010 1311 142 Rotterd. John van derheyden

2398 4041 453 140 Adij D

687 4193 2360 128 vn aengenaeme van 18 en 22 court hebbe nocl ontfangen doch de twee

673 4305 2353 68 packen  n°.7 p. jan sujers n°.4 p. Pieter Willemse sien te gemoet

3321 2 2458 115 en 15 9 1: t rauvelie bedde met d'ancort rehene van de selve om shndiphe

3323 76 2434 109 =ste toe te senden ende vertrouwe  alles opt nauwste sal hebben geme

3316 151 2415 73 enageent voort gene vl mij vraeght voor ƒ 2000:- te feceren aen 1 p en

3325 190 2433 84 virde niet ul can swe huyt maeckent want van mij vraegende soude hem

3323 259 2366 88 het selve seer geernetoestaen gelieft den ingesloten tk opdon prompt

3315 283 1471 113 voorst geenc te besorgen en lof blijve

3078 342 1097 193 Leyden acobus Le Becutt

5062 373 649 131 Adij 24 mey 1703

3332 461 2409 151 ul. aen genaeme van ollturt hebbe wel ontfangen oock het faeee packe ƒ 2:3

3290 547 2449 99 maer bij vermelt waghte naer ul. ordre gen oie het selse te leueren als ul. mej

3297 586 2424 98 noteent ende daer f can daenst doen gelieft altijdts libersock te comandere

3284 652 2450 125 deseersten niet van ƒ1000:- die ul. geadviseert is te hebben ingetrocken

3304 712 2450 104 moet betaelt wesen hebbende daer niet van voorders vernoemen met den

3316 765 2440 109 twerden sal mijn denoir doen om oock paret in te treken et en sal niet

3314 844 2374 77 voorders aen hoff: Ansillion schrijven oeken de n intrest ul. gelieft

3305 886 2456 109 sulckx p. occasie te doen hebbe veynoemet dat imant van desgeintres

3279 929 2458 130 seerde wegens costis naer thendt is geweest wenste wel te oen hoed

3301 988 2412 108 heer de saecken aldaer evinten weet teepport heeft gebrocht te

3293 1064 2449 87 =wijlen naer cordiaele ggoetenisse en wenschinge fran t aenstaende

3302 1100 1063 153 tolligh hooghtijdt Blijse

4998 1178 217 162 2d:

3111 1203 1451 203 palle Nicollies van den Berghe

3322 1296 2483 131 ul. aengenaeme beyde van 18 en 30 April laest hebbe het sijnen

3306 1391 2340 106 tijde west ontfangen de reden dat aen ul. met eerder en hebbe

3308 1450 2380 118 geantreont is dat meer dan dertigh maet de n notaris hebbe

3286 1496 2467 145 ge sprocken die de saecke van de weesen ul. Bekent in handen heefs

3257 1599 2449 93 so een eijnde te hebben naer roote moeyten heeft tin mij det

3300 1614 2461 123 ingesloten memorierter handt gestelt het is een ellendige saecke

3293 1714 2427 88 met sulcke volck te doen te hebben gelieft die me nome een

3301 1741 2396 118 naer te sien en mij te schrieven  wat hem daer os sal

3298 1792 2421 144 ant worden en hoe ick mij hier in sal gedraegen ick ben

3305 1900 2442 79 selfs beschaemt dat dit sooanck moet aen cloopen ende dat ul

3300 1947 2440 100 dert dienst niet can doen sae erompt als wel de sererde ick hebbe

3307 1981 2443 138 een schoone party van alderhande nieuse goederen ontfangen

3296 2036 2461 135 als spaensche zaeckens van alder hande niehwe modecon leeren

3293 2123 2458 110 en prjssen sijne ende gemeyne dock geperste carseyen en baesen

3292 2168 2446 125 engelsche geilenfde laeckens Blaime Bleeck Blouse gielroude en

3301 2230 2409 163 groene alle gooederen van de alder geste soorte en alles is ten

3273 2305 2446 141 wijttersten goe den coop mun vaeder verwacht alle daegen

3289 2374 2423 128 oock een groote party versche sergien en ick hebbe een geperst

3286 2441 2442 118 laeckens volgens ul. stael met de catseyen by provisie casepaent

3305 2486 2472 137 en als hoff ck huys vrouwe gelieft net te commen oftt dat ul. iet

3262 2566 2412 131 gelieft ote ontie den ick can tr nu van alle sortimenten

3267 2627 1538 156 tenser jt tersten wel dienen lijge

5540 2741 53 55 6

5442 2687 131 177 d

5113 2742 213 129 ondet

3107 2716 1327 240 Brussel Henrij de Baesne

3258 2853 2466 198 desenalleen om ul te adviseren dat ul. op gisteren p beurtschip

3277 2982 2489 129 alordinair hebbe gesonden een rolle gemerckt  voor reken

3297 3025 2467 144 van Joff de wed. Jean Rapt passon tot Bergen dat versoecke

3279 3120 2489 103 aengaer gelieft opt spoedighste toe te senden op dat woort hoogh

3273 3204 2483 100 tijdt van singen ist mogelijck magh  daer wesen ull sal

3279 3288 2493 93 ies en haer perticuleer boerobligeren die mij hier op verlaetende

3288 3332 270 131 blijve

5209 3515 400 131 Adij 26

3119 3490 1555 177 Mamus la fomme Francois Casaye

3283 3627 2474 144 i'ay reccu 'a greable vre du 21 couet ensuitte i'ay pacte vre drap bla netout

3276 3752 2455 99 prest pour vous envoyer mais Engelbert m'est eschappe. a l'instant que ie

3282 3785 2477 105 recevois l'honneure de la vre ie nt in former apres p. mon valet. choste luy

3275 3881 2464 106 dit qu'il n'arriveroit que le soir et he partittoit que le lendemain pour

3274 3933 2483 112 assoure. vre heure apres larrira et parta le mesme apres dene dont ie

3278 3995 2492 113 suis chagrin ie ne manqueras pas d'alcoir bonne precalition pour vous

3266 4085 2514 99 l'en voyer p. son prenier suronge ie vois que vr me marque que

3274 4160 2471 108 l'eschantllion que ie vous ay envoyée vous  parroist d'ime

3273 4244 2477 82 12 groese silure cependant say chossis le mellieur mais il fault

3665 4313 2049 65 dit que les draps blanc d' Anglettere ne tombent p

3308 4316 154 60 le
