6264 4467
841 77 2229 221 gelevert 15 sber 1708 dat wel is voorders sien dat ue

858 193 2302 177 van intentie is eens over te coomen dat mij sal aengenaem

832 290 2313 230 syn ue asseureerende dat present van alles seur schoon

793 410 2085 183 sortiment sult vinden ende oock dat ick ue ten

840 525 2187 191 uytersten goeden coop sal bedienen. alle de versche

820 642 2283 247 goederen die voor dit voorjaer verwaght wierden

804 770 1235 235 sijn aengecoemen. blijve

2270 917 496 176 9 mej 1709

638 907 888 227 Brussel Kchaeghens

813 999 2288 202 in lange ue niet geschreven tante van occasie

810 1133 2242 234 doch gelyck ick niet en twijfele oft ue sal tegens

804 1266 2210 245 het hooghteydt van sinnen al eens overcoemen soo

814 1357 2246 240 neme de siberteydt ue eens te adviseeren dat de

811 1496 2201 291 goederen die met het voorjaer verwaght wierden

817 1664 2333 183 alle nu sijn aengecoemen ende dat ick het schoonste

805 1778 2157 189 sortiment hebbe dat men met oogen sien can

816 1876 2267 191 van spaensche en geperste ende geverfde laekens

825 2012 2323 241 van teenen pattascon p a Brujn blouwe groene

814 2129 2340 233 en roode. ue magh leeker sin dat ue niemant

824 2251 2269 200 beeter nochte beeter coop en sal bedienen dan die

818 2412 1321 163 blijve naer groetenisse

2090 2446 771 252 adj dto

676 2532 1017 181 Brussel J. Bcockmans

823 2685 2182 116 let wille niet naerlaeten ue eens te adviseeren

769 2737 2302 218 dat alle de verwaght wordende nieuwe Engesche

810 2876 2264 216 goederen nu sijn aengecoemen ende dat daer mede

827 3007 2346 219 geeregen hebbe versch sortiment van alles tot ue dienste

839 3122 2277 222 en twijfele niet oft ue sal tegent het hooghtegn al eens

840 3242 2281 196 coemen sien. seijdt verseekert dat in alle occasien

823 3378 2266 152 ue civiel en goeden coop sal bedienen hebbe ue

825 3494 2196 166 met mijn laesten brief versoght een briefken te

810 3589 2269 211 macken  my te senden voort parteyken dat ue

825 3722 2260 131 6 meert hebbe vercoght dat bidde gelieft te doen

814 3848 1381 158 en afwaghtende. soo blijve

2268 3960 686 172 Adij Ditto

607 3954 1440 177 Brussel Michiel van derBorght

814 4091 2274 187 gelijck ick niet en twijfele oft wij sullen te saemen

813 4192 2260 142 verder kennisse macken en meerder handelen oock

3315 117 2449 123 dat ue met het hooghteydt wel cent soude misschien

3374 203 2324 128 overcoemen soo name de liberteydt ue te adviseeren

3382 330 2236 171 dat alle de verwaght wordende goederen nu sijn

3385 421 2373 227 aengecoemen ende dat daer mede hebbe ontfangen

3392 563 2357 180 versch sortiment van alle soorten van laekens tot

3375 701 2373 196 ue dienste. ue asseureerende dat ue ten uersten

3378 811 2428 272 goeden coop en civiel in alle occasien sal bedienen

3390 957 1721 240 blijvende naer cordiale groetenisse

4800 1067 886 247 Adij 9 mey 1709

3278 1096 1215 219 Brussel de wed. de Broeger

3367 1207 2376 267 in lange d'eere niet gehadt ue te schrijven faute van

3365 1349 2480 202 occasie. niettegenstaende dat ue differente rijsen is

3374 1479 2394 240 overgeweest soo en hebbe echter het geluck niet gehadt

3366 1593 2443 201 ue ten mijnen huyte te sien nochtans ick soude geerne

3363 1732 2428 243 de oude hennisse onderhouden en ue magh seeker sijn

3391 1854 2412 196 dat ick ue soo goeden coop sal bedienen als ue ergens

3370 1995 2394 221 soude connen te recht coemen. ick en twijfele niet

3379 2118 2348 211 oft ue is bekent dat de versche goederen alle sijn

3394 2225 2438 216 aengecoemen hebbe daer mede geeregen het schoonste

3370 2355 2382 211 sortiment van alle loorten van laekens die men

3366 2474 2348 220 met oogen sien can tot ue dienste heeft ue nu iers

3368 2613 2248 206 noodigh gelieft mij maer te commandeeren oft

3361 2733 2385 179 overcoemende mij deere aen te doen van eens naer

3367 2847 2274 221 te coemen het ceyn parteyken van  38:16:1 ue

3364 2992 2391 239 voorleden paer 31 meert vercoght ende gelwert

3368 3117 2377 245 versoeke mij met den boede te senden oft heeft ue

3344 3241 2443 227 liever dat ick op ue het trecke salt doen terwijlen

3359 3367 1359 184 blijve in alle occasien

3250 3477 1037 181 Brussel de wed. henis

4784 3433 681 225 Adj Dto

3356 3605 2312 222 hebbe ue nu soo dichmaels mijn dienst gepresenteert

3351 3728 2416 234 doch het scheynt dat het ue niet en gelieft mij genegen

3332 3852 2452 185 te sijn. ick en dincke met dat ick ue qualijck hebbe

3350 3942 2338 214 gedient als voorlden jaer het geluck gehadt hebbe

3346 4128 2291 106 ue iets voor de eerste rijse te vercoopen: oock

3358 4215 2303 168 moet ue verseekert wesen dat ick soo goeden coop
