6303 4441
895 14 2343 199 dineetie den nalle net doen om ue te thoonen al voersen

913 136 2322 153 geen excusie meer sult connen bij brengen want ue can

912 237 2147 162 de selve nu op ve gemaek in coopen ende sulcx doen

889 312 2324 217 oft delayeren als geraets aem sult oordeelen waghtende

902 425 1121 208 ue antwoort soo Blijve

2276 505 797 207 Ady 9 April 17011

731 529 948 234 Brussel f Ansillion

884 612 2266 207 1'ay bien receu la vre du 6 du court avec trois lettres

887 766 2271 185 p vous acceptee a mon ordre scavoir, de 16 meert

866 844 2241 202 Lausis van ƒ252:-1 de 30 d. isos van ƒ169:-1 de

902 971 2265 211 de 6 cofr ucos de ƒ386:- ie ne srons ay renvoyée

865 1111 2192 155 d'aultre lettre que celle pour la partie de bayes

880 1193 2264 219 que vous avez reccu et dont vous m'en avez faite

856 1318 2297 166 sune de ƒ182 cy destus mentionnée. ie ne vous ay

867 1420 2331 202 non plus parle d'intrest mais ie vous ay leulement

895 1534 2217 196 marque q en vendroit la marchandise au pied

892 1649 2212 226 comme ie vous la livre que y perde plus que

868 1765 2349 212 l'intrest de mon argent et c'est une choses verssable

887 1912 2266 200 et a vous si bien connue pa moy et pour cette

872 2032 2313 170 raison la vous estes advurable de n'en estre pone

909 2126 2186 204 content il est certiain que vous ne la tirerez

855 2272 2324 183 point a millieur marché adroisur d'Angleterre

895 2397 2216 111 & ge ne me fait au cunne responce touchant les

873 2464 2294 160 eschantiliont de draps rouges vous envoyée s'z

849 2592 2183 215 sy en a qui vous sonviement ou que ie vous

888 2661 2362 237 puis rendre service een aultre sorte de merchandise

899 2807 2250 197 ie vous prie me commander en touttes occasions

883 2949 2272 149 le convoy de london est heureusement arivee

877 3092 2231 181 grace au siegneur et nous attendons aussi la

851 3180 2398 160 nouvelle de celluy de pull. 'aj un bon assorts men

877 3296 2315 214 de toutte sorte de draps et prix austy superfins

876 3426 1571 165 arrivee ie vous sale et pais 6

723 3548 840 214 Ath P. £ £170n

2497 3579 467 154 adij 11 ditto

912 3673 2330 222 pour responce a l'honneur de la chere vre du 8 du court iay

905 3793 2327 173 ne ceu des deux cents florins de change et vous en credite en

896 3895 2313 152 compte de la remisse que vous me faittez sur le S. Cmannell

890 3963 2309 185 de quivos la flotte de hull avec les draps donsins et double

883 4087 2344 198 presse n'est pas encor arrivee, mais nous attendons la

902 4174 2349 195 nouvelle a tout moment. celle de Londres est gral

3407 0 2475 232 p2de 6d e e aee sos drep disoe en ain

3421 124 2443 171 superfins et communes cito que nous aurons nouvelle de

3419 230 2310 162 celle dhull. ie ne manqueray pas de vous en donner

3410 361 2449 126 advis ou part comme ie vous ay promis madmois Daulmerced

3408 402 2457 195 et mons horion sont a present ily, mais ie croy qu'ils auronte

3412 533 2466 185 fait en voyage inetil et trop toit et quatne trouveront

3400 604 2463 180 nmulle part l'assortiment qu'ils souhattent vouchane

3411 702 2388 167 la paix. il eot vray que son en parte p. tout mais sans

3401 797 2387 230 fondemont bieu vieulle que nous la puissions avoir

3402 892 2455 180 un plustost ie ne doubte nullement u en peu ilvien=

3398 980 2289 205 dra quantite de gram dhollande p. ey et

3383 1085 2476 168 connois qu'ils ont donne comission pour en achepter

3390 1201 2418 154 suy la marchandisse dont vous me faittez mention

3394 1308 2425 170 al n'ya pas un hard a profiter ce present pou v8.

3398 1385 2429 229 ie me dit comme a madmoir. vre esponse et tout

3384 1543 540 193 la famille

3859 1676 85 116 en

3293 1653 1343 236 Rotterd:  Meyers

5096 1680 713 225 adij 11 April 1709

3390 1822 2454 208 sien bij ue aengenaeme van 9 cour dat alleen inde stadt

3383 1977 2451 172 waeren sames Cuttbert John Custs John Hutter en John

3393 2073 2309 177 bodwan ende ick vinde dat onder de londons vloote sien

3373 2178 2499 161 geen andere dan indese ier in trest hebbe volgens de memore

3385 2278 2417 174 die ue hebbe afgesonden soo dat het nu faciel is dan cito

3374 2316 2500 247 te lossen ende te expedieren sal mij dan op ue verlaeten

3373 2481 2485 189 datter niets en sal worden geneghgeert ende dat ick van de

3378 2621 2475 154 aider eerste mijne goederen met Godts gratie sal becommen

3375 2701 2477 161 en verhope tegens latterdagh advies te hebben met wat

3373 2809 2324 204 beurtluyden het sal wesen af gelaeden en blijve met

3364 2930 2241 186 versoeck van addren voorde in geleyde op Engelandt

4993 3056 658 215 adij 11 ditto

3271 3031 1182 248 Ledds 20. et S160kson

3370 3192 2466 221 ie suis sans aucunnes de cheres vres tellement que ie me refere a

3355 3340 2454 178 ma dermere du 8 du court p. la quelle inay confirme mon

3367 3432 2401 151 ordre pour achepter la partie ensuitte ma notice vous

3355 3521 2494 198 envoyle le 25 de mars. i'espere que celle du premier du court

3350 3678 2484 120 n'auva poinet cause du retardement et peut estre que celles

3371 3773 2494 127 du 1 et 6 vous seront parvenue  ensemble car il qu

3369 3868 2485 178 fort peu de jours de a vre a l'austre, cependant il vous

3386 3972 2464 181 plaita asteur de ne plus rien negliger et de faire pour moy

3379 4062 2367 188 comme pour vous propre. menagez mon intrest es

3372 4164 2493 168 tachez de procurer a bon marche et de belles marcha

3367 4308 2444 74 disez car comme vous voyez ie ne donne aucunne
