6126 4434
2443 50 588 131 Adij 6 Augusti 1703

477 66 1455 122 London Jasper vanden SBugsche

682 130 2268 159 hebbe oft op p court geschreven ende versocht voor mijne rekent te gelieven te

684 234 2363 116 betaelen aen Thr charles hamilton veertigh sonder sterlinckx mits nemende van

662 307 2280 74 den selve quittantie ende die mij af te senden dat p desen confer mere voordens

687 332 2317 115 hebbe ul. gevraeght den pris van de minste soorte van swanstins bayen en andere

676 408 2356 91 soorten als ul mij voorleden jaer gesonden heeft en eenige monsfers vanden se

691 469 2356 92 tot mijn speculatie. se dert hebbe gesien een soorte van swanskins bayen in anders

685 509 2353 111 vriender van een merck FG.¼ waer van rr. hier ingesloten een staet sende die

692 570 2330 117 seer schoen witt sijn en van schoone breede d soorte cast tusschen de  414 a ƒ 5116 pr

691 640 2286 112 P. ingevalle dat ul ditto merck kent ende dat ul ditto soorte can becomen

696 699 2339 125 gelieft in te coopen daer van aeren twintigh b. en noch ses & fandere soorte

683 751 2232 119 tj gout merck als ul. mij voorleden paer tot ƒ80 gevonden heeft ende die te

693 803 2323 128 saemen op te packen in een pack met een cotten tot terdulure en p een te

679 889 2351 110 occasie mogeljck op p otterd. al'ordinaer af te senden met een goet en bekent

672 949 1925 101 schipper afwacht ende dieere van ul. antwoort soo Blijve

2218 1024 652 158 dij 6 d. 1obr

500 1048 1187 159 London Livin de Dorpere

692 1167 2356 144 Ick hebbe ul. 19 past geremitteert voor ons beyde reken op 2 vsos op h furnesse in een

675 1269 2309 89 brief ste £400: - die verhope ul. wel het sijn tijde sal sijn ter handt gecomen sate

674 1321 2326 111 sende ul ingesloten den selonde hebbe sedert eenige posten van costij gebreeven

677 1414 2308 88 gehad soo dat niet precie weete tot wat cours de wissel is afcomen echter hier

677 1446 2350 129 is heden ter borse tot ƒ33:4 veel papier geweesten weynige geiers soo dat oeculere

692 1524 2339 117 het wel wat laager mocht comen in welcke genalle de beste advantagie mogelijck

667 1590 2369 115 sal waernemen en al adviseren terwijlen naer coriaele groetenit Blijve

543 1654 1058 152 Rotterdam Jacques Meyers

2362 1665 521 149 Adj 9 ditto

677 1791 2324 108 ter antewoort op ul. aengenaeme van 7 court het is secker dat niet ick, maerk de vraght

675 1896 2375 101 gelden qualijck st rekent ende dat het niet anders can betaelt worden als ul hebbe genoteent

663 1931 2323 89 te weten 3 carseyen voor een laecken 20 st twee dosyntiens voor een laecken 2st en ider baj

665 1977 2332 124 a6st volgens costume bovendien dat de drapiers niet en moeten gecoe eert negrien

674 2042 2357 114 noch te betaelt ick en can niet dencken oelt die vriendt die ul. imployeert voor heeft van de

671 2113 2376 113 stellen de tuce packen  n 6 en 8 ider met 12 laeckens wel vyt getrocken tjt genomen

677 2175 2351 114 de vrappers ƒ6ende van  dandere nochtans van selven en houdt generael voor

678 2252 2299 104 20 Laeckens ende de vrappers ƒ11:- als ul op die voet gelijck het wesen moet mijne

668 2304 2350 120 gesondene notetie gelieft te doen naer maecken, soo sal ul. het selve claer viaden, ende

664 2374 2344 98 daerom soo sende ul. notitie te rugghe, wel wetende dat  die met ul gesondene reken

678 2464 2350 98 moeste  accorderen, doch niet te min en laetet geen claer abuste blijven ick groete

668 2531 1008 100 ul. van herten ete ende Blijve

2394 2545 440 162 adij 1 d

475 2589 1319 196 Brussel t. vanden Recke

689 2704 2332 134 ick hebbe bese weecke uytter stadt moeten wesen soo dat ul. aengenaeme

683 2834 2305 77 van 8 cougt niet eerder hebbe connen beantworden hebbeevenwel

674 2870 2347 95 met groote verwonderinge gesien dat ul. geen volle genoegn en

683 2925 2330 116 heeft ende karseyen van Joseph Kelley en de den fijnen Colchebberbaey die

665 2981 2366 114 i  hebbe gesonden de parseyen ven joseph  en Abram Tilles sijn

686 3053 2344 100 van eene ende de selve qualitijdt oock de carseyen van stanstelden

693 3150 2325 77 mits dat sien dat ut een partijcken van 30 a 40 p noodigh heeft

658 3195 2351 104 gelieft ul. dat ul. noch ses stucken vande alderbeste stansgield

657 3262 2311 103 sende tot een preuve op ul. ordre ben te vreden sulckx te doen

666 3334 2361 99 maer die soort f van carseyen en can niemandt in de werelt m onder

665 3407 2365 130 geven als ƒ23:10 soo als die ul. gestelt hebbe oock de sijne colehester bagen

678 3466 2317 98 mander dan ƒ42:- hadde vr. m mij met  vromgegelieven te

683 3523 2341 136 adviseren dat uk van intentie oas niet meerder dan ƒ 22:- voor de

683 3587 2275 130 carsegen en ƒ 38 voor de colchester bayen te besteeden ick in onde ul

673 3681 2225 91 geene hebben afgesonden want ick moetes segghen dat geen

667 3714 2363 141 slechte goederen te coopen hebbe maer alle vande alderbeste soorte

677 3815 2343 86 ende dat ack ul. die in treken stelle datter voor mij niet saen oper

667 3856 2351 106 en schiet ick hebbe al ondervonden dat de beste goederen noch gl

647 3910 2378 94 den' besten coop wesen ende dat men met het blecht goedt ende

662 4009 2362 104 den goeden coop maer sjne  calant en disobligeert ende

657 4056 2372 144 verliest ende daerom en hebbe ick van die gemeyne soortie

659 4128 2372 135 & niet meer te coop ick en can ul. niet meet segghen als

654 4232 2392 98 seecker ben dat  £1 niemjnt  nolane  oeter goederen

646 4262 2137 120 en sallexeren nochtes beter coop en sal bedenee

3317 21 2396 79 6 ick ende sder sal yl en alle redereen onder vinden in eer de beste

3307 84 2405 91 goederen te vercoopen tot den en prijs gelef de gemeyne soorte is mij

3291 143 2259 77 in mogelijck ick hebbe sortiment a alles tot os die nste soo

3297 201 2365 66 spaenst he supersijne als gemeyne geperste noortsche en dosynen

3293 237 2424 95 en gelsghe geherfen quaerten als roode blouwe groene en gyele oock

3284 298 2423 59 wiste te venterten colle hester ragen carseyen en faisaerden en ul moet

3293 348 2383 110 seeker wesen dat ick al doen sal wat mogelijct is om vr calandisie

3292 378 1884 80 te mogen hebben terwijlen naer groetenge blijve

3094 432 1287 195 London Scawen et Stock dale

5011 447 592 145 Ady 13 fourt 1708

3306 556 2391 135 i'ay bi en receu l'honneur de la vre du 27 du passe p. la que le ie voisque non obstant

3303 668 2406 96 toutes les raisons que ie vous ay donne p m'al precedeute vous me persittez a me vouloir

3301 725 2396 88 persuader come si ie de souffris le dommage her vennue a la balle de draps. le

3285 775 2378 92 maistre du vaisseaux arrivée  Année passe a bruges m'a bien de intresse sans

3297 827 2390 95 l'accoir pour saivvi en iustice et mesme mon facteyer a Bruges  ne m'at a mais

3277 889 2423 57 fait au cunne mention pour avoir ordre pour cette esfect comme vous me faittes

3294 937 2374 67 ie ne prens pr. la grace de dieu de m'engager en aucuin proces pour ce que ced

3300 993 2427 66 puis estre nu icy ni hors le pays et ie vous connois plus raisonable que vous mesme

3283 1042 2374 73 ne me pour vrez conieller a ccla cependant ie rus en voyerais les attestations

3268 1089 2432 77 en forma  vous faire vois qu'il ny ra poinet a mesctidreze et qu'ils seroit

3278 1158 2442 64 one chosse la plus erraisonable du mondee si ie ne seroii pas de intressé ie voy

3292 1203 2404 68 pr ie aussy de me me plus en voyer aucu nne marchandise ausques a nouvelle

3274 1250 2420 82 ordre cax il n'sa poinet de debite pr icy ni au cun profet ett i'ay encor sere

3298 1307 2296 85 presques tout vois ballots que vous meauez en voyeé cette anne icy. i'ay

3278 1325 2433 129 seulement ouvert celluy de swanskens baye dont ie les trouve  moncerand

3283 1416 2405 84 des an van tage ceux  ou me portez en compte £V. or a ƒ8 i'en aiples-

3278 1491 2405 92 mes mes d'un aultre Emis a ƒƒ80:- et ceux de 36a ƒ88. ie les trouves

3273 1541 2336 91 moindres en qualite que la sorte de 8 or ie vous remette eu inclusse

3285 1592 2423 58 £150:- sur  S. John B. Busschop et comp. in London ie vous

3272 1659 2383 58 p vie en procurer le n aere et m'en crediteret compte come auisy

3277 1695 2378 112 de faire rendre l'incliesse au maistre qui a fait les horologes que

3280 1770 2405 58 mjailez envoyez et dont ie vous escriveray o ma proschaine a cause

3269 1821 1758 110 que le temps me manque et surcclar ce me dit

3562 1879 2061 119 voortsgegaen onder couvert van de wed. Broeckmans

3113 1956 914 149 brussel t. van den heck

4605 1903 707 208 Adij 14 ditto

3268 2090 2409 147 tot antwoort op ue van 12 cour en can de gesondene carseyen

3283 2149 2321 180 en colchester bay niet minder laeten, nochte nmemant in de

3281 2240 2337 187 weerelt oft ue moet mindere soorten van goet hebben ende

3273 2358 2360 170 gelijck ue noch hebbe geschreven hadde ue my geadviseert dat

3273 2440 2433 193 van geen intentie waert meerder te besteeden als ue mij un melt

3257 2548 2455 166 ick en soude ue die posirief niet hebben afgesonden. ue wiet wel

3268 2648 2301 138 dat het niet redelijck en is dat ue melt dat ue die voor

3270 2765 2390 153 mijne rekene sal laeten want ick op soo eene conditie geen

3278 2823 2416 177 goederen en sende. ue ordonneert de beste en wilt de hebben

3269 2943 2413 152 tot den alderminsten prijs gelijck het gemeyn goet dat niet en

3266 3047 2433 98 can bestaen. het sal my aengenaem weten als ue overcoemt

3274 3138 2393 181 dat sult naer coemen. ick asseurere ue andermael dat ue

3261 3266 2370 134 niemant beeter coop als. ick en sal bedienen nochte dat ue

3254 3332 2465 152 nergens beeter sorement en sal vinden sijnde ten uytersten van

3287 3460 2385 130 alle soorten wel voorsien. gelieft ue den middeller tijdt dat ick

3267 3558 2423 109 ue noch 6 a8 ps van stansfield voor een monster aende bente

3255 3645 2427 135 vreden sulck ste doen or ue antwoort maer minder dan ƒ 23:10

3260 3710 1732 134 en can het bij waerheyt niet doen. blijve

3110 3775 1102 152 Brussel den procureur te reau

4884 3804 633 150 Adij Ditto

3259 3890 2434 187 hebbe aen ue op heden met het beurtschip geaddresseert een paxke

3259 4004 2447 137 gemerckt tot tordre en voor rekene van mons. P. nijs tot leuven

3256 4082 2436 184 dat versoeke opt aen coemen vant beurtschip daer voor gelieft

3236 4161 2441 114 sorghe te dragen en hem op leuven toe te senden gelijck niet en

3237 4242 2211 121 twijfele oft hij ue sal hebben geadviseert en soo blijve
