<?xml version="1.0" encoding="UTF-8"?>
<alto xmlns:xsi="http://www.w3.org/2001/XMLSchema-instance"
      xmlns="http://www.loc.gov/standards/alto/ns-v4#"
      xmlns:page="http://schema.primaresearch.org/PAGE/gts/pagecontent/2013-07-15"
      xsi:schemaLocation="http://www.loc.gov/standards/alto/ns-v4# https://www.loc.gov/standards/alto/v4/alto.xsd">
   <Description>
      <MeasurementUnit>pixel</MeasurementUnit>
      <OCRProcessing ID="IdOcr">
         <ocrProcessingStep>
            <processingDateTime>2022-02-11T21:31:26.65+01:00</processingDateTime>
            <processingSoftware>
               <softwareCreator>READ COOP</softwareCreator>
               <softwareName>Transkribus</softwareName>
            </processingSoftware>
         </ocrProcessingStep>
      </OCRProcessing>
   </Description>
   <Layout>
      <Page ID="Page1" PHYSICAL_IMG_NR="1" HEIGHT="4388" WIDTH="5972">
         <TopMargin HEIGHT="0" WIDTH="5972" VPOS="0" HPOS="0"/>
         <LeftMargin HEIGHT="4388" WIDTH="0" VPOS="0" HPOS="0"/>
         <RightMargin HEIGHT="4388" WIDTH="0" VPOS="0" HPOS="5972"/>
         <BottomMargin HEIGHT="0" WIDTH="5972" VPOS="4388" HPOS="0"/>
         <PrintSpace HEIGHT="4388" WIDTH="5972" VPOS="0" HPOS="0">
            <TextBlock ID="region_1637583915441_351"
                       HEIGHT="4236"
                       WIDTH="2691"
                       VPOS="35"
                       HPOS="406">
               <Shape>
                  <Polygon POINTS="406,35 3097,35 3097,4271 406,4271"/>
               </Shape>
               <TextLine ID="region_1637583915441_351l1"
                         BASELINE="502,192 628,192 755,192 882,192 1009,190 1136,188 1263,184 1390,180 1517,176 1644,173 1771,169 1897,166 2024,164 2151,162 2278,162 2405,162 2532,164 2659,168 2786,173 2913,180 3040,190"
                         HEIGHT="236"
                         WIDTH="2568"
                         VPOS="44"
                         HPOS="487">
                  <String ID="string_region_1637583915441_351l1"
                          HEIGHT="236"
                          WIDTH="2568"
                          VPOS="44"
                          HPOS="487"
                          CONTENT="Jean Bapt van Jnneuraet present in hallant aen sijn huijsvros"/>
               </TextLine>
               <TextLine ID="region_1637583915441_351l2"
                         BASELINE="688,302 806,302 924,300 1042,299 1160,296 1278,294 1396,291 1514,288 1632,284 1750,280 1868,278 1986,276 2104,273 2222,272 2340,272 2458,272 2576,274 2694,278 2812,284 2930,291 3048,300"
                         HEIGHT="182"
                         WIDTH="2390"
                         VPOS="172"
                         HPOS="672">
                  <String ID="string_region_1637583915441_351l2"
                          HEIGHT="182"
                          WIDTH="2390"
                          VPOS="172"
                          HPOS="672"
                          CONTENT="ter hande gestelt om voorts te senden  Adij 20 8ber 1707"/>
               </TextLine>
               <TextLine ID="region_1637583915441_351l3"
                         BASELINE="674,440 788,440 903,440 1018,440 1133,440 1248,438 1363,438 1478,438 1593,436 1708,436 1823,436 1937,434 2052,434 2167,432 2282,432 2397,430 2512,430 2627,430 2742,428 2857,428 2972,428"
                         HEIGHT="197"
                         WIDTH="2333"
                         VPOS="298"
                         HPOS="656">
                  <String ID="string_region_1637583915441_351l3"
                          HEIGHT="197"
                          WIDTH="2333"
                          VPOS="298"
                          HPOS="656"
                          CONTENT="verhope a dat ul desen in continnatie van ghesontydt sal ten"/>
               </TextLine>
               <TextLine ID="region_1637583915441_351l4"
                         BASELINE="692,560 811,555 930,552 1049,548 1169,546 1288,544 1407,542 1527,541 1646,540 1765,540 1885,540 2004,540 2123,540 2242,540 2362,540 2481,540 2600,540 2720,542 2839,542 2958,542 3078,542"
                         HEIGHT="161"
                         WIDTH="2419"
                         VPOS="457"
                         HPOS="675">
                  <String ID="string_region_1637583915441_351l4"
                          HEIGHT="161"
                          WIDTH="2419"
                          VPOS="457"
                          HPOS="675"
                          CONTENT="handt comen de convocatie maendagh naer ul. vertreck ghehouden"/>
               </TextLine>
               <TextLine ID="region_1637583915441_351l5"
                         BASELINE="686,664 804,660 922,658 1041,656 1159,654 1278,654 1396,652 1514,652 1633,650 1751,650 1870,650 1988,650 2106,650 2225,650 2343,650 2462,650 2580,648 2698,648 2817,647 2935,646 3054,644"
                         HEIGHT="138"
                         WIDTH="2400"
                         VPOS="544"
                         HPOS="670">
                  <String ID="string_region_1637583915441_351l5"
                          HEIGHT="138"
                          WIDTH="2400"
                          VPOS="544"
                          HPOS="670"
                          CONTENT="over d'affairens van de Buck is eyndelijck uijtghevallen tot een"/>
               </TextLine>
               <TextLine ID="region_1637583915441_351l6"
                         BASELINE="676,770 790,764 905,760 1020,758 1135,756 1250,754 1365,754 1480,754 1595,754 1710,754 1825,755 1939,756 2054,756 2169,756 2284,756 2399,756 2514,754 2629,752 2744,748 2859,744 2974,738"
                         HEIGHT="165"
                         WIDTH="2330"
                         VPOS="672"
                         HPOS="661">
                  <String ID="string_region_1637583915441_351l6"
                          HEIGHT="165"
                          WIDTH="2330"
                          VPOS="672"
                          HPOS="661"
                          CONTENT="genael wes luyt en resolutie als ul. oeft de inghesloten copige"/>
               </TextLine>
               <TextLine ID="region_1637583915441_351l7"
                         BASELINE="666,886 786,880 907,875 1028,872 1148,870 1269,868 1390,866 1510,866 1631,867 1752,868 1873,870 1993,870 2114,872 2235,874 2355,876 2476,876 2597,878 2717,878 2838,878 2959,878 3080,876"
                         HEIGHT="153"
                         WIDTH="2447"
                         VPOS="761"
                         HPOS="649">
                  <String ID="string_region_1637583915441_351l7"
                          HEIGHT="153"
                          WIDTH="2447"
                          VPOS="761"
                          HPOS="649"
                          CONTENT="daer van sal connen sien wij hebben mede daer moeten door"/>
               </TextLine>
               <TextLine ID="region_1637583915441_351l8"
                         BASELINE="696,1006 814,1000 933,994 1051,991 1170,988 1289,987 1407,986 1526,988 1644,988 1763,990 1882,992 2000,994 2119,996 2237,998 2356,1000 2475,1002 2593,1002 2712,1004 2830,1002 2949,1002 3068,998"
                         HEIGHT="174"
                         WIDTH="2403"
                         VPOS="867"
                         HPOS="680">
                  <String ID="string_region_1637583915441_351l8"
                          HEIGHT="174"
                          WIDTH="2403"
                          VPOS="867"
                          HPOS="680"
                          CONTENT="passeren en ons conformeeren want daer en was anders niet aen te"/>
               </TextLine>
               <TextLine ID="region_1637583915441_351l9"
                         BASELINE="652,1124 772,1123 892,1122 1012,1121 1132,1120 1253,1120 1373,1120 1493,1120 1613,1120 1733,1120 1854,1120 1974,1121 2094,1122 2214,1124 2334,1125 2455,1126 2575,1130 2695,1132 2815,1134 2935,1137 3056,1140"
                         HEIGHT="193"
                         WIDTH="2435"
                         VPOS="1020"
                         HPOS="637">
                  <String ID="string_region_1637583915441_351l9"
                          HEIGHT="193"
                          WIDTH="2435"
                          VPOS="1020"
                          HPOS="637"
                          CONTENT="doen hoe dit de gheimtreseerde tot ghendt en elders sal bevallen"/>
               </TextLine>
               <TextLine ID="region_1637583915441_351l10"
                         BASELINE="684,1244 796,1244 909,1244 1022,1246 1135,1246 1248,1248 1360,1250 1473,1252 1586,1253 1699,1255 1812,1256 1924,1258 2037,1260 2150,1260 2263,1262 2376,1262 2488,1262 2601,1261 2714,1260 2827,1258 2940,1256"
                         HEIGHT="229"
                         WIDTH="2289"
                         VPOS="1123"
                         HPOS="668">
                  <String ID="string_region_1637583915441_351l10"
                          HEIGHT="229"
                          WIDTH="2289"
                          VPOS="1123"
                          HPOS="668"
                          CONTENT="moet den tijdt leeren den brief op beyden hebbe prompt"/>
               </TextLine>
               <TextLine ID="region_1637583915441_351l11"
                         BASELINE="698,1380 817,1383 936,1386 1055,1388 1174,1390 1293,1392 1412,1394 1531,1396 1650,1396 1769,1396 1888,1398 2007,1398 2126,1398 2245,1396 2364,1396 2483,1396 2602,1394 2721,1394 2840,1394 2959,1392 3078,1392"
                         HEIGHT="176"
                         WIDTH="2409"
                         VPOS="1248"
                         HPOS="683">
                  <String ID="string_region_1637583915441_351l11"
                          HEIGHT="176"
                          WIDTH="2409"
                          VPOS="1248"
                          HPOS="683"
                          CONTENT="voorstganck ghegeven inghevalle ul. mij gherecomanddeert"/>
               </TextLine>
               <TextLine ID="region_1637583915441_351l12"
                         BASELINE="702,1542 821,1542 940,1543 1059,1544 1178,1544 1297,1542 1416,1542 1535,1542 1654,1540 1773,1540 1892,1539 2011,1538 2130,1538 2249,1536 2368,1536 2487,1534 2606,1534 2725,1534 2844,1534 2963,1534 3082,1534"
                         HEIGHT="218"
                         WIDTH="2412"
                         VPOS="1388"
                         HPOS="687">
                  <String ID="string_region_1637583915441_351l12"
                          HEIGHT="218"
                          WIDTH="2412"
                          VPOS="1388"
                          HPOS="687"
                          CONTENT="hadde doch sonder iedts en te slugten oft ievers van mentie"/>
               </TextLine>
               <TextLine ID="region_1637583915441_351l13"
                         BASELINE="694,1680 813,1678 932,1678 1051,1678 1171,1678 1290,1676 1409,1676 1529,1676 1648,1676 1767,1676 1887,1676 2006,1676 2125,1677 2244,1676 2364,1676 2483,1676 2602,1676 2722,1676 2841,1676 2960,1675 3080,1674"
                         HEIGHT="195"
                         WIDTH="2418"
                         VPOS="1553"
                         HPOS="678">
                  <String ID="string_region_1637583915441_351l13"
                          HEIGHT="195"
                          WIDTH="2418"
                          VPOS="1553"
                          HPOS="678"
                          CONTENT="te maecken tot ul governo ick wensche dat ul de reyse met"/>
               </TextLine>
               <TextLine ID="region_1637583915441_351l14"
                         BASELINE="702,1806 816,1808 931,1808 1045,1808 1160,1808 1275,1806 1389,1806 1504,1806 1618,1806 1733,1804 1848,1804 1962,1804 2077,1802 2191,1802 2306,1802 2421,1802 2535,1804 2650,1804 2764,1806 2879,1808 2994,1812"
                         HEIGHT="159"
                         WIDTH="2326"
                         VPOS="1672"
                         HPOS="685">
                  <String ID="string_region_1637583915441_351l14"
                          HEIGHT="159"
                          WIDTH="2326"
                          VPOS="1672"
                          HPOS="685"
                          CONTENT="plaisier en contentement moght volbrenghen en in"/>
               </TextLine>
               <TextLine ID="region_1637583915441_351l15"
                         BASELINE="694,1946 779,1941 864,1938 949,1935 1034,1932 1119,1932 1204,1932 1289,1932 1374,1932 1459,1932 1544,1934 1629,1934 1714,1935 1799,1936 1884,1936 1969,1936 2054,1936 2139,1934 2224,1933 2309,1931 2394,1926"
                         HEIGHT="196"
                         WIDTH="1733"
                         VPOS="1823"
                         HPOS="678">
                  <String ID="string_region_1637583915441_351l15"
                          HEIGHT="196"
                          WIDTH="1733"
                          VPOS="1823"
                          HPOS="678"
                          CONTENT="goede gheson tijdt reverteeren die blijve"/>
               </TextLine>
               <TextLine ID="region_1637583915441_351l16"
                         BASELINE="488,2118 540,2111 593,2105 646,2101 699,2098 752,2096 804,2094 857,2094 910,2096 963,2098 1016,2100 1068,2102 1121,2104 1174,2107 1227,2110 1280,2112 1332,2114 1385,2116 1438,2116 1491,2116 1544,2116"
                         HEIGHT="252"
                         WIDTH="1087"
                         VPOS="1942"
                         HPOS="473">
                  <String ID="string_region_1637583915441_351l16"
                          HEIGHT="252"
                          WIDTH="1087"
                          VPOS="1942"
                          HPOS="473"
                          CONTENT="Ghendt Jancob Baut"/>
               </TextLine>
               <TextLine ID="region_1637583915441_351l17"
                         BASELINE="2206,2140 2242,2135 2279,2132 2316,2126 2353,2124 2390,2122 2426,2122 2463,2120 2500,2120 2537,2120 2574,2120 2610,2120 2647,2120 2684,2120 2721,2118 2758,2118 2794,2117 2831,2116 2868,2114 2905,2110 2942,2106"
                         HEIGHT="241"
                         WIDTH="772"
                         VPOS="1960"
                         HPOS="2188">
                  <String ID="string_region_1637583915441_351l17"
                          HEIGHT="241"
                          WIDTH="772"
                          VPOS="1960"
                          HPOS="2188"
                          CONTENT="Adij 20 Ditto 1707"/>
               </TextLine>
               <TextLine ID="region_1637583915441_351l18"
                         BASELINE="676,2290 793,2288 911,2287 1028,2286 1146,2284 1264,2283 1381,2282 1499,2280 1616,2280 1734,2280 1852,2278 1969,2278 2087,2280 2204,2280 2322,2282 2440,2283 2557,2286 2675,2288 2792,2293 2910,2296 3028,2302"
                         HEIGHT="220"
                         WIDTH="2384"
                         VPOS="2126"
                         HPOS="660">
                  <String ID="string_region_1637583915441_351l18"
                          HEIGHT="220"
                          WIDTH="2384"
                          VPOS="2126"
                          HPOS="660"
                          CONTENT="ick en twijffele niet oft mijnen laesten van 12 court sal ul"/>
               </TextLine>
               <TextLine ID="region_1637583915441_351l19"
                         BASELINE="686,2410 801,2408 917,2406 1033,2405 1149,2404 1265,2402 1381,2402 1497,2402 1613,2400 1729,2400 1845,2400 1960,2400 2076,2400 2192,2402 2308,2402 2424,2402 2540,2404 2656,2405 2772,2406 2888,2408 3004,2410"
                         HEIGHT="175"
                         WIDTH="2351"
                         VPOS="2269"
                         HPOS="670">
                  <String ID="string_region_1637583915441_351l19"
                          HEIGHT="175"
                          WIDTH="2351"
                          VPOS="2269"
                          HPOS="670"
                          CONTENT="sijn gheworden daer sijn eenighe vrienden van hier naer"/>
               </TextLine>
               <TextLine ID="region_1637583915441_351l20"
                         BASELINE="690,2544 807,2542 924,2540 1042,2540 1159,2540 1277,2538 1394,2538 1511,2538 1629,2538 1746,2538 1864,2538 1981,2538 2098,2538 2216,2538 2333,2538 2451,2536 2568,2536 2685,2536 2803,2534 2920,2532 3038,2530"
                         HEIGHT="143"
                         WIDTH="2377"
                         VPOS="2435"
                         HPOS="675">
                  <String ID="string_region_1637583915441_351l20"
                          HEIGHT="143"
                          WIDTH="2377"
                          VPOS="2435"
                          HPOS="675"
                          CONTENT="costij vertrocken die gheerne eens sauden enspectie nemen"/>
               </TextLine>
               <TextLine ID="region_1637583915441_351l21"
                         BASELINE="686,2666 799,2660 913,2658 1027,2656 1141,2656 1255,2656 1369,2658 1483,2662 1597,2664 1711,2668 1825,2670 1938,2674 2052,2676 2166,2678 2280,2678 2394,2678 2508,2677 2622,2673 2736,2668 2850,2661 2964,2652"
                         HEIGHT="190"
                         WIDTH="2311"
                         VPOS="2541"
                         HPOS="670">
                  <String ID="string_region_1637583915441_351l21"
                          HEIGHT="190"
                          WIDTH="2311"
                          VPOS="2541"
                          HPOS="670"
                          CONTENT="van het ghene passeert inden Boedel van Reynierde"/>
               </TextLine>
               <TextLine ID="region_1637583915441_351l22"
                         BASELINE="692,2802 803,2798 915,2796 1027,2796 1138,2794 1250,2796 1362,2796 1473,2798 1585,2800 1697,2802 1809,2804 1920,2808 2032,2810 2144,2812 2255,2812 2367,2814 2479,2814 2590,2812 2702,2810 2814,2807 2926,2802"
                         HEIGHT="167"
                         WIDTH="2267"
                         VPOS="2691"
                         HPOS="677">
                  <String ID="string_region_1637583915441_351l22"
                          HEIGHT="167"
                          WIDTH="2267"
                          VPOS="2691"
                          HPOS="677"
                          CONTENT="Buck en sullen naer alle apparentie de libertijdt"/>
               </TextLine>
               <TextLine ID="region_1637583915441_351l23"
                         BASELINE="708,2948 827,2944 946,2940 1066,2938 1185,2936 1305,2936 1424,2934 1543,2936 1663,2936 1782,2938 1902,2939 2021,2940 2140,2942 2260,2945 2379,2948 2499,2950 2618,2952 2737,2955 2857,2957 2976,2959 3096,2960"
                         HEIGHT="187"
                         WIDTH="2422"
                         VPOS="2805"
                         HPOS="691">
                  <String ID="string_region_1637583915441_351l23"
                          HEIGHT="187"
                          WIDTH="2422"
                          VPOS="2805"
                          HPOS="691"
                          CONTENT="ghebruycken van bij ul. eens naer te gaen door dien her"/>
               </TextLine>
               <TextLine ID="region_1637583915441_351l24"
                         BASELINE="654,3094 773,3088 893,3082 1013,3078 1133,3076 1253,3076 1373,3076 1493,3076 1613,3078 1733,3080 1853,3083 1972,3086 2092,3088 2212,3092 2332,3094 2452,3096 2572,3096 2692,3096 2812,3094 2932,3092 3052,3088"
                         HEIGHT="195"
                         WIDTH="2432"
                         VPOS="2953"
                         HPOS="637">
                  <String ID="string_region_1637583915441_351l24"
                          HEIGHT="195"
                          WIDTH="2432"
                          VPOS="2953"
                          HPOS="637"
                          CONTENT="tbelooft hebbe ul. het selve te sullen schrijven soo"/>
               </TextLine>
               <TextLine ID="region_1637583915441_351l25"
                         BASELINE="686,3234 802,3232 919,3228 1036,3226 1153,3226 1270,3226 1387,3226 1504,3226 1621,3228 1738,3228 1855,3230 1971,3233 2088,3235 2205,3238 2322,3240 2439,3242 2556,3244 2673,3246 2790,3248 2907,3248 3024,3250"
                         HEIGHT="199"
                         WIDTH="2372"
                         VPOS="3104"
                         HPOS="670">
                  <String ID="string_region_1637583915441_351l25"
                          HEIGHT="199"
                          WIDTH="2372"
                          VPOS="3104"
                          HPOS="670"
                          CONTENT="versoecke  dat ul. aen hun indien ghevalle eens "/>
               </TextLine>
               <TextLine ID="region_1637583915441_351l26"
                         BASELINE="682,3376 800,3370 919,3366 1037,3363 1156,3360 1274,3360 1393,3362 1511,3363 1630,3366 1748,3369 1867,3372 1985,3377 2104,3380 2222,3384 2341,3389 2459,3392 2578,3396 2696,3398 2815,3400 2933,3402 3052,3402"
                         HEIGHT="215"
                         WIDTH="2406"
                         VPOS="3243"
                         HPOS="664">
                  <String ID="string_region_1637583915441_351l26"
                          HEIGHT="215"
                          WIDTH="2406"
                          VPOS="3243"
                          HPOS="664"
                          CONTENT="ghelieft sijn opinie en advies te gienen hier is dr de "/>
               </TextLine>
               <TextLine ID="region_1637583915441_351l27"
                         BASELINE="670,3532 790,3522 910,3516 1030,3510 1151,3508 1271,3506 1391,3506 1512,3506 1632,3508 1752,3511 1873,3514 1993,3518 2113,3522 2233,3526 2354,3530 2474,3534 2594,3538 2715,3540 2835,3542 2955,3544 3076,3544"
                         HEIGHT="215"
                         WIDTH="2439"
                         VPOS="3375"
                         HPOS="655">
                  <String ID="string_region_1637583915441_351l27"
                          HEIGHT="215"
                          WIDTH="2439"
                          VPOS="3375"
                          HPOS="655"
                          CONTENT="meerderijdt van crediteuren gheresolveert gheen goede"/>
               </TextLine>
               <TextLine ID="region_1637583915441_351l28"
                         BASELINE="638,3672 758,3661 879,3652 999,3644 1120,3639 1241,3636 1361,3634 1482,3634 1602,3634 1723,3636 1844,3640 1964,3644 2085,3648 2205,3653 2326,3659 2447,3664 2567,3670 2688,3676 2808,3680 2929,3686 3050,3690"
                         HEIGHT="203"
                         WIDTH="2445"
                         VPOS="3518"
                         HPOS="621">
                  <String ID="string_region_1637583915441_351l28"
                          HEIGHT="203"
                          WIDTH="2445"
                          VPOS="3518"
                          HPOS="621"
                          CONTENT="ven meer oyt den bergh te lossen den winckel met "/>
               </TextLine>
               <TextLine ID="region_1637583915441_351l29"
                         BASELINE="678,3798 798,3793 918,3789 1038,3786 1158,3782 1279,3780 1399,3780 1519,3780 1639,3780 1759,3782 1880,3784 2000,3786 2120,3788 2240,3792 2360,3796 2481,3800 2601,3806 2721,3810 2841,3814 2961,3820 3082,3826"
                         HEIGHT="191"
                         WIDTH="2439"
                         VPOS="3675"
                         HPOS="661">
                  <String ID="string_region_1637583915441_351l29"
                          HEIGHT="191"
                          WIDTH="2439"
                          VPOS="3675"
                          HPOS="661"
                          CONTENT="het beginnen van een publieke venditie te slutten ende"/>
               </TextLine>
               <TextLine ID="region_1637583915441_351l30"
                         BASELINE="666,3940 787,3934 908,3929 1030,3926 1151,3922 1273,3920 1394,3918 1515,3918 1637,3920 1758,3920 1880,3922 2001,3926 2122,3928 2244,3932 2365,3936 2487,3942 2608,3948 2729,3953 2851,3960 2972,3967 3094,3974"
                         HEIGHT="238"
                         WIDTH="2462"
                         VPOS="3795"
                         HPOS="650">
                  <String ID="string_region_1637583915441_351l30"
                          HEIGHT="238"
                          WIDTH="2462"
                          VPOS="3795"
                          HPOS="650"
                          CONTENT="de goederen van den selven p. eersten met den stoctkhand"/>
               </TextLine>
               <TextLine ID="region_1637583915441_351l31"
                         BASELINE="674,4064 790,4064 906,4064 1022,4064 1138,4064 1254,4064 1370,4064 1486,4064 1602,4064 1718,4064 1834,4066 1950,4067 2066,4069 2182,4072 2298,4076 2414,4080 2530,4085 2646,4092 2762,4099 2878,4109 2994,4120"
                         HEIGHT="229"
                         WIDTH="2351"
                         VPOS="3960"
                         HPOS="657">
                  <String ID="string_region_1637583915441_351l31"
                          HEIGHT="229"
                          WIDTH="2351"
                          VPOS="3960"
                          HPOS="657"
                          CONTENT="te vercoopen ende dat om een cort ejnde te connen"/>
               </TextLine>
               <TextLine ID="region_1637583915441_351l32"
                         BASELINE="668,4216 723,4214 779,4213 835,4212 890,4212 946,4212 1002,4212 1057,4214 1113,4214 1169,4215 1225,4216 1280,4216 1336,4218 1392,4218 1447,4218 1503,4218 1559,4218 1614,4218 1670,4217 1726,4216 1782,4214"
                         HEIGHT="208"
                         WIDTH="1146"
                         VPOS="4083"
                         HPOS="651">
                  <String ID="string_region_1637583915441_351l32"
                          HEIGHT="208"
                          WIDTH="1146"
                          VPOS="4083"
                          HPOS="651"
                          CONTENT="maecken ende Blijve"/>
               </TextLine>
            </TextBlock>
            <TextBlock ID="region_1637583922480_354"
                       HEIGHT="4311"
                       WIDTH="2759"
                       VPOS="13"
                       HPOS="3118">
               <Shape>
                  <Polygon POINTS="3118,13 5877,13 5877,4324 3118,4324"/>
               </Shape>
               <TextLine ID="region_1637583922480_354l1"
                         BASELINE="3130,160 3190,155 3250,150 3311,148 3371,145 3432,144 3492,142 3552,142 3613,142 3673,142 3734,142 3794,142 3854,144 3915,144 3975,144 4036,142 4096,142 4156,140 4217,136 4277,132 4338,126"
                         HEIGHT="193"
                         WIDTH="1242"
                         VPOS="41"
                         HPOS="3112">
                  <String ID="string_region_1637583922480_354l1"
                          HEIGHT="193"
                          WIDTH="1242"
                          VPOS="41"
                          HPOS="3112"
                          CONTENT="Mons nicolas Rauchin"/>
               </TextLine>
               <TextLine ID="region_1637583922480_354l2"
                         BASELINE="5012,156 5044,153 5076,150 5108,149 5140,148 5172,147 5204,146 5236,146 5268,146 5300,146 5332,148 5364,148 5396,148 5428,148 5460,148 5492,149 5524,150 5556,148 5588,148 5620,148 5652,146"
                         HEIGHT="186"
                         WIDTH="673"
                         VPOS="57"
                         HPOS="4996">
                  <String ID="string_region_1637583922480_354l2"
                          HEIGHT="186"
                          WIDTH="673"
                          VPOS="57"
                          HPOS="4996"
                          CONTENT="Adj 20 sber 1707"/>
               </TextLine>
               <TextLine ID="region_1637583922480_354l3"
                         BASELINE="3344,262 3463,262 3583,262 3702,262 3822,262 3941,262 4061,262 4180,262 4300,264 4419,266 4539,266 4658,268 4778,272 4897,274 5017,278 5136,283 5256,288 5375,294 5495,300 5614,307 5734,316"
                         HEIGHT="183"
                         WIDTH="2423"
                         VPOS="158"
                         HPOS="3327">
                  <String ID="string_region_1637583922480_354l3"
                          HEIGHT="183"
                          WIDTH="2423"
                          VPOS="158"
                          HPOS="3327"
                          CONTENT="puis que i'avois l'orcasion d'envoyer quelque marchandisse a "/>
               </TextLine>
               <TextLine ID="region_1637583922480_354l4"
                         BASELINE="3304,364 3425,362 3547,360 3669,360 3791,358 3913,358 4035,358 4157,358 4279,359 4401,360 4523,362 4644,364 4766,368 4888,372 5010,376 5132,381 5254,386 5376,392 5498,399 5620,406 5742,414"
                         HEIGHT="157"
                         WIDTH="2471"
                         VPOS="293"
                         HPOS="3287">
                  <String ID="string_region_1637583922480_354l4"
                          HEIGHT="157"
                          WIDTH="2471"
                          VPOS="293"
                          HPOS="3287"
                          CONTENT="monsr. Anthoine D'foust Isau pacte dan son ballot le draps"/>
               </TextLine>
               <TextLine ID="region_1637583922480_354l5"
                         BASELINE="3360,472 3478,467 3596,463 3714,460 3833,458 3951,458 4069,458 4188,459 4306,460 4424,462 4543,466 4661,469 4779,473 4897,478 5016,483 5134,490 5252,496 5371,503 5489,510 5607,518 5726,526"
                         HEIGHT="171"
                         WIDTH="2402"
                         VPOS="379"
                         HPOS="3342">
                  <String ID="string_region_1637583922480_354l5"
                          HEIGHT="171"
                          WIDTH="2402"
                          VPOS="379"
                          HPOS="3342"
                          CONTENT="rausne que vq m'at ordonne estant icy cest ne 458 a 27 ½"/>
               </TextLine>
               <TextLine ID="region_1637583922480_354l6"
                         BASELINE="3348,586 3468,578 3589,572 3710,567 3830,564 3951,562 4072,562 4192,564 4313,566 4434,568 4555,572 4675,578 4796,583 4917,589 5037,596 5158,602 5279,608 5399,615 5520,622 5641,629 5762,636"
                         HEIGHT="183"
                         WIDTH="2449"
                         VPOS="483"
                         HPOS="3330">
                  <String ID="string_region_1637583922480_354l6"
                          HEIGHT="183"
                          WIDTH="2449"
                          VPOS="483"
                          HPOS="3330"
                          CONTENT="payable en argent de change a 54 p ƒ 711:5 pour quelle "/>
               </TextLine>
               <TextLine ID="region_1637583922480_354l7"
                         BASELINE="3364,678 3485,671 3606,666 3727,662 3848,662 3969,662 4090,664 4211,666 4332,671 4453,676 4574,682 4695,690 4816,696 4937,704 5058,712 5179,720 5300,726 5421,734 5542,741 5663,746 5784,752"
                         HEIGHT="217"
                         WIDTH="2455"
                         VPOS="571"
                         HPOS="3347">
                  <String ID="string_region_1637583922480_354l7"
                          HEIGHT="217"
                          WIDTH="2455"
                          VPOS="571"
                          HPOS="3347"
                          CONTENT="somme il vous plaira me crediter i'espere qu'il vous "/>
               </TextLine>
               <TextLine ID="region_1637583922480_354l8"
                         BASELINE="3356,798 3477,790 3599,785 3721,782 3842,780 3964,780 4086,780 4207,782 4329,786 4451,790 4573,794 4694,801 4816,808 4938,814 5059,822 5181,831 5303,838 5424,847 5546,855 5668,863 5790,870"
                         HEIGHT="183"
                         WIDTH="2467"
                         VPOS="704"
                         HPOS="3340">
                  <String ID="string_region_1637583922480_354l8"
                          HEIGHT="183"
                          WIDTH="2467"
                          VPOS="704"
                          HPOS="3340"
                          CONTENT="pariendra bien et a vre contentement aussij que vous"/>
               </TextLine>
               <TextLine ID="region_1637583922480_354l9"
                         BASELINE="3362,908 3483,901 3604,894 3726,892 3847,890 3969,890 4090,890 4211,893 4333,897 4454,902 4576,908 4697,915 4818,922 4940,929 5061,936 5183,943 5304,950 5425,957 5547,964 5668,970 5790,974"
                         HEIGHT="211"
                         WIDTH="2462"
                         VPOS="804"
                         HPOS="3345">
                  <String ID="string_region_1637583922480_354l9"
                          HEIGHT="211"
                          WIDTH="2462"
                          VPOS="804"
                          HPOS="3345"
                          CONTENT="aurez grosse debite pr. la garnison et la cour ces t hiver"/>
               </TextLine>
               <TextLine ID="region_1637583922480_354l10"
                         BASELINE="3368,1030 3489,1022 3610,1014 3731,1009 3852,1006 3973,1004 4094,1004 4215,1004 4336,1006 4457,1010 4579,1013 4700,1018 4821,1024 4942,1031 5063,1037 5184,1044 5305,1052 5426,1060 5547,1068 5668,1076 5790,1082"
                         HEIGHT="187"
                         WIDTH="2456"
                         VPOS="922"
                         HPOS="3351">
                  <String ID="string_region_1637583922480_354l10"
                          HEIGHT="187"
                          WIDTH="2456"
                          VPOS="922"
                          HPOS="3351"
                          CONTENT="ce pourquoy siV4 a besoing de la moindre chose ie vous"/>
               </TextLine>
               <TextLine ID="region_1637583922480_354l11"
                         BASELINE="3362,1146 3433,1140 3504,1135 3575,1132 3646,1128 3718,1126 3789,1124 3860,1124 3931,1124 4002,1124 4074,1124 4145,1126 4216,1126 4287,1128 4358,1128 4430,1130 4501,1130 4572,1130 4643,1132 4714,1131 4786,1130"
                         HEIGHT="233"
                         WIDTH="1457"
                         VPOS="1005"
                         HPOS="3345">
                  <String ID="string_region_1637583922480_354l11"
                          HEIGHT="233"
                          WIDTH="1457"
                          VPOS="1005"
                          HPOS="3345"
                          CONTENT="prie me commander qui suis "/>
               </TextLine>
               <TextLine ID="region_1637583922480_354l12"
                         BASELINE="3124,1354 3196,1340 3268,1328 3340,1320 3412,1315 3484,1310 3556,1308 3628,1308 3700,1308 3772,1310 3844,1312 3916,1314 3988,1316 4060,1318 4132,1320 4204,1320 4276,1320 4348,1318 4420,1315 4492,1311 4564,1304"
                         HEIGHT="322"
                         WIDTH="1474"
                         VPOS="1125"
                         HPOS="3105">
                  <String ID="string_region_1637583922480_354l12"
                          HEIGHT="322"
                          WIDTH="1474"
                          VPOS="1125"
                          HPOS="3105"
                          CONTENT="Brussel Henriy de Paure"/>
               </TextLine>
               <TextLine ID="region_1637583922480_354l13"
                         BASELINE="5032,1398 5070,1392 5108,1389 5146,1386 5184,1384 5222,1382 5260,1382 5298,1380 5336,1380 5374,1382 5412,1382 5450,1382 5488,1384 5526,1384 5564,1386 5602,1386 5640,1386 5678,1386 5716,1386 5754,1386 5792,1384"
                         HEIGHT="201"
                         WIDTH="794"
                         VPOS="1240"
                         HPOS="5015">
                  <String ID="string_region_1637583922480_354l13"
                          HEIGHT="201"
                          WIDTH="794"
                          VPOS="1240"
                          HPOS="5015"
                          CONTENT="Adij 20 Ditto 1707"/>
               </TextLine>
               <TextLine ID="region_1637583922480_354l14"
                         BASELINE="3380,1514 3500,1510 3620,1508 3740,1508 3860,1508 3981,1508 4101,1512 4221,1514 4341,1518 4461,1522 4582,1528 4702,1532 4822,1538 4942,1544 5062,1550 5183,1555 5303,1560 5423,1566 5543,1570 5663,1576 5784,1578"
                         HEIGHT="300"
                         WIDTH="2439"
                         VPOS="1320"
                         HPOS="3363">
                  <String ID="string_region_1637583922480_354l14"
                          HEIGHT="300"
                          WIDTH="2439"
                          VPOS="1320"
                          HPOS="3363"
                          CONTENT="desen tot advies dat u.l. op ghisteren met het beurtschip"/>
               </TextLine>
               <TextLine ID="region_1637583922480_354l15"
                         BASELINE="3362,1638 3484,1632 3606,1628 3728,1626 3850,1626 3972,1626 4094,1628 4216,1632 4338,1636 4460,1640 4582,1646 4704,1652 4826,1658 4948,1664 5070,1669 5192,1676 5314,1681 5436,1686 5558,1690 5680,1693 5802,1696"
                         HEIGHT="184"
                         WIDTH="2467"
                         VPOS="1573"
                         HPOS="3347">
                  <String ID="string_region_1637583922480_354l15"
                          HEIGHT="184"
                          WIDTH="2467"
                          VPOS="1573"
                          HPOS="3347"
                          CONTENT="hebbe alordinaer toeghesonden een volle ghemerckt"/>
               </TextLine>
               <TextLine ID="region_1637583922480_354l16"
                         BASELINE="3338,1754 3461,1747 3584,1740 3708,1738 3831,1738 3955,1738 4078,1740 4201,1744 4325,1748 4448,1753 4572,1759 4695,1765 4818,1771 4942,1777 5065,1782 5189,1788 5312,1792 5435,1796 5559,1798 5682,1798 5806,1796"
                         HEIGHT="179"
                         WIDTH="2499"
                         VPOS="1641"
                         HPOS="3323">
                  <String ID="string_region_1637583922480_354l16"
                          HEIGHT="179"
                          WIDTH="2499"
                          VPOS="1641"
                          HPOS="3323"
                          CONTENT="A.D. voor recken van mons. AnthoineD Aoust tot"/>
               </TextLine>
               <TextLine ID="region_1637583922480_354l17"
                         BASELINE="3380,1884 3501,1871 3623,1862 3744,1856 3866,1852 3987,1850 4109,1852 4230,1855 4352,1860 4473,1866 4595,1872 4716,1879 4838,1887 4959,1894 5081,1902 5202,1909 5324,1915 5445,1920 5567,1922 5688,1922 5810,1922"
                         HEIGHT="185"
                         WIDTH="2462"
                         VPOS="1776"
                         HPOS="3364">
                  <String ID="string_region_1637583922480_354l17"
                          HEIGHT="185"
                          WIDTH="2462"
                          VPOS="1776"
                          HPOS="3364"
                          CONTENT="Berghen die hem ghelieft soo haest moghelijck toete"/>
               </TextLine>
               <TextLine ID="region_1637583922480_354l18"
                         BASELINE="3366,1988 3488,1983 3610,1978 3732,1976 3854,1974 3976,1974 4098,1976 4220,1978 4342,1982 4464,1986 4586,1990 4708,1995 4830,2000 4952,2006 5074,2012 5196,2016 5318,2022 5440,2026 5562,2031 5684,2034 5806,2038"
                         HEIGHT="198"
                         WIDTH="2476"
                         VPOS="1867"
                         HPOS="3347">
                  <String ID="string_region_1637583922480_354l18"
                          HEIGHT="198"
                          WIDTH="2476"
                          VPOS="1867"
                          HPOS="3347"
                          CONTENT="senden want hij daer bij verleghen is hem en mij sal"/>
               </TextLine>
               <TextLine ID="region_1637583922480_354l19"
                         BASELINE="3362,2108 3484,2104 3606,2100 3728,2100 3850,2100 3973,2100 4095,2102 4217,2105 4339,2108 4461,2112 4584,2118 4706,2122 4828,2126 4950,2131 5072,2134 5195,2138 5317,2140 5439,2142 5561,2144 5683,2142 5806,2140"
                         HEIGHT="185"
                         WIDTH="2475"
                         VPOS="2034"
                         HPOS="3345">
                  <String ID="string_region_1637583922480_354l19"
                          HEIGHT="185"
                          WIDTH="2475"
                          VPOS="2034"
                          HPOS="3345"
                          CONTENT="vriendt schap gheschieden en soo naer groetenisse blijve"/>
               </TextLine>
               <TextLine ID="region_1637583922480_354l20"
                         BASELINE="3170,2290 3251,2282 3333,2276 3415,2269 3496,2266 3578,2263 3660,2260 3741,2260 3823,2260 3905,2260 3987,2260 4068,2261 4150,2262 4232,2264 4313,2264 4395,2266 4477,2266 4558,2266 4640,2266 4722,2266 4804,2264"
                         HEIGHT="286"
                         WIDTH="1664"
                         VPOS="2087"
                         HPOS="3155">
                  <String ID="string_region_1637583922480_354l20"
                          HEIGHT="286"
                          WIDTH="1664"
                          VPOS="2087"
                          HPOS="3155"
                          CONTENT="Brussel Bernard van de CCooster"/>
               </TextLine>
               <TextLine ID="region_1637583922480_354l21"
                         BASELINE="5144,2306 5173,2303 5202,2300 5231,2297 5260,2296 5289,2294 5318,2293 5347,2292 5376,2292 5405,2292 5435,2292 5464,2290 5493,2290 5522,2290 5551,2290 5580,2290 5609,2288 5638,2288 5667,2285 5696,2283 5726,2282"
                         HEIGHT="184"
                         WIDTH="616"
                         VPOS="2168"
                         HPOS="5126">
                  <String ID="string_region_1637583922480_354l21"
                          HEIGHT="184"
                          WIDTH="616"
                          VPOS="2168"
                          HPOS="5126"
                          CONTENT="Adij 20 ditto"/>
               </TextLine>
               <TextLine ID="region_1637583922480_354l22"
                         BASELINE="3364,2422 3485,2422 3607,2422 3729,2420 3851,2420 3973,2420 4094,2420 4216,2422 4338,2422 4460,2422 4582,2422 4703,2422 4825,2424 4947,2424 5069,2424 5191,2426 5312,2426 5434,2428 5556,2428 5678,2430 5800,2430"
                         HEIGHT="218"
                         WIDTH="2466"
                         VPOS="2254"
                         HPOS="3349">
                  <String ID="string_region_1637583922480_354l22"
                          HEIGHT="218"
                          WIDTH="2466"
                          VPOS="2254"
                          HPOS="3349"
                          CONTENT="verhoepe ul. goedt retour het is mij leedt dat ul. dese rijsse"/>
               </TextLine>
               <TextLine ID="region_1637583922480_354l23"
                         BASELINE="3370,2542 3489,2537 3608,2534 3727,2532 3846,2530 3965,2530 4084,2530 4203,2530 4322,2532 4441,2532 4560,2534 4679,2536 4798,2536 4917,2538 5036,2538 5155,2538 5274,2540 5393,2538 5512,2538 5631,2536 5750,2534"
                         HEIGHT="135"
                         WIDTH="2412"
                         VPOS="2461"
                         HPOS="3355">
                  <String ID="string_region_1637583922480_354l23"
                          HEIGHT="135"
                          WIDTH="2412"
                          VPOS="2461"
                          HPOS="3355"
                          CONTENT="noederom nivers in en hebbe connen dienen voor het "/>
               </TextLine>
               <TextLine ID="region_1637583922480_354l24"
                         BASELINE="3376,2648 3487,2644 3599,2642 3711,2639 3823,2638 3935,2636 4047,2636 4159,2634 4271,2634 4383,2634 4495,2634 4606,2636 4718,2636 4830,2636 4942,2638 5054,2638 5166,2638 5278,2640 5390,2640 5502,2640 5614,2640"
                         HEIGHT="154"
                         WIDTH="2269"
                         VPOS="2557"
                         HPOS="3360">
                  <String ID="string_region_1637583922480_354l24"
                          HEIGHT="154"
                          WIDTH="2269"
                          VPOS="2557"
                          HPOS="3360"
                          CONTENT="toe commende recommandere mijn selven aen l"/>
               </TextLine>
               <TextLine ID="region_1637583922480_354l25"
                         BASELINE="3344,2772 3462,2765 3581,2760 3699,2756 3818,2752 3937,2750 4055,2748 4174,2746 4292,2746 4411,2746 4530,2746 4648,2748 4767,2748 4885,2750 5004,2752 5123,2754 5241,2757 5360,2760 5478,2762 5597,2764 5716,2766"
                         HEIGHT="139"
                         WIDTH="2403"
                         VPOS="2676"
                         HPOS="3329">
                  <String ID="string_region_1637583922480_354l25"
                          HEIGHT="139"
                          WIDTH="2403"
                          VPOS="2676"
                          HPOS="3329"
                          CONTENT="andermael ul. magh seeeker weesen dat ick ul. soo"/>
               </TextLine>
               <TextLine ID="region_1637583922480_354l26"
                         BASELINE="3366,2886 3485,2882 3604,2878 3723,2876 3843,2875 3962,2874 4081,2874 4201,2874 4320,2874 4439,2874 4559,2876 4678,2876 4797,2878 4916,2878 5036,2878 5155,2880 5274,2880 5394,2880 5513,2878 5632,2878 5752,2876"
                         HEIGHT="111"
                         WIDTH="2418"
                         VPOS="2793"
                         HPOS="3350">
                  <String ID="string_region_1637583922480_354l26"
                          HEIGHT="111"
                          WIDTH="2418"
                          VPOS="2793"
                          HPOS="3350"
                          CONTENT="greden coop in alles sal bedienen als ul. bij iemandt"/>
               </TextLine>
               <TextLine ID="region_1637583922480_354l27"
                         BASELINE="3338,3010 3460,3006 3582,3002 3705,2999 3827,2996 3950,2994 4072,2992 4194,2992 4317,2992 4439,2992 4562,2992 4684,2992 4806,2994 4929,2994 5051,2996 5174,2998 5296,3000 5418,3000 5541,3002 5663,3004 5786,3006"
                         HEIGHT="168"
                         WIDTH="2482"
                         VPOS="2880"
                         HPOS="3321">
                  <String ID="string_region_1637583922480_354l27"
                          HEIGHT="168"
                          WIDTH="2482"
                          VPOS="2880"
                          HPOS="3321"
                          CONTENT="oiydt sal connen te recht coemen ende dat ul de beste"/>
               </TextLine>
               <TextLine ID="region_1637583922480_354l28"
                         BASELINE="3350,3124 3467,3120 3584,3118 3702,3116 3819,3114 3937,3112 4054,3112 4171,3112 4289,3112 4406,3112 4524,3112 4641,3112 4758,3114 4876,3114 4993,3115 5111,3116 5228,3116 5345,3116 5463,3118 5580,3118 5698,3118"
                         HEIGHT="137"
                         WIDTH="2377"
                         VPOS="3009"
                         HPOS="3335">
                  <String ID="string_region_1637583922480_354l28"
                          HEIGHT="137"
                          WIDTH="2377"
                          VPOS="3009"
                          HPOS="3335"
                          CONTENT="conditie van de weerelt sal gheven en daerom bidde"/>
               </TextLine>
               <TextLine ID="region_1637583922480_354l29"
                         BASELINE="3338,3248 3460,3245 3582,3242 3704,3238 3827,3236 3949,3234 4071,3232 4194,3230 4316,3228 4438,3228 4561,3226 4683,3226 4805,3226 4927,3228 5050,3228 5172,3230 5294,3232 5417,3235 5539,3238 5661,3242 5784,3248"
                         HEIGHT="172"
                         WIDTH="2479"
                         VPOS="3153"
                         HPOS="3322">
                  <String ID="string_region_1637583922480_354l29"
                          HEIGHT="172"
                          WIDTH="2479"
                          VPOS="3153"
                          HPOS="3322"
                          CONTENT="mij niet voorbj te gaen in het toecommende sal mij"/>
               </TextLine>
               <TextLine ID="region_1637583922480_354l30"
                         BASELINE="3364,3388 3482,3384 3600,3380 3718,3375 3836,3371 3955,3368 4073,3364 4191,3360 4309,3358 4427,3356 4546,3352 4664,3352 4782,3350 4900,3348 5018,3348 5137,3348 5255,3348 5373,3348 5491,3350 5609,3352 5728,3354"
                         HEIGHT="165"
                         WIDTH="2396"
                         VPOS="3255"
                         HPOS="3346">
                  <String ID="string_region_1637583922480_354l30"
                          HEIGHT="165"
                          WIDTH="2396"
                          VPOS="3255"
                          HPOS="3346"
                          CONTENT="van alderhande sortiment van goederen voorsien"/>
               </TextLine>
               <TextLine ID="region_1637583922480_354l31"
                         BASELINE="3352,3516 3475,3510 3599,3504 3723,3500 3846,3494 3970,3490 4094,3486 4217,3484 4341,3480 4465,3478 4589,3476 4712,3474 4836,3474 4960,3474 5083,3474 5207,3475 5331,3476 5454,3479 5578,3482 5702,3486 5826,3490"
                         HEIGHT="181"
                         WIDTH="2508"
                         VPOS="3349"
                         HPOS="3334">
                  <String ID="string_region_1637583922480_354l31"
                          HEIGHT="181"
                          WIDTH="2508"
                          VPOS="3349"
                          HPOS="3334"
                          CONTENT="oock keijdse carmosjne swerte blauwe en drap de dames"/>
               </TextLine>
               <TextLine ID="region_1637583922480_354l32"
                         BASELINE="3364,3624 3484,3619 3604,3615 3724,3612 3844,3608 3964,3606 4084,3604 4204,3602 4324,3602 4444,3602 4565,3602 4685,3602 4805,3602 4925,3604 5045,3604 5165,3606 5285,3608 5405,3610 5525,3611 5645,3612 5766,3614"
                         HEIGHT="167"
                         WIDTH="2434"
                         VPOS="3486"
                         HPOS="3349">
                  <String ID="string_region_1637583922480_354l32"
                          HEIGHT="167"
                          WIDTH="2434"
                          VPOS="3486"
                          HPOS="3349"
                          CONTENT="als ul. mondelinckx ghesendt hebbe medts het ul. soo"/>
               </TextLine>
               <TextLine ID="region_1637583922480_354l33"
                         BASELINE="3346,3756 3470,3752 3594,3749 3718,3746 3842,3743 3967,3740 4091,3738 4215,3736 4339,3736 4463,3734 4588,3734 4712,3734 4836,3734 4960,3734 5084,3734 5209,3734 5333,3734 5457,3734 5581,3736 5705,3736 5830,3738"
                         HEIGHT="206"
                         WIDTH="2514"
                         VPOS="3614"
                         HPOS="3331">
                  <String ID="string_region_1637583922480_354l33"
                          HEIGHT="206"
                          WIDTH="2514"
                          VPOS="3614"
                          HPOS="3331"
                          CONTENT="belieft heeft soo hebbe heden op sicht op ul. ghetrocken"/>
               </TextLine>
               <TextLine ID="region_1637583922480_354l34"
                         BASELINE="3344,3890 3467,3884 3591,3878 3714,3874 3838,3870 3962,3868 4085,3866 4209,3864 4332,3864 4456,3864 4580,3864 4703,3864 4827,3866 4950,3866 5074,3868 5198,3868 5321,3870 5445,3870 5568,3870 5692,3870 5816,3870"
                         HEIGHT="163"
                         WIDTH="2505"
                         VPOS="3735"
                         HPOS="3327">
                  <String ID="string_region_1637583922480_354l34"
                          HEIGHT="163"
                          WIDTH="2505"
                          VPOS="3735"
                          HPOS="3327"
                          CONTENT="in brief te betaelen aen d'ordre van Dhr. theodon"/>
               </TextLine>
               <TextLine ID="region_1637583922480_354l35"
                         BASELINE="3358,4016 3479,4010 3600,4006 3721,4003 3842,4002 3963,4002 4084,4002 4205,4002 4326,4004 4447,4006 4569,4008 4690,4010 4811,4012 4932,4014 5053,4014 5174,4016 5295,4016 5416,4014 5537,4012 5658,4009 5780,4004"
                         HEIGHT="242"
                         WIDTH="2454"
                         VPOS="3874"
                         HPOS="3342">
                  <String ID="string_region_1637583922480_354l35"
                          HEIGHT="242"
                          WIDTH="2454"
                          VPOS="3874"
                          HPOS="3342"
                          CONTENT="Broeckmans £97:18:7 wisselghelde die ghelieft te"/>
               </TextLine>
               <TextLine ID="region_1637583922480_354l36"
                         BASELINE="3354,4144 3471,4142 3589,4142 3706,4142 3824,4142 3941,4144 4059,4146 4176,4148 4294,4151 4411,4154 4529,4156 4646,4158 4764,4160 4881,4162 4999,4164 5116,4164 5234,4164 5351,4164 5469,4162 5586,4160 5704,4156"
                         HEIGHT="205"
                         WIDTH="2381"
                         VPOS="4016"
                         HPOS="3339">
                  <String ID="string_region_1637583922480_354l36"
                          HEIGHT="205"
                          WIDTH="2381"
                          VPOS="4016"
                          HPOS="3339"
                          CONTENT="verkeeren dienende desen tot advies en naer"/>
               </TextLine>
               <TextLine ID="region_1637583922480_354l37"
                         BASELINE="3372,4288 3441,4284 3511,4284 3580,4282 3650,4282 3719,4282 3789,4280 3858,4282 3928,4282 3997,4282 4067,4282 4136,4282 4206,4282 4275,4282 4345,4282 4414,4280 4484,4280 4553,4278 4623,4275 4692,4272 4762,4268"
                         HEIGHT="183"
                         WIDTH="1423"
                         VPOS="4158"
                         HPOS="3355">
                  <String ID="string_region_1637583922480_354l37"
                          HEIGHT="183"
                          WIDTH="1423"
                          VPOS="4158"
                          HPOS="3355"
                          CONTENT="groeten isse soo Blijve"/>
               </TextLine>
            </TextBlock>
         </PrintSpace>
      </Page>
   </Layout>
</alto>
