6225 4452
2149 60 1013 181 Ady 14 Augis 1700

681 71 984 189 Luds Jaus Bbettson

869 139 2296 239 verhoepe mijnen van 12 deser ue wel sal sijn, eworden

898 299 2165 167 ingeslooten bij provisie remite van  £100:-

850 413 2297 173 op Pierre lancke in London waer voor gelieft

867 503 2285 206 het noodigh te besorghen. pr. naesten breeder en

869 691 563 163 blijve

1895 778 492 144 „6 augusty

739 778 860 213 Aent J:B: de saedelaer

900 796 2282 250 verhoepe den mignen van 7 court ue wel is geoorden inge

898 938 2165 161 vage denselve soo sende ue op morgen met de waegens 2

897 992 2337 192 stucken superfijne 3600 swerte laeckens in een paxke gerekt

893 1112 2181 178 I8 8 dat godt gelieve te bewaerenen aen ue wel laeten her

1776 1249 127 62 over

874 1247 2340 156 henm comen gelieft mij op morgen avids p boede te geven oft de

896 1321 2300 148 wel gearriveert wesen met dese tijde is het seer perijckeleur goedee

908 1410 2300 147 te vaderden ende om dat de partije van alle goederen contrabeern

890 1497 2206 158 maecke soo en derve daer geen blouwe by voegen dat echtee

888 1565 2174 234 p naeste occasie doen sal en twijffele niet oft ue sal doee

876 1677 2154 164 26 venoopen en aenstonts aenden man connen bengen

893 1715 2275 244 want het is het alderschomste goet dattes cangevonden worde

884 1837 2280 194 en seer goeden coop versoecke a lsp mie voordaende den fr

880 1911 2278 259 soo bot mogel y t te bedengen want en aenceretijt men geest

871 2056 2344 171 naer aenden intrest toe alsmen op de goederen can proffitere

895 2174 1558 174 en naer cordiaele groetenesst soo blijve

871 2276 2345 179 N21 super fijn sweck drapdhomne  5 s tevercoopen a 15

885 2401 946 108 N32 seasper fijn 3600

2086 2401 1089 151 a 50 N. C het aldaemens te

742 2425 741 160 Londen livines de dorpre

1958 2450 467 147 17 augusty

882 2559 2352 127 ue aengenaeme van 26 past hebbe wel ontfange ben ue dancka voor de the

890 2606 2355 139 I matie wegens den botende vrint hebbe mijn schoen moeder daer paek van gejen

890 2677 2270 135 wat aen gaet den wissels daer ue van melt onder ul berastende die heef mij n

890 2776 2324 110 schoen moeder voorrs in hollant tsijnen tijden doen intrecken enue aen ham

905 2833 2273 116 vrinden daer kerisse vangegeven siin  de geordonner de £ 200 mil

888 2931 2349 116 heeft getrocke heu blijf de wisselp costij noch al evoren vsos 33:8 en

887 3026 2321 106 de notitie op amterdam 33:6 soo soude wel spricalatie maecken wan de

901 3055 2255 161 extraordinaire cours van hier op entenden en can maer alle schyp

903 3196 2336 115 gen stant houde en misschien op 2 maende noch wel goederee son

889 3267 2342 113 geven soo dat op mij geleeft te trecken bj provisie de voors £200 sterliy

891 3302 2305 123 in amsterdam te betaelen op dobbet usos ende naer ue spiccelate

887 3398 2352 141 den bester cours mogelijck waer nemen het welck sal afwachten verhoep

884 3486 2333 87 de u onder de N 33:6 noch wel sal ten rechten comen de volcheste

878 3572 2364 122 baeyen die ue notert sA 13 ¼ sullen naer alle schijn op haeren vone

1041 3663 154 56 nt cot

897 3655 2308 135 pys comen alswonner ue wel 50 p voorijne k magh incooper

880 3727 2364 139 doch van de goede soorte en qualiter want gemijn sorte en is me niet

900 3812 2271 130 dienstigh het is mij aengenaer dat ue mijn ordre voor de resterende

895 3874 2340 169 spaensote laeckens hadde volraght ende dat de selve stonde op gepack

894 3972 2342 120 en af te scheper verhoope de staeken en facture neven het con ner et

886 4071 2333 92 mi tijdelyet sullen ter hant coome ende dat ue den rescee wot sal hebbe

900 4115 2337 148 verdeelt in differente schepen Gods verleene het convoj salvo balact

904 4183 2289 112 arniveren andire vn den seggen mij advies te hebbe het selve seyl nieder

901 4277 2296 106 was en p eerste goede wint stont te vertrecke groete ue en bls

3286 64 1215 186 Londen med. vanden Bostehe

4757 72 962 169 Ady 13 Augur: 1709

3398 171 2371 213 en twijfele niet oft mijnen laesten van 27 junii sal ue

3409 323 2278 161 well en tijdelijck sijn behandight doch ben verwondert

3406 405 2193 177 sedert van ue ed. geen antwoort hebbe begoemen

3392 560 2402 144 nochte de quittanntie van de betallde st £50 aen capt

3404 688 2352 132 Rosse oock dat ue de selfde somme in mij niet heeft

3403 771 2318 193 getrocken met ue provisie soo als versocht hadde

3419 859 2215 204 want en can aen mijne vrinden daer niets van

3392 985 2471 196 adviseeren oft in rekene brengen. hebbe wel geconside=

3406 1113 2464 164 reest ingevolge ue gesondene facture met ue aengenaeme

3413 1245 2380 195 van 17 junis van de packen vier gearriveerde cottons

3323 1399 2399 156 die op de welsche maete gecoght wesen maer ue

3387 1471 2201 206 gelieve oock daer by eens te considereeren die

3410 1595 2436 180 on costen ende het is soo het wil die een sijn van de

3396 1770 2437 164 qualiteydt niet alt dh ie man laliger mij over eenige

3380 1846 2287 199 jaeren heeft gesonden oock en connen mij die

3310 1965 2397 198 geen rekent uyteven als p mijnen laesten hebbe

3389 2110 2457 210 geadviseert soo dat seer satisfast bete ende vergekoeght

3339 2252 2360 177 geen woorders meer te hebben want op die prijs ende

3304 2329 2536 205 die qualiteydt en ister geen advance aen u te vinden

3397 2456 2497 175 andere vrinden segghen mij advies te hebben dat

3389 2574 2503 165 de colchester bayen nu wesen tot 13½ groosen die

3375 2676 2494 221 sullen buyten twijfel haeft op hun voorige mert coemen

3367 2820 2482 160 al wanneer versoeke eytt intrest gelieft dien aengaende

3364 2938 2341 176 waer te nemen en in te coopen tot de somme

3361 3014 2297 209 als bij ue ede te goet hebbe want mits den orede

3372 3169 2418 146 geen voorttganck heeft op welcke speculattie een

3324 3274 2367 183 partijken haddes geordonneert lot en soeke my

3320 3400 2213 156 niet te belastens afwaghtende deere van ue

3347 3495 1033 143 antwoort soo blijve

4654 3542 398 179 28 aoisl

3295 3568 1072 162 Londen Jchauwen en stosdaalen

3367 3687 2453 175 de vs ay escript le 14 du court p oetende avec remises suromes couvreur santinu

3365 3756 2503 180 et seignons payable le premier sber de £1000 a 58  £241:13:4 estant se conde

3367 3810 2507 206 lettre et la preomiere acceptee entre les mains du  qio mendes da costaacos

3377 3874 2480 183 esperant que cette la mienne vs parviendra bien fauti ill vs plaux avoir soing en

3361 3951 2509 157 son temps pr en procuser le spayement vr la premiere lettre e je n'ay point de

3375 4007 2495 152 turce pr vs l'envoyer lon advis dhollande q la flotte de londrey seroit bien avries

3360 4076 2508 169 jespere q les vaisseaux dont je suis intresse & seront icy et le bon dieu en soit

3359 4172 1777 128 vini voila ce quil s offre jus ques e present et faus
