6225 4452
891 58 2182 165 coemen ingevalle sulckx van ue wel behaeghen is

890 146 2096 211 hebbe met plaisir verstaen wij in corte daeghen het

889 276 2260 208 gelick sullen hebben ue ed. met syn fanilie hier over

885 384 2326 177 te sien synde alle seer naer verlangende den heere

885 503 2258 224 gelieve ue geljckige en spoedige rijse te verlienen

870 606 2255 202 blijvende naer minsaeme groetenisse mvens mijn

865 776 817 144 Thuysvrouwe n

2110 763 877 254 Adij 8 Augusii 1709

676 897 908 204 Brussel Jofr. Janssens

854 920 2214 238 de ick sot advies dat op ue heden hebbe getrocken in

858 1099 2351 150 brief te betaelen op sicht aen d'ordre van mons. Paulus

875 1211 2216 175 vander cammey den boede duysent guldens wisselgelde

872 1309 2232 186 voor rekend en p ordre van mons. ni colas vanden

884 1471 2184 118 berghen tot halle die gelicft te verheeren en ue

851 1576 2316 167 sal mij verobligeeren die blijve reciprokelijck in alle

865 1661 485 143 occasien

2611 1705 100 128 d

2181 1719 587 220 Adj

729 1758 1011 183 Brussel guilliem t sas

862 1836 2257 177 mis den boede vander cammen bij mij nat ue

856 1991 2319 172 naem heeft coemen informeeren naer de goederen

854 2087 2297 162 soo en can niet naer laeten ue te adviseeren dat

866 2216 2179 139 alle de versche goederen nu gearriveert weten

883 2354 2241 134 ende dat ick van alles soo schoon sortiment ende

879 2438 2276 176 een magasijn voorsien hebbe als int ghel lant oeyt

893 2534 2309 208 te sien is geweest tot ue dienste. ue magh verseehert

882 2667 2294 138 wesen gelyck ick ue meer maels hebbe verabseureert

854 2796 2256 175 dat ue niemans beeter coop in alle occasien en sal

865 2894 2201 204 bedienen dan die blijve naer cordiale groetenisse

675 2993 756 197 Loven Cothout

2274 3021 570 162 Adij 8 d

889 3128 2333 207 den boede wijns heeft mij voor ue reker. betaelt £16:13:9

871 3277 2215 177 wisselg. in gevolge mijne quittantie een medegegeven

867 3336 2312 191 ben ue van herten danckbaer voor ue soo prompie

873 3486 2291 135 betaelinge en wenste wel d'occasie te hebben om den

849 3597 2336 211 hert werderom onesen te maeken maer het schyn

849 3719 2362 157 dat ue mij teenemael gelieft te vergeeten ende en

885 3828 2329 189 weete niet om wat redene dant weest verschurt datter

859 3941 2307 193 niemant int landt is die ue beeter nochte beeter coop

905 4074 2298 180 en can nesgeven dan ick. husss ue dochter heeft hier

876 4157 2272 204 over geweest sonder bij mij eens naer te coemen

3393 75 2437 206 pattientie. ick en can maer mijne devoiren doece en ue

3426 221 2329 128 verseckeren dat ick ue in alle occasien als vint sal

3423 312 2339 217 bedienen. ick dencke dat ue met het afgaen van

3431 469 2450 148 saidoen oock als eens sal over coemen. hebbe van alles

3419 565 2224 202 soo schoon sortiment als ue can desireeren. als

3427 691 2156 254 d'occasie presenteert en ue iets noodigh heeft

3437 822 2310 258 gelieft mij maer te schrijven en overcoemende

3441 969 2235 220 mij te coemen besoeken weest verschert wij

3443 1081 2225 206 sullen wel te saemen accordeeren: blijve

3299 1210 2427 229 Brussel nicolas Donsedam Ady 106 Augudti 1700

3409 1362 2375 173 hebbe eenige daeghen uyt de stadt geweest soo dat ue

3394 1468 2465 173 aengenaeme van 2 court niet eerder en hebbe connen

3409 1575 2300 158 beantwoorden wat aengaet de 2 gesondene laekens

3412 1708 2393 162 het een tot 12 en het ander tot ƒ3 11 hebbe ue daer in

3409 1808 2263 192 naer conscientie bedient ende gestelt beeter coop

3421 1923 2331 168 als ue alhier present sijnde soude connen coopen

3392 2026 2387 203 ue heeft mij voorledene uijte geaccordeert tot ƒ 3:11

3412 2146 2468 197 het een door dander en nu brenge die in rekeninge

3410 2293 2440 136 tot soo iusten prijs als ue imant in de weerelt soude

3421 2376 2414 177 connen dienert en als ue daer mede: nu sijn rekene

3389 2515 2232 156 niet en soude connen vinden soo en magh ue

3376 2599 2285 199 men mermeer dencken om goederen in te coopen

3370 2713 2502 149 weest verseekert dat ick mij ne vinden in hun absentie

3371 2828 2410 166 soo bediene. als ick wensche dat mij magh geschreden

3374 2955 2503 156 mits het ue soo belieft soo hebbe het briefken verandert

3385 3068 2324 146 op 5½ usos versoekende het selfde als oct gelieft te

3388 3177 2486 150 accepteeren en mij toe te senden. in allels dat tot ue dienst

3378 3298 2346 159 cat voorvallen sal ue altijdts beeter coop bedienen

3382 3419 2433 200 als us ergens sal connen te recht coemen waer op

3376 3530 2501 175 ue sich magh verlaeten ende dat ben in alle occasien

3280 3641 1047 194 Brussel Johaines Haeghens

4789 3645 810 206 Adij 11 ditto

3375 3778 2465 226 ue memorie is mij door seheren heer wel behandight waer bij

3365 3914 2516 218 ue my taeltsens een oft wee versoeckt te senden van gron

3333 4030 2351 179 laekens wat hooger als het ue mits niet en weete

3381 4193 2363 127 vanneer de heer vertreckt en ue misschiev daer

3375 4286 2310 100 moghte verlegen wesen soo sende ue ingesloen de
