6225 4452
912 0 2191 181 hollandt enaermen de comnmeden de handt

892 107 2321 184 hooft houdt soo en hebben sij maer alle  goederen

899 217 2308 175 int kerael te naecken die deraengegeven wordern

883 307 2361 170 ende daer sal altoos mmet hier accoorte moeten gemaeckt

889 392 2359 171 worden ick groete te en blijve nevens mijn hulsstroud

911 492 1960 173 verwaghteede het geluck van ue dover comote

2251 572 782 159 Ady 20 ul 1309

657 608 1069 187 mons veusl JB Masson

884 668 2220 235 is af rccu la vre du 17 du cout pour responce ie suis

865 801 2095 162 content que me rabatterer sur le drap commun

857 930 2268 186 rouge et ie vous l'ay adccorde aussy p ma dermere

858 1027 2296 216 J'ay reccu cette sepmainne bien bo ballors de toutte

859 1167 2315 162 sorte de marchandise mais ie n'ay eu point le loisre

871 1245 2085 177 de les de faire tellement que ie nee peu vous

879 1395 2012 159 envoycer la flannelle de 30 g as premier

876 1467 2191 222 voyage du mestager. il ny a spoint d'assortiment

836 1598 2174 208 qu'il me manque tellement que ie vous puis

852 1734 2196 179 servit en tout de ce que pourries avoir besoian

862 1818 2164 187 tant de manu factures e Angleterre que de

867 1957 2245 148 nre fabrique. ie vous envoye cy incluse quelques

881 2076 2116 152 eschantillions de draps fins. le premie N43

852 2193 2299 138 a ƒ 23 c est celluy que ie trouve le plus prant sur

840 2306 2118 212 la couleure du Jabae et c'est u tres curieux

860 2431 2151 129 et fin draps large et d'une tres jolie couleure

894 2550 2058 143 ie vous salue et suis en touttes occasions

2166 2647 713 163 Ady 20 ditto

621 2657 1153 212 Brussel nicolas Douseian

879 2721 2213 210 ingevolge ue aengenaeme van 17 deser soo hebbe dan

845 2906 2310 113 heden het paxke met den beurtman afgesonden van

824 2968 2301 161 hoepende, hodt het sal bewaeren en ue wel laeten ter

867 3088 2343 178 handt coemen hebbe doen informeeren oft den schippir

884 3189 2339 158 behoorelycke pas port heeft en men heeft mij geantwoort

881 3299 2289 189 van ja. oock is mijn senecht medegegaen oont in den

857 3424 2276 157 gront vant schip te legghen ende te doen bestauwen.

833 3577 2361 116 ben can niet meer dooen: gelieft den het wisselbriefken

859 3695 2238 145 dat ue nevens de facture op 13 deser hebbe gesonden

859 3786 2333 135 te accepteeren en my toe te senden. het welck af waghtende

893 3911 944 139 blijve in alle occasien

2253 3911 307 162 23 uliy

657 3963 724 195 Roterdam Jaques Meyers

882 3999 2301 179 saen bij ue aengenaeme van 19 court de comge a costy absent waeren dogh dat bij

878 4098 2311 110 hier aen comste ue de weeste saecke soude trachten ten eijnden te brengen en nujn intrest

881 4157 2277 117 dien aengoende besartigen waer op mij verlaeten ende het selve afwachten en willemt

887 4221 2319 90 voordert daer op sch ryven want gelijck ue nu bekent is mijne laecke is genochsaem geis

879 4281 2348 94 difucurt dat iits gepeccert hadde soo soude het mij niet soo veel naer gaen mag haeral

1453 4330 848 44 den ordinair voet gedielveert

905 4338 370 51 wel en betoorl

3430 0 2446 177 men de de soo e nveinges eetet comne wafaile tij

3435 96 2438 170 dese saecke kenbaer gemaeckt aende principaelste van dese pleette die

3412 177 2399 163 mij generael hebbe aen gewesen dat hunne goederen dese reiyse sels

3423 264 2458 139 veel minder naer proportie inde weerde sijn aengegeven en geporssee

3429 317 2436 173 als de mijne oock dat bij vooreget, de differente in hollant calance

3412 411 2433 153 hebben en est geweest over affairens van £1000 noyt mier en hebbe

3374 489 2437 136 voor accommodement moeth betaelen dan 50 a 60 ryckrdaelders

3416 613 2439 116 de comesen mogen nu doen wat sij willen echter en is sulckx den

3411 661 2460 178 tentie van de regeringe niet ende men can sulckx wel eens remonstre

3414 740 2418 173 ren door de generaele cooplnden bij het passeeren naer hollant

3423 834 2453 151 van sijn glellentie den heere van den bergh haer hoogh moegende

3400 919 2466 213 ge deputeende & N10 hebbe wel ontfange gelieft de in geljde voor

3341 1000 2523 180 lanck te seven en naer dancksegggin ge voor alle moey te blijve van

3397 1167 282 123 herte

4481 1181 495 149 23 July 1709

3309 1214 729 179 Leuven Paters Jesuieten

3381 1323 2404 154 met ue aengenaeme van gisteren hebbe wel ontfange de assignatie van

3413 1424 2464 142 ƒ 522:8½ wisselglde op den lesweerdegen pater van lijck waer van de be

3425 1512 2398 109 taelinge sal in voorderen ende de aters reck re crediteren met den bode

3420 1598 2449 154 wipe vrijdagh tockoemende soo sal aen ue lerw: senden 2 stucke sie perfijne

3399 1684 2386 162 spswerte 3600 laeckens waer van hier in gesloten de reck die laeckens

3407 1791 2448 148 sullen aen sijn eerw: vy wat beter bevallen als het gesonden stael want

3409 1873 2458 173 de mijne sijn reynm 2 p lle beter van wolle en van draet soo eenen

3407 1968 2402 140 alser te vinden sijn ick en can nmet meer segge als dat ick de poters in

3406 2061 2468 134 alles occasien soo goeden coop sal bedienen als men biste calanten en alles

3403 2162 2477 110 op den selfden gpijs vercoopen geleeft sijn eenv: minder qualitijt van goed

3395 2258 2446 152 van N 13 a N14 die vallen ordinaris dicker als de fijne ben daer oock

3409 2354 2411 157 van altijts wel voorsien in alles datter tot den dienst van het cllegie

3404 2449 2057 123 can voorvallen versoecke maer te disponeren van die ben

3290 2457 771 173 Londen Livinus de dorpere

4828 2527 350 136 24 July

3377 2530 2462 177 ue aengenaeme van 20 passato hebbe tat sijnen tijde wel ontfange met

3394 2648 2457 119 de facture en conogement van parce spaensihe l'aveskent do 10 afge

3375 2692 2453 183 hade ps schippe oan wine dat godt danck wel hebbe become doch suute

3385 2812 2479 115 van occasien en de bet staet noch gesloten echter op de staelen soo vinde de

3382 2862 2459 116 ser rauvs van wolle den stael boyck hebbe mes leyt soo dat de couleuret

3373 2957 2482 128 niets en can melden  wapt hadde dae op ontfanck maer met de haeste

3372 3044 2503 134 gisien recommandere ue de 2 voordere geordonner de parke soo voor de goed

3375 3131 2474 133 goulure als de qualit, t hebbe doats tot daen tot dagh gedelaeert ve te

3393 3193 2487 167 shrijve op hope van ue te conne remitteren doch hier blijft den saok

3380 3286 2495 112 dagie in de wessel op hollant continaeren door de groote menighte van

3382 3340 2487 145 fraeren die van daer door de groot schoerheyt worden getrocke en waer naert

4548 3422 323 60 sonder conss

3333 3439 2543 148 sigh present alle wissel negeleren in over  legge men segh de sonste

3358 3545 2505 112 brieven van londen noteren usoo 1 ƒ33:8: a 9 een vermits onder den selven

3381 3612 2483 117 prijs hier niet en can tenrechte coeme soo salt voor ue en my avanta gieus

3389 3682 2486 119 sijn dat ue gelieve te trecke in gevalle tot soo een iours van 133:8 a  cout

3379 3773 2474 119 ten rechte coomen £150 sterlinck can sicht p casse naer pro porsien

3371 3834 2500 126 avantagie gegen ue geleve het selve maer voais te nemen sedert de doodt

3373 3922 2499 113 van dhr Jaoper vanden bussche a costij soo vememe desselve  wed. en compas

3361 3999 2515 100 is getrede  mijon schoen vaeder jaleger heeft met ditto vrent groo te affacre

4175 4041 144 57 red

4352 4050 223 62 yde nsene

3384 4074 2470 83 gedaen en mijn tehoch moeder sedert blijve continuerene doch nu hebbe geraede ge

3378 4121 2501 116 vonde ue fo edele sijn sent iment in gevoilen eens te versoecke soo wegens de reputoti

3361 4179 2486 106 a costy van siy tert huysen als de nieuwe gemaichte compagene om mijn schoen moede

3358 4236 2471 95 waer advenante te connen informeren en roeden versoecke dat vrindeleken utel

3361 4312 2260 59 pres par ticr verobligeren becoemen aen stonts de aengenaeme bij denger der de t

5661 4274 213 112 Donnoal

3841 4330 1943 75 n ont uk een heeft hesinne te cagritieteren mits de afsacte op de fchadele
