6133 4461
2134 83 546 189 3 xber 1709

609 90 658 200 Mors J Jnaille

819 177 2327 205 J'ay beer reccu l honneur de la vre du 30 du passiavee une

727 291 2404 119 llestre de chinge a charge d. le S. Luis francois de comnck de

799 403 2401 129 ƒ400 dons j'en procuveray le necessuitre et l'agant receu je vs e

827 481 2381 129 donneray credit en compte je vs en remeree et soyez persuede

802 569 2420 160 q trouverez en touttes occasions q'avez a faire avec un honnest

791 655 2417 135 comme qui ne desere d'autre q de donner tout sorte de conten

806 743 2394 139 temint a cesamis la marchandis q ne mondez vs sera au

789 855 2426 133 voyce p le premies messager et au plus jast prix jen fera

810 969 2391 147 thois come s'il seroit pr moy mesme et co si servz ccs

779 1072 2440 142 present en tout ce quil je peut offris pr vre service comande

807 1144 538 157 moy que suis

2111 1165 312 124 5 xber

632 1199 571 195 Reedr Cochson

812 1233 2362 227 Jay bien recu les 2 sires vres de 29 sber ef 9 sber avec facturee

805 1340 2372 164 eschantillions de 3 ballots de  N42. 43 44 les couleurs soort bonnes

798 1425 2363 155 a coux quelle me doivent servir pr neler entre les blanches et

787 1475 2432 211 ains, vs faire passer p'ensemble mais la congeur est tros cource

791 1579 2418 162 come je vs ay marque du premier instant vs pouviez bien conmend

816 1669 2308 223 q celu ns coure grand intrest et prejudice corlon ne paye

797 1732 2386 206 non plus icy au comptoir de droits d'une pusce de draps de g4o

800 1824 2391 199 q de q 23 je reguarderay nre compte court a ma comoditée et p

794 1915 2358 194 tachray a vs rnmettre le salde pr finir cette annee q provision

802 1998 2416 255 cy in cluse nemise de  £ 130 sur le chvalur he faise a londres du

808 2089 2387 260 19 gber 2 ascnces je ne metend pas de vs rabattre si non les

795 2189 2364 203 reuis quil y a dans les factures et lesquelles je vs marquera a

783 2274 2424 246 ant examine le tout s sersuedez quave a faite avec un hom

775 2372 2436 224 hoope que n'ame jamois faire dispute ou di chicune les plainte

798 2492 2408 223 q je vs ay fait vs sont faitter des autres de mesme sans drate et us

783 2561 2429 226 la srauvre debite qui en est le cause curen contience il mest in

784 2646 2408 251 possible a pouvoir gaigner linterest seulement de mon argentesr

802 2761 2388 170 les pautre temps continue apris la poix ja bandonner agles

801 2856 2379 152 ibee entucement jay ma maison le plunne des p ballots et

794 2968 2410 148 la marchandise q je nay plus place pr la mettre at yge

806 3062 2377 105 me suis le fort chaige d'cet estes pr lesperance de la pons t

795 3135 2398 128 no woydeton q les manefactures augementerons en priz jcy

768 3196 2428 173 ales de  £6000 bon a droit et a suuche et il ny a pas my e

780 3317 2407 138 pr en necevor s: d0 considerez un peu come al ves pr icy

786 3374 2384 144 is me manque bien 1 ballot ou 2 de dousine da ileu &

797 3461 2315 148 tout de differente couleur come mavez envoyee dons  23

795 3581 2417 139 mois je ne veus pois de gris de mos voys i bien q jpe n'emplo

797 3647 2407 174 pas d'autrus co il sen sont beauioup de vos a is en ces quet

792 3728 2408 154 nu et q je vr donne touttes mes comissions ap quoy il  fais

780 3821 2423 160 me servis honnestement et en amis qu plus peste priz posti

794 3903 2414 165 et menager mes inteste et vs pouvez vs seir pertiuelieremet

787 3983 1454 167 surmoy q je suis en loittes occasions

2289 4024 567 198 S xbre 1700

594 4060 1257 200 Londen schiueven en stock daelen

773 4142 2426 178 faute doccusion ie may fait plustots responce a less chepe

772 4281 2356 101 vre du 5 et 12 daoust celle prisiessale mens p couvert

3363 109 2453 117 a le ieret remisez de  £50: sur james  du 22

3357 163 2454 152 onl sonle dont il v n'laura d'en prieure le nesceslane

3353 207 2524 215 et me crediter e compte il ny a recu & fain pr'y danse

3355 298 2521 261 negrce de manufactunes. p le peu de debite et p la grandse

3365 394 2504 213 abondance dont on fait tort liene a laute les anglois mes

3346 547 2513 171 fournissent e pays et invoyent tout ce quil peuvent d'ebe

3351 598 2416 225 mesone au prix de ce quelle voilleut a vos quartiurs il vs

3363 715 2495 185 laisse a considerer quil my en quil y pr ns den tirer re

3367 822 2511 189 cap etal parce 9 ois avonsfait ce negoee de pere en sils

3372 934 2491 200 qns somae conue p tous le ps ast le suile raison q jel

3365 1035 2350 203 continue tous jour en espoin que p la pain asvenir

3334 1135 2492 226 let affaires le remettront aultrement ie suit d''aten

3342 1274 2408 223 sion de l'abandoneer entierement. ie vous prie de

3326 1396 2438 238 tout mon coeur vous iuformer s'il ny a pas mogen

3335 1489 2354 216 pour remettre les draps superfins, dont il vous

3347 1616 2397 237 ay escript tant de foisear ils me rettent sur le

3350 1720 2351 233 brat et il n'y a pas moyen a les debiter quoy

3324 1819 2388 271 que ie les voudrois vendre pour 43 as

3335 1939 2373 260 aussy en sinerite vos swankins bages d 34

3343 2073 2399 287 ao verd ue vaillent pas leur prix non plus

3348 2205 2330 249 celles de 1y rouges a 360. elles sont touttes

3332 2333 2470 220 loulles plennes de taches et mengel comme

3344 2445 2457 232 illes seroiert de 20 cu vielles en un mot

3353 2539 2400 291 port vendables pour le printemps il me

3322 2672 2331 293 faudra bien un petit assortment de draps

3323 2814 2410 293 mais il me paroist encor troip toit pour

3279 2919 2422 305 vous en donner l'ordre et vous en envoyeer

3344 3061 2327 280 les etchantillions ie vous salue et suite

3393 3172 2463 225 beyde voorsgegaen onder convert de wede Broeckm

3256 3263 664 166 Mons A Laegle

4699 3330 293 140 xber

3346 3375 2526 229 by bien nee l'honneur de le vre dya de ocourt arecue lestre

3268 3450 2614 205 de change de ƒ40 a fours de veu sur. le s'lais  de doninek ale est bon

3344 3540 2532 212 et il ma donné parolle de le payer ie ne scay coment monfrere

3340 3611 2479 201 vs a parte en conte la flanelle du 3 q ie vs ay vendu e 16

3343 3685 2520 200 mans estant icy al to puis qu'on a  la jegluy ay de mande

3347 3766 2472 190 largent et il ma reponde  01 g5 one l'envoydroit el ny a daetre

3335 3845 2488 148 facture a donner q come jay marque p ma dermer leftre scavoir

3348 3940 2489 172 la flaneles du 16 de mais ƒ40 ef cele du 31 sber vs envoyee pr le

3347 4017 2527 186 messager a L to ensemble 80 et sur ce la vs ys me remette ƒ40 en tous

3344 4112 2465 140 ce qui  s offre pr ds service soyez assure q personne d'ans tout le

3336 4168 2469 198 pays ne ls servere plus promt ou a meillieur drche q moy que

3336 4253 197 141 sues
