6250 4449
853 2 2314 140 n veriens de vrenden dat gu ue gemen demen der neveree

850 104 2342 123 laecken en stelleel. niet hooger als volgens accort 451t en aengaende

843 174 2345 112 het blouw en hebbe niet minder willen laeten als 48 sten in presente

839 222 2351 113 van monsr. vanden heck eenen stayrer minder toegestaen miettesven

838 263 2329 128 staende die aen andere niet minder als 481t en verloope ick hebbe ul

841 298 2326 134 oock den denenter baet voor ƒ40:- en het flan voor iast gelaeten

841 366 2348 120 daer van andere 201t en ƒ44:- hebbe van gelht en voor alle dat gedaen

842 404 2338 134 hebbe om us. te animeren noch ee claghten te moeten hoogen en

833 468 2240 89 can geen plaesier doen ick en hebbe mijn bleven soo geen tijden beleef

830 517 2302 113 men can niet een tanver winnen oft den intrestn sijn genjt

842 559 2277 135 maecken sijt versehent dat k ul. altteydt soo ciniel bedient hebbe

842 663 2289 84 en bediene dat ul. mijne reken maecr ende en selts siende het

830 676 2324 135 niets anders van een berelijck man soude te geeren waer aen hout

830 740 2346 141 en sal manckeren maer dese droene tijden en het weynigh de het

832 802 2339 137 sijn vorsaecke van alles ende als het soo soude continueren soo

838 861 2262 99 moet een eden de negotie a vandoneren ul. seght ooek dat die

849 923 2335 154 bayen van b 30 niet meer en costen als b28 ick wenste wel dat

832 1009 2348 128 het waer was ende dat op die mert coste te mert gaen ick en soude

845 1069 2314 136 ul. niet meer naer advchant vraegen sjt seecker dnt mij de bagen

828 1126 2309 126 soo veel costen als ick ut die stelle ende dat die tot gerief maer

835 1184 2161 113 tot geen proffyt vercoght worden den minsten baydie viyt

833 1257 2275 125 engelandt comt moet present ƒ 22:- costen oft moet tot schaede

835 1309 2222 110 vercoght worden ende daer om can het ul. selfs wel considereren

833 1372 2274 104 en afmeeten wat voor een profijt daer aen te doen is ia soo veer

837 1428 2277 88 datter veele sijn die selfs hiun gogederen van engelandt ontbieden

825 1489 2340 131 doch hien gerieft van bayen carseyen en frisaerden hier te lande

831 1558 2315 125 soecken hebbe tibee bayen tot root volgens ul. stael ande verfoe

823 1599 2315 137 gegeven ende gedaen sijnde sal die op vollen en ul toesenden

837 1675 2327 124 versoeckende in alles dat ul. noodigh heeft mij maer te schrijven

835 1745 2333 134 ende sal in alles doen oft u haer present waere en mijn eiggen

825 1777 694 120 was en soo Blijve

701 1870 1245 161 WWdll g. vanden heck

2407 1886 635 163 Adij 18 sber 1703

829 2004 2320 133 Ben verwondert te sien bij de vl van 15 court dat ul. mij wedersent

808 2090 2321 132 drie bayen  31 om dat niet gemerckt en sijn. ick hebbe ul. immers

825 2154 2289 104 heb self de geseyt hier sijnde dat het geheel pack sonder mercken

817 2219 2333 106 was ende mij costen 3 ende dat naet tegenstaende het oipde helft

827 2277 2284 118 stelde  30 en  31 waer mede ul. te vreder heeft geweest tick en

816 2339 2351 105 vercoope geen goederen om over en weder te reyssen en costen

816 2396 2312 124 te betaelen ul. weet wat ick voor ul. atdaen hebbe en hoe goeden

821 2461 2343 129 coop dat ick ul. be dient hebbe dat ick bij waerheyt magh segghen

809 2492 2341 147 dt soo carsejen bayen als saeckens noch aen niemant als aen

815 2585 2352 127 ul soo greden coop hebbe gelaeten datter iu naer niets aen en avan

826 2642 2327 80 eere ende dat om ul. te voldoen en voorder kennisse te maecken

836 2699 2294 129 is den rooden bujs beschaedight dat en hebbe ick niet geweten

823 2766 2353 143 oock en begere ick niet beschaedight goet voor geef te vercoopen

824 2826 2284 127 hadde ul de goetheyt gehadt te schrijeven coste ul. satisfactil

827 2899 2280 110 gegeven hebben en een ander in plaetse gesonden hebben

841 2964 2291 132 gelieft ul dat eenen anderen rotden bay sende gelieft het mij

828 3020 2265 79 te laeten weeten oock als use eenigh cander sortimente

832 3098 2337 114 mananeert ende sal us al tijdts ten uyttersten wel traghten

827 3160 2181 108 te bedienen al oft ul. hier present waere sal alles doen

824 3217 2334 135 wat moogelijck is om ul. onlandisie te onderhouden bidde

820 3282 2324 146 oock van N50 cant het selve ten mijnder reguarde gelieft

811 3328 941 154 te doen en soo Blijve

636 3448 1103 140 Leede Momas olase

2537 3481 480 146 Adit 18 ditto

820 3574 2327 116 mijnen laesten is ycourt waer by ul. largo noch eens hebbe gep en mgne

832 3650 2370 113 intent ie te kennengegeven wegens de gewertde laeckens ende in betrouwen

821 3699 2349 116 dat ul. nu alles wel sal hebben verstaen soo hebbe ul. noch eens geordoneert

814 3759 2346 122 in te coopen lestigh halve p ende te packen in twee packen ider pack

841 3831 2348 101 van 30 halve P. met 3 carseyen vrappers te weeten een pack met 15 scudblev

833 3878 2339 107 en 15 shie blue en een paet niet 15 readen ie green dat p desen confirmere

802 3952 2357 89 maer ul. moet wel letten om beter qualetijdt van haeckens te hebben, oock

814 3976 2365 108 dat die langer van geerden moeten jesen want d'oncosten sijn alenen g

826 4046 2340 98 voorders dat ick moet goede maete hebben en acaneeren ien minsten 2bar

835 4092 2339 77 p. P. oock te letten op schoone en goede coleuren ende dat die different

824 4142 2349 104 vallen dien wat sichter en dander wat brujnder soo voor de read ween

817 4207 2358 85 als seadbieu. veorders ul. seadblue couleur en is hier telande met gavilt

828 4264 2320 46 uk gelieft dat in gesloten stael in consideratie te nemen: de kerste

822 4306 2321 65 packen hebbe meer geavan ceert in goede maete als de tweede ldat

3429 25 2327 99 mis neet wel eeme alt we ne iet oardeele dat ul payte veel aergeert

3407 67 2385 113 soo in d'een als in dander oock merckelijck in d'oncosten dit is n ue de

3410 148 2428 67 laeste preuve en ingevalle e wederom niet sccedeert en vraeght

3397 176 2475 116 van ma niet meer comsie want sal het ni mermeer toestaen hebbe

3410 238 2336 73 ontfank. beude in sines van 11 en 22 past door ul. soon gers waerbj

3406 283 2407 80 niets en vinde te beantworden van de packen carsegen en hebbe

3410 348 2441 97 niets vernomen maer die oncosten sijn te excessiue van verven

3401 349 2376 105 op doen et c bonendien oordeele die aen de staelen van seer

3392 444 2327 53 slechte qualitijet te wesen de stucken sullen het vytwijssen

3400 496 2463 101 ende niet naernjn ordres ujt vallende soude voor ul treken laeten

3403 505 779 102 middelertijdt blijve

3243 573 982 160 Brussel Joufvr Banssens

4807 552 886 207 Adij 19 xber 1203

3434 702 2359 194 desen alleen tot advies dat juf. van den Berghen heden

3424 824 2321 164 hier sijnde mij heeft geordonneert op ue trecken £120:

3425 941 2423 177 wiselgs voor haer reken gelijck gedaen hebbe aen d'ordre

3404 1049 2348 116 IM en d: G. peljn de jonge dat conform gelieft te

3375 1150 1208 142 verheeren en soo blijve

4809 1159 1014 126 briert is niet voortgegae

3235 1249 1118 182 Mechelen h. C. faydherbe

5152 1271 546 144 Adij 19 ditto

3392 1329 2409 151 hebbe ul. aengenaeme van gisteren wel ontfang ende achter volgens

3389 1442 2425 97 soo sjl desen nu ondt tj den factur leveren het o dat ul. ordoncert om

3392 1485 2394 90 morgen vroagh met de waegens te vertrecken met een perpetuaen

3375 1511 2455 108 san mijn B voeders de rolse is aemerest Ct en verhope ul. wel en tot

3393 1603 2333 75 contentement sal geworden  de facture aenden voet deser als ul. iets

3386 1633 2415 94 noodigh heeft geliett mij maer te schrijven en als ul. gelieft oier te

3383 1698 2432 114 comen ul sal by mij sortement van alles vinden en sal ul altijdts goeden

3384 1721 1055 115 coop bedienen en soo Blijve

4703 1815 559 112 20 sber 1708

3275 1807 1170 151 Mons Laveusve J:B: Mason

3397 1885 2351 160 Jay receu la chere vre du 15 du court avec 2 rermises du 4 court a

3392 1987 2413 120 usance et de me chaque de ƒ450 jaisant ensemble ƒ 900 de change

3379 2114 2435 115 sur le 6 francois le fusclus qui les atachepre en son temps jen pro

3400 2183 2431 131 cureray le necessaire et je vs donneray credit en comte je suis eston

3384 2285 2478 100 ne que le drap de domme a tarde si long temps j'espere q vs l'as

3380 2378 2453 131 rez receu bien conditionnée pr le present et que vs le trouverez a vre

3359 2497 2471 117 contantement et que je seray bien aise d'apprendre ie vs envoy

3390 2589 2314 109 aussij aujourdhuy a la quard de Dieu dans un petit ballot

3398 2657 2416 129 marque a l'ordinaire VSNt et addresse a brusselles a la tested or

3368 2765 2401 127 les 2 super fin 3600 draps noir avec le super fin casse colleur

3377 2862 2447 126 drap d'angleterre 2 finnes bayes et une carisces bleu que je ne

3369 2985 2447 117 donte nullement ue vs parvindront bien la facture portant de

3377 3096 2419 94 change  ay incluse meillieur marché ie ne vs puis servir ni

3360 3166 2492 118 parsonne au monde ii aussy vs livrer plus curieuse marchande le draps

3360 3275 2477 116 supertins d'angletterre ie les vend icy dans la ville 1824 la et quant

3381 3339 2450 140 vs l'aurez veu et si en souhaittes d'avantage ie vs prie me le marque

3362 3424 2488 123 car vs avez asteur le choix et touttes tres belles couleures touchant les

3361 3514 2462 131 di aps noirs moiny d N15 il m'est impossille il faut que ie vs dit

3366 3575 2496 159 quil y a trois fautes au drap N22 survenue p negligence du tondeu

3357 3693 2492 140 au la maison ou a la rame elles sont marque par de petits cordons, e

3357 3762 2469 176 ne les ay pas veu moy misme quant vs aurez reccu la marchandise

3375 3874 2475 114 et l'ayoant examin je vs prie me la marque et ie vs donner as refac

3359 3937 2442 140 tion come vs jugerez estre juste jay mit d2 fines bayes blanche

3374 4022 2449 185 quelles vs agreeront bien la raison q celles de l'annee passe ne

3361 4099 2354 170 vs ont pas donne du contentement ce quelles ont es ti trop

3361 4222 2493 124 moindre mais asteur ie jay quelle soorte quil vs faut pr verdre
