6264 4467
2425 70 626 153 adij 26 April 1709

706 77 1557 166 Mechosen de wed. Betram

873 172 2268 166 en tueijffele niet oft de twee gesonden bayen sullen ue tot ul

866 262 2342 166 contentement sijn geworden ick hebbe mij qualijck verstaen

863 367 2277 185 met hoff ue dochter die in de meyninge is vertrocken

860 431 2336 185 dat ick heden tot mechelen soude wesen en hadde geseyt dat

863 529 2356 233 aen haer thuys soude de staelboecken brengen doch gisteren

870 627 2336 183 suliss doende was al vertrocken soo dat de die in geslot en

878 718 2189 194 sende biddende met de selve soo haest moogelijck weder te

885 831 2246 243 senden heeft de goustie in een pasxke sal dat seer

879 967 2102 184 enciel over laeten ende voor de reste canve en de

864 1059 2244 202 bruyne en grijsse teeckenen naer ve genalle hebbe saer

848 1136 2310 265 schoone spaensche nieunee mode couleuren laeckens

866 1269 2160 218 van differente prijssen en van andere goederen ben

861 1361 2246 189 ens gelijckx wel voorsien gelieft in alle occasien te

847 1500 1237 181 dissponeren van die Blijve

1947 1616 546 171 28 april 1709

706 1616 984 178 Brussel Francois Ansillion

855 1721 2286 143 en reponce de la chere vre ie vs ay hier envoyec les draps rouses

841 1859 2328 102 pr la barque marchande dans un ballot marque A il n'y a 11 piesa

863 1915 2275 114 als sont pactke 3 ons embie dans un roillitte come vre grace le

868 2035 2327 108 voyera p l'incluse q memoite aussy s au nage il ctoint pacte

864 2087 2332 145 et plue avant de recevoir la vre au pied de cette la ctur

881 2217 2323 145 portant de change ƒ685:7¼ pr quelle somme il vs plaiz

877 2321 2332 153 me crediter et m'envoye une lettre de change ie seray ott endois

868 2391 2336 187 responce touchant les draps ccarlats si en touttes occation

872 2475 429 128 ie one dat

863 2508 2341 184 si vre grace en a besoing d'avantage de ces draps rougisoubles

852 2643 2359 147 pal blen jausne at verde j'en ay une partie aroi vre en hallonde

929 2732 1440 171 1 jattand pr le semaine prochaine

2019 2797 466 184 28 april

673 2801 1120 203 M dchelen h: C. Jaij dherbe

854 2913 2281 148 Ick hebbe ue aengenaeme van 26 court wel ontfange maer

879 3039 2222 124 daer en is geen stael sien in gesloten soo dat niet en wete

866 3145 2276 126 wat couleur dat ue gelieft ick moete ue adviseren dat van

894 3210 2265 136 alderhande nieuwe mode couleure en prijse spaensche en ge

850 3309 2299 176 perste laeckens seer wel voorsien ben hebbe oock gecregen een

864 3386 2347 176 soorte van nieuwe seeper fijne colchester baeyen en verwachte

862 3471 2345 227 ingelijck & alle daege wederom een nieuewe partije van gij

851 3586 2362 214 flanellen gekeperde en ongeseperde oock superfijne hollas

863 3685 2291 152 com osyne laekens daer ick ue in con dienen bidde my mas

861 3757 2335 201 te commanderen en sal in alles soo gveel tellen dat uw

858 3867 2349 161 ten uytersten sal content wesen wachte en lebter cent oot

850 3959 320 168 blijve

4879 25 704 191 „ 27„

3270 0 1286 234 a 12 u 11

3371 144 2434 214 de packen  N°17:18 en 20 en connen op vrijdagh niet wesen afgelaeden

3405 253 2468 192 deeals ve C gelieft te meeden p syne van 26 court want de seert

3381 354 2468 166 schepen die a costy donderdagh en vrijdagh sijn geleeden, wesen

3392 447 2446 177 voor nu tot lillo gearriveert dat mij wederom presaditie doet

3397 532 2432 190 ick verwaghte evenwel die m eersten sullen op schieten ende

3368 641 2484 184 dat met de resterende ins gelijckx alle spoet sal wesen aengement

3373 720 2486 236 dat mij gelieft te adviseren insgelycke soo haest ue iets vande

3380 827 2387 194 Londons schepen sal vernemen hebbe advies van en gelandt

3372 914 2415 232 dat het pack 2o Eno 21 is gelaeden met n 23 in John Puntre

3384 998 2463 212 en achter gebleven oock ne 25 doch n° 24 is gelaeden in thomas

3367 1130 2439 163 wright die mede wel a costy soude connen wesen op gisteren

3374 1205 2489 210 en compagnie commende van de conincke officieren op de

3380 1302 2285 264 philippe soo hebbe daer gerescontreert dh Ansillion en

3372 1403 2488 239 vernomen het abus datter is voorgevallen in declaratie met

3390 1510 2463 209 di heer  Ansillion die nergens pretendeert mede te doen te

3382 1651 2439 177 hebben voorgevende het niet syne maer ver saecke te wesen

3368 1706 2508 214 Th. le Gust heeft mij daer op ue brief ter handt gestelt en versocht

3379 1843 2490 184 ue vijt sijnen naem te beantworden dat die saecke present ie in a

3374 1954 2467 174 handen vanden juge ende datter gepretendeert wort twee houden

3372 2046 2457 222 patta cons het gene wel hebbe willen aen nemen te adviseren, alsoo

3366 2159 2448 186 hj selfs van het fort heden niet wel coste schryven. ick en weete

3358 2267 2469 202 niet hoe die saecke gelegen is maer sien wel dat dh Ansillion

3360 2352 2454 177 van den eersten instant hadde moeten accorderen want sonder

3364 2476 2377 158 accommodement en is daer niet tyt te coemen hadde ick

3354 2542 2491 186 dat different van den eersten instant in handen gehadt het waere

3363 2642 2458 223 naer alle apparentie wat beter af geloopen alst nu sal connen

3364 2770 2497 215 wesen. Ansillion schrijft ve heden en ue en can mij maer eens tot

3346 2869 2420 165 antwoort sijn intentie adviseren die blijve met versoeck van

3349 2996 996 179 addres voor de in gelegde

3622 3125 250 119 Mom

5172 3095 438 223 ad 19 d

3241 3098 1390 297 Rotterd. p vanderheyden

3354 3260 2485 200 iek verhope mijnen van 25 court ve wel sal sijn geworden en alhoe=

3356 3371 2438 220 =wel ben sonder antwoort soo en twijffele echter niet oft ue sal

3348 3470 2508 186 opt spoedighste de tucce op gegevene packen In°13 en 14 depescheren

3347 3579 2382 217 verhopende tegens woonsdagh toecommende de aflaedinge te

3346 3706 2524 174 vernemen het gene te ander mael ten hooghsten recommandere

3333 3813 2179 158 alsoo daer seer bij verlegen ben afwachtende soo blijve

5132 3969 435 174 adij 8

3244 3946 1533 207 London Jasp vanden Bussche

3359 4139 2435 150 refereste mij aen mijnen laesten van 22 court met remise op

3361 4274 2434 107 guillielmo haddes en Rios op vso van sty £200:-:- deverhope
