6250 4449
2016 86 528 124 13 sber 1708

637 68 934 182 Leeuven adriaen everaerts

809 181 2342 125 sedert ue aengenaeme van 30 Julij laest soo hadde alverwaght

849 285 2333 148 dat ue tegens dit winter faisoen ingevolge ue geloefte al iets soude

824 372 2357 157 hebbe noedigh gehadt ende ontboeden ick hebbe reden om mij te

842 507 2317 140 beclaegen ende en can niet de ncseen waerom ue mij gelaft voor

822 583 2263 209 by te gaen ick soude soo geene de oude vrintschap onver

832 685 2355 183 houden en ue calandisie hebbe ue weelt immers wel dat ick al

834 813 2269 169 doen can als een ander ja dat pre tenderen beeter coop te

831 895 2304 164 connen geven ick moete ue segge datter in geheel antwerpen

826 1015 2335 196 soo groote nochte soo schoone sortiment van alderhande enge

816 1173 2288 141 sche goederen niet en is sal bj mij soo superfijne als minde

812 1257 2271 189 re sorte en gemeyne spaensche laeckens geperste noorts een

830 1411 2310 150 dosijne ick hebbe oock alderande engelsche geverfde laecken

828 1527 2207 174 die maer op eenen patacon p  en coemen groene geile

808 1625 2276 174 blouwe bleeck blouwe en roode voorts schoone bayen van

832 1783 2274 147 alderande gewichte witte en roode oock carseyen van alle

820 1866 2223 148 couleuren geverft ende frisaerden schoone deventer bayen en

832 1975 2214 188 colchester bayen ick versoecke ue heeft ue iets noodigh enge

816 2104 2320 172 lieft mij niet voor bij te gaen oock als ue over comt van nar

833 2229 2270 150 te coemen woone nu int hiddorp recht over het post comtoir

833 2313 2222 174 sal alles doen wat mij mogelijck is om ue goeden coop en

812 2431 2210 155 wel te bedienen waer op ue sigh magh betrouwen endat ben

651 2538 1138 150 Mechelen Peeter vander Beck

2073 2543 523 146 13 sber 1708

812 2660 2183 144 Ick hebbe inde maent van meij laest noch eens geschreven

817 2755 2183 116 en mijn dinst gepresenteert echter en hebbe sedert van ue niets

815 2847 2304 114 vernoemen het geene mij doet geloeve dat ue mij voor by gaet en by

819 2937 2335 151 een ander ue goederen coopt het winter jaisoen en den tyt van debit

823 3009 2318 171 comt nu aen soo wille  ue oock eens de memorie vervey

820 3122 2263 129 schen en ue adviseren dat eene soo schoene partije van alden ende

809 3206 2296 174 goederen bij mij hebbe als in gheel antwerpen te sien is van alle

799 3323 2349 148 soorte van laecken spaensche fijne ende gemeyne geperste noortse

824 3407 2317 145 en dosjne ick hebbe oock alderande engelsche geverfde laeckens als

833 3483 2272 143 bhouwe bleeck blouwe roode geele en groene die maer eenen pata

1702 3563 144 66 eden

825 3607 2292 118 I2 geperst en coste voorts ander soorte van bayen als deventer

825 3661 2224 152 en coschester oock gemeyne bayen van alle gewechten roodien

832 3748 2220 154 witte seer schoone frisaerden en carseyen oock geverft van alder

814 3837 2295 143 hande couleuren met roode en blouwe ue magh secker wesen dat

820 3962 2273 117 ue in antweepen geen schoender goet en sal vinden en naer adve

824 4068 2286 97 nant dat ue oock niemans beter coop en ceen ofteen sal bedienen als

817 4142 2385 130 ue overcomt bidde van naer te coemen in srddonp recht over het pos

819 4217 2307 101 huys oft iets noodigh hebbende mij maer te schrijven die blijve

823 4273 615 84 neet gooete niise

4669 69 479 117 13 sber 1208

3238 68 766 179 heuven B: Conthout

3411 121 2426 213 Ick hebbe ue in augustj laest eens geschreven ende geadviseert

3251 202 107 167 „

3424 269 2389 149 dat van alles goederen ten uytersten wel voorsien was sedert

3410 331 2471 188 hebbe al verwacht gehadt dat ue soude hebbe overgecoeme

3399 423 2453 179 want ue is gewoen desen tijts jaers alover te coemen om winte

3406 508 2400 223 provisie te coopen nu hebbe verstaen dat veele leyden om

3404 623 2414 201 het guaet reysen en eyt reden van de onvrje swegen niet

3411 707 2392 187 en derven overcoemen echter weten wel dat ue nu desen

3404 819 2418 192 tijt al iets op voorraet moet hebbe het soude my leet wesen

3420 909 2439 181 det ue op een ander soude gaen want soecke in ue calan dis

3396 1036 2411 195 te moegen contiueren nde oude tennisse te onderhoude

3389 1128 2451 165 ue moght verseekert wesen dat ick ue soo goeden coop sal diens

3397 1235 2500 154 als imant in de weerelt can doen gelieft ue iets ick mijne de

3423 1344 2376 159 dat den boede daems met goede pas port voor hem ende sijne

3404 1469 2362 185 goederen rijst. laet het mij maer weten en sal ue soo wel

3420 1541 2355 165 doen oft ue hier present waere hebbe schoone witte en van

3389 1705 2497 106 alderande couleure geverfde carsyen oock frisaerden en

3388 1782 2437 170 baeyen hebbe oock een soorte van laecken in engellant geverft

3372 1861 2470 204 blouwe bleeck blouwe roode geele en groenen die maer op eenen

3397 1971 2436 202 patacon p ellen en coemen ende daer niet aen en twyffele

3375 2096 2428 203 oft sullen ue wel aen staen voorts hebbe ick alderande goederen

3365 2218 2441 170 en laeckens en deventer bayen en colchester bayen ende daen

3370 2356 2456 130 en manckeert mijniets van wolle goederen daer ue mede

3369 2453 1518 146 dsoude connen doenst doen blijve

5158 2563 613 200 Adj 16 sber 1703

3244 2571 1123 226 Brussel Guilliam 1' sus

3368 2704 2451 164 ick hebbe ul. aengenaeme van 14 court wel ontfange doch door voorgevallene

3383 2803 2447 123 besetsel niet eender connen beantworden. het is mij seer leedt tesien ul.

3373 2859 2416 104 ciaghten naedemael dat ick alles gedaen hebbe wat mij is mos gelete te

3373 2939 2484 88 genteest om ul. te bedienen. ten eersten aengaende mijn tijn saeckens

3378 2980 2462 94 soo wel als alles het gene dat ick aen ul. vercoght hebbe ick wens te wel te

3367 3051 2487 93 sien datter ingnt in het lanst capabel was tt beeter geconditioneer de

3379 3101 2462 82 goederen en beter coop te bedienen. ick hebbe p curieus heeft de twee

3384 3156 2471 85 laectens van s Rysewijck eens getam ineert maer en vinde niet dat ul

3382 3213 2462 80 sich daer over soo moet tedencken ende van het mijn beclaegen ick

3385 3273 2453 78 segge ul. dat het gemeyn veel stechter is als die ul. van mij niet en begende

3351 3317 2515 101 seggende beter soote voor dien prijs gecoght te hebben aengaende de witte

3381 3395 2407 76 bayen  30 ul. heeft niet geseyt voor ul. vertreck dat een versch pack

3389 3444 2454 94 soude open en ende ses staeten metwe goet op packen. ck meynde dat

3374 3514 2519 78 ick een pack bayen hadde van o 28  29 ende mijn facturen door soo

3366 3548 2484 95 ekende en hebbe geen gevonden soo dat ick die van  30 hebbe gebrusckt

3372 3616 2413 95 en ul. goet opgepackt in gevolge ul. ordre voor ontfanck van ul brieef

3376 3680 2488 96 hadde het pack niet gepackt geweest al eer ul. brief hadde ontfang soo soude

3377 3727 2481 116 ul. eerst hebben gesde die bayen sijn gesorteert van  30 a  32 en coster

3360 3792 2497 99 mij door een  34 ende ten uuaere om mijn calanten te gerieven en soude

3359 3854 2469 92 geen baejen nochte carseyen willen vercoopen want door gaens ick

3352 3894 2491 81 mijn gelot daer met ryt en maecke laet staen van iets te accaneeren

3361 3972 2391 97 hebbe ul. oock geseyt positeerien frisaert niet in inder te connen

3369 4037 2450 99 laeten als 12 pN. a en dan ist maer tegens 10ƒt witt. wat aengaet

3356 4069 2498 117 de lenghde die is gereduceert volgens de t weet wel dat den stuck

3377 4145 2382 95 in en gelandt geeft 3½ g goede maete ende die en is opt hoot niet

3375 4197 2472 88 bit gekoeght N. 68 en p. 3 is q71½ gelieft dat op te rekenen ende dan

3363 4269 2481 75 sal ul. sien dat het soo is voorders gelieft den frisaert naer te meeten

3358 4322 2503 45 en inegenalle dat uk. niet toe comttaen ul. maete ick en begeere naer
