6264 4467
2423 70 666 175 adij 22 meij 1608

684 72 1660 195 Brugge Callis van Copspenolle

849 234 2285 211 ick en twijffele niet oft den mijnen van 20 court sal ve wel

846 373 2261 188 sijn geworden, doch ick ben verwondert dat heden van ul

851 468 2274 200 geen antwoort oft naerder beright en hebbe becommen

852 573 2274 210 ick vertronwe dat de gearriveerde coopvardye schepen

855 666 2328 220 voor nu costij sullen wesen aengecommen oversulets gelieft

841 785 2320 194 mij eens eene lijste der gearriveerde te senden want myne

843 912 2273 189 vrienden tot London moeten abusivelyck ingadviseren

832 1005 2257 209 en noteren de aflaedinge der goederen door dien de

846 1120 2336 200 schepen voorostende ende die voor Rotterd. gesaement

851 1228 2236 219 lijck sijn vertrocken ende op beyde plaetken Godt hof

833 1348 2330 232 gearriveert ick geloove dat meer intrest onc rostende

853 1476 2321 191 sal hebben als icke met mijn voorige hebbe opgegeven

855 1585 2324 179 want vinde de connossementen contrarierende aende

849 1719 2250 175 advisen van mijne vrienden volgens de numerot de

850 1851 2334 224 packen, soo dat ue geen specificatie van den in hout en

858 1959 2236 200 ordre tot verclaeren can senden voor en al eerdeere

842 2084 2333 175 van ue antwoortbecomme welcke afwachtende neven

821 2199 2370 242 de lyste oft notte der gearriverde schepen soo Blijve

2194 2323 535 185 adij 23 d

655 2321 1042 235 Rotterd: J Meyers

809 2435 2348 190 ben veswondee iesien lijve aen gen aen ren n dever der semel

842 2589 2322 153 tellor en John Abbon alleen soude wesen gearriveert naedemaels

829 2722 2321 110 de tuuee andere op gegevene schepen mede sijn vertrocken soo de

833 2769 2320 194 Londons brieven adviseren gelooveeve abus sal hebben. badde

830 2888 2310 162 andermael daer eens te doen naer in for meren en aen gohn

854 3006 2240 137 abbon te spreken oft george matt heuson en thomas wilkins

836 3132 2240 119 niet mede sijn afgecommen: sal het selfde verwachten

842 3245 2284 133 en de sal mij verobligeren sende ve echter by provisie en ½

844 3325 2343 193 geslooten de notitie van de sier packen ende en twijffele niet

827 3424 2216 143 oft sullen a costy wesen die gelieft p differente beurt

850 3557 2333 124 luyden te depescheren en mij toe te senden de oncost reken.

822 3628 2336 197 op de voorgaende packen sien te gemoet soo als ve my noteert

827 3747 2339 173 het is wel ve de connossementen waeren af gesonden voor

833 3898 2354 126 mij van seven packen het moet acht wesen van  n° 43 tot

830 3969 1436 181 50 inclus. ick groete teen Blijve

3261 95 1220 201 Brussel de wed vander Borght

4763 102 891 206 Addy 23 umey 1709

3389 238 2306 191 hebbe het synen tijde wel ontfangen ue van 4 court als

3396 366 2317 163 oock van gisteeren door ue soon geschreven, maer en

3386 512 2470 176 hebbe geen occasie connen aentressen als heden om op ue

3378 584 2317 218 te trecken de ƒ600:- wisselgelde aen d'ordre van de wed

3373 736 2399 180 Broeckmans op sicht die dan gelieft te verheeren en ben

3387 852 2304 217 ue danckbaer voor ue soo prompte en goede betaelinge

3378 985 2489 275 en affectie. hebbe seer schoone geperste geeregen van

3374 1118 2408 229 alle couleuren onder andere bruugntiens gelijck ue soon

3359 1316 2480 176 mij wel gevraeght heeft en voor de rest hebbe alle sortiment

3373 1374 2409 207 regenwoordigh dat men soude connen wenschen. can

3375 1516 2438 194 ick ue ergens medee dienst doen en sal noeyt naerlaeten

3366 1628 2472 219 ue ten uytersten wel te bedienen. soude in de he daeghen

3367 1798 2484 188 hebben overgecoemen het welck evenwel p eersten staet

3350 1918 2424 208 te geschieden maer ben waghtende naer pasporten

3339 2006 2510 261 sal mijne beloeften aen de eijstens voldoen. ick wensche

3345 2143 2431 206 ue gesontheyt en aen gheel de familie en ben in alle

3382 2286 415 111 occasien

3263 2355 683 183 Brussel p. segers

4696 2362 729 194 Adij Ditto

3358 2506 2505 228 hebbe den ue het sijnen tijde wel ontfangen maer de geerdonneerd

3364 2634 2448 140 ƒ300:- courant gelde niet voor heden connen trecken te betaelen

3342 2730 2463 194 op sicht aen d'ordre de wed. Broeckmans die conform gelieft te

3355 2848 2343 149 verheeren. ue schijnt mij gants te willen vergeeren en voor bij

3348 2916 2422 196 gaen moete patientie nemen. ben seeker datter geen schoonder

3345 3014 2374 207 sortiment van goederen int landt is als ick gehadt hebbe in

3361 3123 2413 177 noch van voorsien ben van nieuwe moede couleuren van

3352 3250 2483 188 alle prijsen. ick hebbe ue immers oock gepresenteert de couleuren

3351 3373 2458 162 te sotbieden ende dat ue mij maer en soude staeltiens senden

3340 3448 2406 195 en als die noch sanden hier wesen en ue niet aenstaende

3355 3576 2364 187 voor mijne rekene te houden. ick en can niet meer doen

3347 3695 2422 156 ick verhoepe dat ue aens sal veranderen ende dat ick wat

3355 3835 2504 145 meerdert faveur bij ue sal vinden waer toe in alle occasien

3325 3950 2530 142 mijn devoir sal doen en soo blijve met offer van mijnen dienst

3256 3993 1373 226 Brugghe C van Coppenolle

5108 4036 445 181 adij 14 d

3339 4148 2420 147 ue aengenaeme van gisteren wel ontfang ende lelyste der

3398 4271 2317 118 enre veerde schepen naer gesien. naer alle parsparentie
