6100 4440
713 55 2315 122 oock het paexken°4 dat noch uepackt staet soo wel als ue 3 faute van

700 119 2368 117 de biet ingesloten sende ul. van baude de oncost reken door mij verschoten sijnde

709 169 2264 102 van n° 3 wweld £4:8:6 en van 224 £11:2:8 te saemen £15 10:8 sal de looden

707 237 2362 112 van de laeckens doen aftrecken en requarde nemen op de lenghde die NP.24

685 292 2384 117 factuer stelt, doch om geen erveur te begaen soo wenste wel dat u mj facture

689 366 2356 100 op een bladt sonde met numeros lenghde en prijssen van alle de laeschens

682 443 2299 62 egenerael die van ul. ondermy hebbe alsoo ul facture van ider asipaert

701 486 2372 70 inde miysue gestelt heeft wat aen gaet het debiet is hier te laesde dit jaer

707 529 2259 110 soo slecht geweest ende het uytstaen van den Borgh soo groot dat s

705 586 2242 115 continuerende der niet meer te negotieren loude vallen. als ick

715 648 2343 124 in trest soude rekenen dan moete ofs alle mijn coopmanschap general

713 708 2271 118 geadt toegeven hebbe van mijn beste schulden op een plaets £1500:-

703 768 2341 154 onderhalfbaer ont ende sedert in met eenen stlyver op reken ontfangen

707 820 2160 117 de wanckeliers connen niet behouden blijven want generaelven

708 884 2321 125 hebben daegelijckx gedurende desen somen niet vercoght oft ontfangen

690 941 2337 120 dat noodigh hebben om bute geven schier met de uene door de legers

707 993 2353 148 en wort ter iplatte lande niets getrocken maer ter contrariengen luche

693 1045 1036 95 ende vyt de steden enderven de

1836 1074 1182 134 luyden niet overcomen dat

701 1114 2216 110 te wenschen is met het afgaen van campagne magh beteren

707 1193 2325 106 het geheel landt is soo onervoert prin cpael met hanufacturen

685 1247 2217 99 dat het omogelijck is te connen profitteren want die geldt noodigh

695 1304 2365 124 hebben dieoter coopen op de eerste occasie selfs tot schade gelijck ick

695 1373 2318 124 daegelijckx onderovinde ende een iderclaeght dat bj de militie niet s

709 1443 2281 110 te vaecoopen nochte te acaneeren is van ul. twel vercoghte pr

712 1513 2344 111 sal int cort het montant ontfang en ul. remitteren van de 2000 voo

690 1575 2302 108 ul betaelt en in genoordert dilnckt mij wel redelijck te wesen dat

697 1632 2191 109 ick 3 prouisie trecke ten waere om ul. dienst te doen sooen soude

701 1699 2312 121 ick soo corte brieven voor niemandt willen dis compteren oft het

693 1752 2373 141 soude grooter partije moeten wesen ick wille welgelooven en met

702 1833 2340 108 ul a dtouceeren dat ul. noydt tatche laeckens als de draps de berre neesen

691 1901 2366 114 tot ƒ 21 heeft vercoght achter mijn vriendt heeft noch gebrelt, soo als

701 1957 2315 110 ul hebbe ges. alser maer iedts van consideratie te debiteren voor valt

699 2020 2337 108 ul maghaverseckert wese dat voor ul goederen soo veele devoiren sal

695 2075 2325 127 doen lls voor mijn eijgen ende dat en alle occasien ul intrest sal

706 2152 2195 116 waer nemen en ul geerne dienst doen blijvende naer groeten de

525 2180 1302 185 London Liinus de Dorpere

2371 2253 531 150 Adij 6 gber 1708

702 2379 2327 112 sien viyt ul aengenaeme van 20 patt5ot de remisse voorons beyde reken van

714 2441 2350 143 ste £156:- op michieden fin lay wel hadde ontfangen maer dat ul geen speculatie

690 2468 2381 154 maechte om wederte remitteren door dien ul conde trecken tot ƒ33:8 105 dat

696 2570 2380 124 soude waerlijck de moeyte niet weert wesen en daerom en isser niet saen gelegen

703 2623 2353 144 den brief can maer engevoordert worden het sijnen tijde en r.de penengen

701 2681 2364 132 en casse hebbende by veranderinge in wissel maer het dobbel dan op vsorseder

701 2768 2369 127 remitteren ofte gelieft hem maer voor mij weder te indorseeren aen d'ordre

691 2802 2359 157 van Mess. 18. ef s. cookson in heeds en kun toe te senden ende op ul. advies

714 2868 2327 144 sal onse reken te saemen dan weder daer van ontlasten voorder

713 2964 2324 135 refrere mij aen mijnen laesten van  3 court waerby ul. sien sal datter

717 3025 2327 114 inde wolle negotie weynigh oft niets van belang voorvalt niet tegen

698 3090 2376 124 est aende ul noteert de roussel  33:8 soo sjnder terborse mede brieven geweet

704 3156 2364 130 en selfs remisses van andere tot ƒ333:10 ende daer op en is hier geen er

716 3237 2354 129 =deringe en blijft tot ƒ33:2 vsos en synder tot die prijs groote partije gestere

719 3281 2278 130 en heden af ge genen op specaslatie van retouren, soo meyne wan

717 3365 2315 142 tusschen dat tete twee maenden tegens het eindigen vande campagne

702 3417 2338 143 en sal de wissel soo shap niet blijven. heeftel spoculatie van profen

716 3490 2242 91 in eenige  affairens buyten de te de manufaet

724 3552 2301 138 ende daer ul paert oft deel in soude willen nemen dat sl majn ltydts

722 3621 2348 122 aen genaem sijn te bierstaen en ist niet present soo cant ebyde voore

708 3690 2217 99 tallen want daer sijn veele dingen op seerlaege prijs die met een

708 3749 2357 137 vrede groote sproeng soude maecken en faucier connen geven blijve

717 3791 552 102 met affectie

491 3866 1084 141 Leeds Thomas Cease

2594 3897 210 97 ƒ20

2349 3916 336 132 Adij 6

717 4029 2331 157 ick refrere mij aen mijnen laesten van 3 court waer by ul. large

707 4110 2373 152 hebbe  mijn intentie wederom hebbe te kennen gegeven sedert

706 4198 2370 112 hebben wij engelsche brieven becomen en icl geene van ul desen

692 4250 2232 116 kent dat alleen tot couvert van de ingeleyde remise van

3287 12 988 102 21 paste a 210s eƒ 160-

4321 42 1467 96 op Daniden Raphael Aenso in London

3289 93 2369 66 waer voor gelieft het noodigh te besorgen en mij te crediteren en soo

5712 121 76 92 t

3284 135 265 93 BBuse

3163 202 1432 156 Rotterdam John vanderheyden

5060 211 605 140 Adij 6 sber 1708

3293 293 2410 142 by ul aengegnaeme van 11 court hebbe geerne gesien dat ul o heden p preter

3282 380 2369 106 willemser de drj packen N n°8. 4. 10 soude afschepen ick verhope het selve

3277 432 2382 104 soo conform sal sijn geschiet ende dat dieseerstdaeghs moogen op schieten

3275 491 2382 106 ul sal mij obligeren soo haest moogelijck de oncost rekene te willen senden

3282 585 2397 76 ick en can ul al noch de cottons niet ordonneren te senden want hier

3283 616 2441 87 en is tot noch toe weynige vraege en hebbe noch een restan tij mit die

3278 678 2403 89 censt moeten afschieten maer uij moeten alkanderen wel verstaen t

3268 749 2447 73 soude die moeten connen trans voor afsenden sonder dat eenige on costen

3274 799 2445 69 oft veyt gaende hollants recht betaele  voorders het moeten de alderbeste

3290 855 2391 67 soorte eesen die 34 a 35 siening de welsche elle costen want frisaerden

3273 876 2426 93 van 27. 28 a 29 en 30 peninge en begeere voor geen pris al uast voor t

3275 948 2448 78 p a voonders op watt conditie van rabat en oock hoeveel voor prompte

3283 995 2435 92 betaelinge. hier over hebbende ul antwoort en resolutie sal sijen of een

3290 1060 2381 86 preuve can nemen met 2a 3 packen van 12 p. tot ue governo nelie

3263 1104 2400 99 de ingeleyde voor engelandt voorts ganck tegeven en soo Blijve

3175 1178 1115 151 henot p Bapte de Sabelaer

5095 1211 398 129 Adij 7 ditto

3283 1311 2515 146 hebbe tlaengenaeme van 5 court wel ontfangen doch te laet om op gisteren te connen

3284 1404 2436 92 beantworden sij sien bij den selve dat ul  wort alleen geboden st a 20 voor mijn

3267 1454 2426 111 resteren de car mosen onder ul. op 8 a sos sijnde ne 1115- a 52 wat wille ick doen ul. caen

5742 1433 82 115 j

3266 1521 2401 90 wel considereren dat het selve nj meer in cost ende dat het buyten dien wel 3 jaeren

3279 1546 2457 111 sal wesen gepaseert eer ick daer dan noch de weerde sal van weder hebben. patientie

3284 1622 2534 68 in dien ul nhet meer daer voor en can becomen oft ten minsten den tijdts wat sorte e

3269 1666 2493 104 te bedingen gelieft het te laeten en mij rekene vande openstaende nartije te senden de

3259 1734 2565 98 om te conen sluyten geljck soo lanck gedesereert hebbe hek en twijffele niet oft daer is ive

3277 1782 2432 91 costie present goet de biet ende dat het met het aenstaende winter saisoen noch sal

3263 1837 2406 68 beteren ende alle goederen in prijs sullen augmenteren ick wenschewel met

3281 1903 2467 92 occasie te weeten ofter van hier geen goederen cortij moogen in coemen en op wat

3268 1939 2353 88 conditie. mede oock als r speculeert datter ietsaen te aclaneeren soude wes en

3280 2010 2381 98 op swerte blouwe en carmosjne en drap de dam mes oft eenige andere goederen

3284 2066 2375 99 hebbe op ul. heden oock getrocken optsicht vijftigh ponden aen d'ordre dheer

3280 2127 2424 111 Pedro Baut dat gelieft conform te verheeren en soo Blijve naer cordiaele

3273 2175 392 86 groeten iss

3277 2241 2401 135 heer en is niets te debiteren oft te accaneeren bj menschen gedencken soo geen

3155 2300 826 79 slechten tijdt geweest

3817 2355 108 81 the

3109 2367 1036 145 f cedr homns elave

5039 2415 485 162 Adij 10 ditto

3284 2508 2470 139 hebbe ul op 6 court ge remiteert  £160:- van 21 1pate vs0s ep danden Raphael

3282 2573 2483 147 Denso in London ie verhope ul. wel sal tijn geworden in gesloten soo remittere

3279 2629 666 101 va noch in brief van

3170 2691 82 81 ƒ

3108 2715 905 160 Leeds EB. et S. Cookson

4992 2781 537 131 Ady 10 ditto

3262 2859 2436 144 ie vous ay fait remise pl ma derniere du 3 du court de  8:12:- du premmerd

3251 2925 2467 141 rien ces sr Pierre lanche a Londres icy ancluse la seponde et aultre remise du 4

3244 2995 2485 120 du court ½ gences sur Richard Bull in London de t£ 220:- dont i vous plaira

3230 3032 2341 154 me crediter en compte, et m'envoyer compte courantt et sur cela ie me dit

3145 3092 1311 153 Rotterdam John vander hebrden

5021 3139 458 155 Adj 10 ditto

3220 3212 2438 147 sien met pterwonderinge vijt de ue van 7 cour dat de rij packen niet met pieter

3274 3293 2443 147 willemse maer met boshuyse heeft toe gesonden pietert willemse ongilaht schipper

3264 3355 2484 148 en heeft een goet schip n Borhuyse & alhier bekent voor een traegaert ende die noch

3260 3387 1289 89 noytt bij naer is over gecomen sonder tamisen

4570 3434 1153 87 t naete goederen door dien een seer

3273 3470 2547 118 slecht schip heeft soo verre dat veele costij hebben geordoneert met hem geene

3265 3527 2407 100 goederen meer af te senden hebbe ul versocht den riscco te verdeelen met

3260 3565 2482 112 twee diffente schippers af te senden ende dat ul. soude gelieven te vigileren dat

3276 3621 2476 120 het braeve beurt suyden mogen wesen ende ul doet hier in gantich contragie

3260 3689 2544 122 hebbe ue ge dat het wel way met pieter willemse dat die man en sijn schip

3249 3736 2499 144 senden han de conditie die ul mij noteert wegens de cottons en can daer bij geen

3262 3820 2486 63 auantagie te gemoet sien soo dat ul geene en can ordoneren te senden wer=

3258 3867 2378 112 =soecke neet in gelieft te tarderen int senden der oncost reken op de drij

3263 3937 2526 151 packen verhope mijne inclorses pr. mijnen van 6cour op engelandt sult hebben

3257 3989 2466 123 woorts ganck gegeven versoecke ander mael het selve voor den medegaende

3242 4052 1065 94 en soo Blijve en alle occasien
