<?xml version="1.0" encoding="UTF-8"?>
<alto xmlns:xsi="http://www.w3.org/2001/XMLSchema-instance"
      xmlns="http://www.loc.gov/standards/alto/ns-v4#"
      xmlns:page="http://schema.primaresearch.org/PAGE/gts/pagecontent/2013-07-15"
      xsi:schemaLocation="http://www.loc.gov/standards/alto/ns-v4# https://www.loc.gov/standards/alto/v4/alto.xsd">
   <Description>
      <MeasurementUnit>pixel</MeasurementUnit>
      <OCRProcessing ID="IdOcr">
         <ocrProcessingStep>
            <processingDateTime>2022-02-11T21:31:24.846+01:00</processingDateTime>
            <processingSoftware>
               <softwareCreator>READ COOP</softwareCreator>
               <softwareName>Transkribus</softwareName>
            </processingSoftware>
         </ocrProcessingStep>
      </OCRProcessing>
   </Description>
   <Layout>
      <Page ID="Page1" PHYSICAL_IMG_NR="1" HEIGHT="4431" WIDTH="5936">
         <TopMargin HEIGHT="0" WIDTH="5936" VPOS="0" HPOS="0"/>
         <LeftMargin HEIGHT="4431" WIDTH="0" VPOS="0" HPOS="0"/>
         <RightMargin HEIGHT="4431" WIDTH="0" VPOS="0" HPOS="5936"/>
         <BottomMargin HEIGHT="0" WIDTH="5936" VPOS="4431" HPOS="0"/>
         <PrintSpace HEIGHT="4431" WIDTH="5936" VPOS="0" HPOS="0">
            <TextBlock ID="region_1637583291362_181"
                       HEIGHT="4324"
                       WIDTH="2757"
                       VPOS="42"
                       HPOS="352">
               <Shape>
                  <Polygon POINTS="352,42 3109,42 3109,4366 352,4366"/>
               </Shape>
               <TextLine ID="region_1637583291362_181l1"
                         BASELINE="670,134 785,131 901,127 1016,124 1132,120 1247,118 1363,116 1478,114 1594,112 1709,111 1825,110 1940,110 2056,110 2171,110 2287,110 2402,110 2518,112 2633,112 2749,114 2864,116 2980,120"
                         HEIGHT="112"
                         WIDTH="2340"
                         VPOS="43"
                         HPOS="655">
                  <String ID="string_region_1637583291362_181l1"
                          HEIGHT="112"
                          WIDTH="2340"
                          VPOS="43"
                          HPOS="655"
                          CONTENT="hebbe ontfanghen ende dat alles seer goeden coop is ick hebbe"/>
               </TextLine>
               <TextLine ID="region_1637583291362_181l2"
                         BASELINE="658,232 779,224 900,216 1021,210 1142,205 1264,201 1385,197 1506,194 1627,192 1748,192 1870,190 1991,192 2112,192 2233,194 2354,196 2476,198 2597,202 2718,205 2839,208 2960,213 3082,218"
                         HEIGHT="182"
                         WIDTH="2455"
                         VPOS="103"
                         HPOS="643">
                  <String ID="string_region_1637583291362_181l2"
                          HEIGHT="182"
                          WIDTH="2455"
                          VPOS="103"
                          HPOS="643"
                          CONTENT="ghehoort dat ul. eenighe goederen van hollandt nu en dan saude"/>
               </TextLine>
               <TextLine ID="region_1637583291362_181l3"
                         BASELINE="634,312 757,307 880,303 1003,298 1126,294 1249,289 1372,285 1495,282 1618,278 1741,276 1865,274 1988,272 2111,270 2234,270 2357,272 2480,274 2603,276 2726,280 2849,286 2972,292 3096,300"
                         HEIGHT="157"
                         WIDTH="2496"
                         VPOS="214"
                         HPOS="617">
                  <String ID="string_region_1637583291362_181l3"
                          HEIGHT="157"
                          WIDTH="2496"
                          VPOS="214"
                          HPOS="617"
                          CONTENT="hebben ontboden belieft ul. mij deer aen te doen van over comn"/>
               </TextLine>
               <TextLine ID="region_1637583291362_181l4"
                         BASELINE="650,392 767,389 884,386 1001,384 1118,382 1235,378 1352,376 1469,372 1586,370 1703,367 1820,364 1937,362 2054,362 2171,360 2288,360 2405,360 2522,362 2639,362 2756,366 2873,369 2990,374"
                         HEIGHT="153"
                         WIDTH="2370"
                         VPOS="265"
                         HPOS="634">
                  <String ID="string_region_1637583291362_181l4"
                          HEIGHT="153"
                          WIDTH="2370"
                          VPOS="265"
                          HPOS="634"
                          CONTENT="=ende eens naer te conten oft hedts noodigh hebbende mij te"/>
               </TextLine>
               <TextLine ID="region_1637583291362_181l5"
                         BASELINE="654,492 774,485 895,480 1015,476 1136,471 1257,466 1377,463 1498,460 1618,456 1739,454 1860,452 1980,450 2101,448 2221,446 2342,446 2463,446 2583,446 2704,446 2824,446 2945,448 3066,448"
                         HEIGHT="158"
                         WIDTH="2443"
                         VPOS="358"
                         HPOS="638">
                  <String ID="string_region_1637583291362_181l5"
                          HEIGHT="158"
                          WIDTH="2443"
                          VPOS="358"
                          HPOS="638"
                          CONTENT="schrijven sal ul. thoonen dat ul. beeter soorte van goederen"/>
               </TextLine>
               <TextLine ID="region_1637583291362_181l6"
                         BASELINE="662,594 779,586 896,579 1013,572 1130,567 1248,562 1365,558 1482,554 1599,552 1716,548 1834,546 1951,544 2068,542 2185,540 2302,538 2420,536 2537,534 2654,532 2771,530 2888,527 3006,524"
                         HEIGHT="171"
                         WIDTH="2378"
                         VPOS="452"
                         HPOS="644">
                  <String ID="string_region_1637583291362_181l6"
                          HEIGHT="171"
                          WIDTH="2378"
                          VPOS="452"
                          HPOS="644"
                          CONTENT="selfs noch beeter coop sal gherieven als ul. of iemandt tijt"/>
               </TextLine>
               <TextLine ID="region_1637583291362_181l7"
                         BASELINE="654,690 775,684 897,678 1018,672 1140,667 1262,662 1383,656 1505,651 1626,646 1748,643 1870,639 1991,636 2113,633 2234,630 2356,628 2478,628 2599,628 2721,628 2842,628 2964,630 3086,632"
                         HEIGHT="174"
                         WIDTH="2466"
                         VPOS="549"
                         HPOS="637">
                  <String ID="string_region_1637583291362_181l7"
                          HEIGHT="174"
                          WIDTH="2466"
                          VPOS="549"
                          HPOS="637"
                          CONTENT="hollandt condt becomen ben van alle soorten van goederen"/>
               </TextLine>
               <TextLine ID="region_1637583291362_181l8"
                         BASELINE="654,784 757,778 860,773 963,768 1066,763 1170,759 1273,754 1376,750 1479,747 1582,744 1686,742 1789,739 1892,737 1995,736 2098,734 2202,732 2305,731 2408,730 2511,730 2614,728 2718,728"
                         HEIGHT="152"
                         WIDTH="2095"
                         VPOS="655"
                         HPOS="636">
                  <String ID="string_region_1637583291362_181l8"
                          HEIGHT="152"
                          WIDTH="2095"
                          VPOS="655"
                          HPOS="636"
                          CONTENT="seer wel voorsien tot ul. Dienst en soo Blijee"/>
               </TextLine>
               <TextLine ID="region_1637583291362_181l9"
                         BASELINE="2396,900 2430,895 2464,893 2498,890 2533,887 2567,885 2601,884 2636,882 2670,881 2704,880 2739,880 2773,880 2807,880 2841,880 2876,881 2910,882 2944,882 2979,884 3013,885 3047,886 3082,888"
                         HEIGHT="188"
                         WIDTH="719"
                         VPOS="763"
                         HPOS="2378">
                  <String ID="string_region_1637583291362_181l9"
                          HEIGHT="188"
                          WIDTH="719"
                          VPOS="763"
                          HPOS="2378"
                          CONTENT="Adij 22 Augusti 170"/>
               </TextLine>
               <TextLine ID="region_1637583291362_181l10"
                         BASELINE="442,962 514,952 587,944 659,936 732,930 805,924 877,920 950,916 1022,912 1095,908 1168,906 1240,904 1313,902 1385,900 1458,898 1531,896 1603,892 1676,890 1748,886 1821,882 1894,878"
                         HEIGHT="222"
                         WIDTH="1493"
                         VPOS="756"
                         HPOS="419">
                  <String ID="string_region_1637583291362_181l10"
                          HEIGHT="222"
                          WIDTH="1493"
                          VPOS="756"
                          HPOS="419"
                          CONTENT="Brussel Christiaen Seghers"/>
               </TextLine>
               <TextLine ID="region_1637583291362_181l11"
                         BASELINE="658,1090 779,1086 900,1082 1022,1078 1143,1074 1265,1070 1386,1067 1507,1064 1629,1060 1750,1056 1872,1052 1993,1049 2114,1046 2236,1042 2357,1038 2479,1035 2600,1032 2721,1027 2843,1023 2964,1020 3086,1014"
                         HEIGHT="212"
                         WIDTH="2459"
                         VPOS="889"
                         HPOS="640">
                  <String ID="string_region_1637583291362_181l11"
                          HEIGHT="212"
                          WIDTH="2459"
                          VPOS="889"
                          HPOS="640"
                          CONTENT="verhope de continnatie van ul. en ul. bemendeghesontijdt "/>
               </TextLine>
               <TextLine ID="region_1637583291362_181l12"
                         BASELINE="674,1190 792,1185 911,1178 1030,1172 1149,1167 1268,1162 1386,1157 1505,1152 1624,1148 1743,1144 1862,1141 1980,1138 2099,1134 2218,1132 2337,1130 2456,1128 2574,1126 2693,1124 2812,1122 2931,1120 3050,1120"
                         HEIGHT="158"
                         WIDTH="2407"
                         VPOS="1052"
                         HPOS="657">
                  <String ID="string_region_1637583291362_181l12"
                          HEIGHT="158"
                          WIDTH="2407"
                          VPOS="1052"
                          HPOS="657"
                          CONTENT="en twijffele niet oft de bayen te weten vijf witte op 9 court p"/>
               </TextLine>
               <TextLine ID="region_1637583291362_181l13"
                         BASELINE="670,1302 791,1292 913,1283 1035,1276 1157,1269 1279,1263 1401,1258 1523,1253 1645,1250 1767,1245 1889,1242 2010,1239 2132,1236 2254,1234 2376,1232 2498,1228 2620,1225 2742,1222 2864,1218 2986,1214 3108,1208"
                         HEIGHT="215"
                         WIDTH="2468"
                         VPOS="1108"
                         HPOS="652">
                  <String ID="string_region_1637583291362_181l13"
                          HEIGHT="215"
                          WIDTH="2468"
                          VPOS="1108"
                          HPOS="652"
                          CONTENT="beurtschip versonden en nerroode door volmerinen gheverte"/>
               </TextLine>
               <TextLine ID="region_1637583291362_181l14"
                         BASELINE="666,1396 787,1390 909,1383 1031,1376 1153,1372 1275,1365 1397,1360 1519,1354 1641,1350 1763,1345 1885,1341 2006,1337 2128,1334 2250,1330 2372,1328 2494,1326 2616,1324 2738,1322 2860,1322 2982,1322 3104,1322"
                         HEIGHT="195"
                         WIDTH="2471"
                         VPOS="1220"
                         HPOS="648">
                  <String ID="string_region_1637583291362_181l14"
                          HEIGHT="195"
                          WIDTH="2471"
                          VPOS="1220"
                          HPOS="648"
                          CONTENT="latterdagh 20 deser ul. toeghesonden sullen ul. wel sijn ghevor"/>
               </TextLine>
               <TextLine ID="region_1637583291362_181l15"
                         BASELINE="614,1492 732,1489 850,1484 968,1480 1086,1474 1204,1470 1322,1464 1440,1459 1558,1455 1676,1448 1794,1444 1912,1440 2030,1436 2148,1432 2266,1429 2384,1428 2502,1426 2620,1426 2738,1426 2856,1426 2974,1430"
                         HEIGHT="193"
                         WIDTH="2393"
                         VPOS="1326"
                         HPOS="598">
                  <String ID="string_region_1637583291362_181l15"
                          HEIGHT="193"
                          WIDTH="2393"
                          VPOS="1326"
                          HPOS="598"
                          CONTENT="den en ul. sal deselve tot contentement hebben behorden"/>
               </TextLine>
               <TextLine ID="region_1637583291362_181l16"
                         BASELINE="670,1580 788,1578 907,1577 1026,1574 1145,1570 1264,1566 1383,1560 1502,1555 1621,1549 1740,1544 1859,1538 1977,1532 2096,1528 2215,1524 2334,1520 2453,1518 2572,1516 2691,1516 2810,1516 2929,1520 3048,1524"
                         HEIGHT="178"
                         WIDTH="2412"
                         VPOS="1430"
                         HPOS="652">
                  <String ID="string_region_1637583291362_181l16"
                          HEIGHT="178"
                          WIDTH="2412"
                          VPOS="1430"
                          HPOS="652"
                          CONTENT="aen den voedt deser heeft ul de facture bedraeghende nissel"/>
               </TextLine>
               <TextLine ID="region_1637583291362_181l17"
                         BASELINE="650,1678 770,1676 891,1674 1012,1670 1133,1666 1254,1662 1374,1656 1495,1651 1616,1644 1737,1640 1858,1633 1978,1628 2099,1623 2220,1618 2341,1616 2462,1612 2582,1612 2703,1610 2824,1612 2945,1614 3066,1618"
                         HEIGHT="249"
                         WIDTH="2448"
                         VPOS="1521"
                         HPOS="633">
                  <String ID="string_region_1637583291362_181l17"
                          HEIGHT="249"
                          WIDTH="2448"
                          VPOS="1521"
                          HPOS="633"
                          CONTENT="=ghelde ƒ 313:- waer voor mij ghelieft te crediteren en in alle "/>
               </TextLine>
               <TextLine ID="region_1637583291362_181l18"
                         BASELINE="676,1784 796,1782 917,1780 1038,1776 1159,1772 1280,1768 1400,1762 1521,1756 1642,1749 1763,1743 1884,1738 2004,1731 2125,1726 2246,1722 2367,1718 2488,1716 2608,1716 2729,1716 2850,1718 2971,1722 3092,1728"
                         HEIGHT="165"
                         WIDTH="2451"
                         VPOS="1636"
                         HPOS="659">
                  <String ID="string_region_1637583291362_181l18"
                          HEIGHT="165"
                          WIDTH="2451"
                          VPOS="1636"
                          HPOS="659"
                          CONTENT="voordere occasien te commanderen het schoen ul. sich qualige"/>
               </TextLine>
               <TextLine ID="region_1637583291362_181l19"
                         BASELINE="686,1878 806,1875 926,1872 1047,1868 1167,1864 1288,1859 1408,1854 1528,1850 1649,1845 1769,1841 1890,1837 2010,1834 2130,1830 2251,1826 2371,1824 2492,1824 2612,1822 2732,1822 2853,1823 2973,1824 3094,1828"
                         HEIGHT="150"
                         WIDTH="2444"
                         VPOS="1751"
                         HPOS="668">
                  <String ID="string_region_1637583291362_181l19"
                          HEIGHT="150"
                          WIDTH="2444"
                          VPOS="1751"
                          HPOS="668"
                          CONTENT="verghenoeght thoonde moete daer in patientie hebben doen"/>
               </TextLine>
               <TextLine ID="region_1637583291362_181l20"
                         BASELINE="670,1978 790,1973 910,1968 1031,1963 1151,1958 1272,1953 1392,1948 1512,1943 1633,1939 1753,1934 1874,1931 1994,1927 2114,1924 2235,1922 2355,1920 2476,1920 2596,1918 2716,1920 2837,1920 2957,1923 3078,1926"
                         HEIGHT="166"
                         WIDTH="2440"
                         VPOS="1821"
                         HPOS="654">
                  <String ID="string_region_1637583291362_181l20"
                          HEIGHT="166"
                          WIDTH="2440"
                          VPOS="1821"
                          HPOS="654"
                          CONTENT="alle moghelijcke devoiren om ul. en mijne vrienden welte"/>
               </TextLine>
               <TextLine ID="region_1637583291362_181l21"
                         BASELINE="664,2076 784,2071 905,2066 1026,2062 1147,2058 1268,2054 1389,2050 1510,2046 1631,2042 1752,2038 1873,2036 1993,2032 2114,2028 2235,2026 2356,2022 2477,2020 2598,2018 2719,2015 2840,2014 2961,2011 3082,2010"
                         HEIGHT="158"
                         WIDTH="2451"
                         VPOS="1949"
                         HPOS="645">
                  <String ID="string_region_1637583291362_181l21"
                          HEIGHT="158"
                          WIDTH="2451"
                          VPOS="1949"
                          HPOS="645"
                          CONTENT="dienen ende te animeren ende sal trachten te continueren"/>
               </TextLine>
               <TextLine ID="region_1637583291362_181l22"
                         BASELINE="670,2182 696,2182 722,2180 749,2180 775,2179 801,2178 828,2176 854,2175 880,2172 907,2171 933,2168 959,2165 986,2163 1012,2158 1038,2154 1065,2150 1091,2144 1118,2138"
                         HEIGHT="146"
                         WIDTH="489"
                         VPOS="2061"
                         HPOS="649">
                  <String ID="string_region_1637583291362_181l22"
                          HEIGHT="146"
                          WIDTH="489"
                          VPOS="2061"
                          HPOS="649"
                          CONTENT="die Blijve"/>
               </TextLine>
               <TextLine ID="region_1637583291362_181l23"
                         BASELINE="2432,2256 2463,2249 2495,2243 2527,2240 2558,2235 2590,2232 2622,2228 2653,2226 2685,2224 2717,2223 2749,2222 2780,2222 2812,2222 2844,2222 2875,2222 2907,2222 2939,2223 2970,2224 3002,2224 3034,2226 3066,2226"
                         HEIGHT="234"
                         WIDTH="668"
                         VPOS="2077"
                         HPOS="2415">
                  <String ID="string_region_1637583291362_181l23"
                          HEIGHT="234"
                          WIDTH="668"
                          VPOS="2077"
                          HPOS="2415"
                          CONTENT="Adij 22 d. 1703"/>
               </TextLine>
               <TextLine ID="region_1637583291362_181l24"
                         BASELINE="448,2336 530,2330 613,2324 695,2319 778,2313 861,2309 943,2305 1026,2300 1108,2295 1191,2291 1274,2288 1356,2283 1439,2280 1521,2276 1604,2271 1687,2267 1769,2264 1852,2259 1934,2256 2017,2252 2100,2248"
                         HEIGHT="282"
                         WIDTH="1690"
                         VPOS="2112"
                         HPOS="425">
                  <String ID="string_region_1637583291362_181l24"
                          HEIGHT="282"
                          WIDTH="1690"
                          VPOS="2112"
                          HPOS="425"
                          CONTENT="Brussel Bernaerdt van de CCooster"/>
               </TextLine>
               <TextLine ID="region_1637583291362_181l25"
                         BASELINE="352,2392 390,2394"
                         HEIGHT="179"
                         WIDTH="79"
                         VPOS="2291"
                         HPOS="333">
                  <String ID="string_region_1637583291362_181l25"
                          HEIGHT="179"
                          WIDTH="79"
                          VPOS="2291"
                          HPOS="333"
                          CONTENT=""/>
               </TextLine>
               <TextLine ID="region_1637583291362_181l26"
                         BASELINE="606,2462 730,2451 854,2442 978,2434 1102,2427 1226,2422 1350,2417 1474,2414 1598,2411 1722,2410 1846,2408 1970,2406 2094,2406 2218,2406 2342,2406 2466,2404 2590,2404 2714,2404 2838,2402 2962,2402 3086,2400"
                         HEIGHT="232"
                         WIDTH="2515"
                         VPOS="2255"
                         HPOS="588">
                  <String ID="string_region_1637583291362_181l26"
                          HEIGHT="232"
                          WIDTH="2515"
                          VPOS="2255"
                          HPOS="588"
                          CONTENT="en hebbe in langhe het ghelock niet ghehadt van ul. hier"/>
               </TextLine>
               <TextLine ID="region_1637583291362_181l27"
                         BASELINE="662,2546 782,2540 902,2536 1022,2532 1142,2527 1262,2524 1382,2520 1502,2518 1622,2516 1742,2514 1862,2512 1982,2511 2102,2510 2222,2508 2342,2508 2462,2506 2582,2506 2702,2504 2822,2502 2942,2500 3062,2498"
                         HEIGHT="175"
                         WIDTH="2433"
                         VPOS="2409"
                         HPOS="645">
                  <String ID="string_region_1637583291362_181l27"
                          HEIGHT="175"
                          WIDTH="2433"
                          VPOS="2409"
                          HPOS="645"
                          CONTENT="over tesien oft vanul. iedts te vernemen alsoo met dit laetste"/>
               </TextLine>
               <TextLine ID="region_1637583291362_181l28"
                         BASELINE="686,2650 805,2643 925,2637 1045,2630 1165,2626 1285,2622 1404,2618 1524,2614 1644,2612 1764,2610 1884,2608 2003,2608 2123,2606 2243,2606 2363,2604 2483,2604 2602,2604 2722,2604 2842,2604 2962,2604 3082,2602"
                         HEIGHT="132"
                         WIDTH="2427"
                         VPOS="2549"
                         HPOS="670">
                  <String ID="string_region_1637583291362_181l28"
                          HEIGHT="132"
                          WIDTH="2427"
                          VPOS="2549"
                          HPOS="670"
                          CONTENT="conroij een schoon partije versche goederen hebbe becomen"/>
               </TextLine>
               <TextLine ID="region_1637583291362_181l29"
                         BASELINE="686,2750 805,2744 925,2738 1045,2732 1165,2728 1285,2724 1404,2719 1524,2716 1644,2712 1764,2710 1884,2708 2003,2706 2123,2704 2243,2704 2363,2704 2483,2704 2602,2706 2722,2706 2842,2708 2962,2712 3082,2714"
                         HEIGHT="167"
                         WIDTH="2431"
                         VPOS="2605"
                         HPOS="668">
                  <String ID="string_region_1637583291362_181l29"
                          HEIGHT="167"
                          WIDTH="2431"
                          VPOS="2605"
                          HPOS="668"
                          CONTENT="van alle soorten soo neme de vrijheydt ul. sulex p desen te"/>
               </TextLine>
               <TextLine ID="region_1637583291362_181l30"
                         BASELINE="678,2854 799,2846 920,2840 1041,2834 1162,2828 1283,2824 1404,2820 1525,2816 1646,2811 1767,2808 1888,2806 2009,2804 2130,2804 2251,2804 2372,2804 2493,2806 2614,2808 2735,2811 2856,2814 2977,2820 3098,2826"
                         HEIGHT="148"
                         WIDTH="2452"
                         VPOS="2722"
                         HPOS="661">
                  <String ID="string_region_1637583291362_181l30"
                          HEIGHT="148"
                          WIDTH="2452"
                          VPOS="2722"
                          HPOS="661"
                          CONTENT="adviseren en mijnen dienst aen ul te presenteren versoeck "/>
               </TextLine>
               <TextLine ID="region_1637583291362_181l31"
                         BASELINE="654,2946 775,2946 897,2944 1019,2942 1141,2938 1263,2934 1384,2930 1506,2926 1628,2922 1750,2919 1872,2915 1993,2912 2115,2910 2237,2908 2359,2906 2481,2906 2602,2907 2724,2908 2846,2912 2968,2916 3090,2924"
                         HEIGHT="182"
                         WIDTH="2468"
                         VPOS="2789"
                         HPOS="639">
                  <String ID="string_region_1637583291362_181l31"
                          HEIGHT="182"
                          WIDTH="2468"
                          VPOS="2789"
                          HPOS="639"
                          CONTENT="ende inghevalle ul. over compt mij d'eere aen te doen van"/>
               </TextLine>
               <TextLine ID="region_1637583291362_181l32"
                         BASELINE="682,3054 801,3051 921,3048 1041,3044 1161,3042 1281,3038 1400,3034 1520,3030 1640,3027 1760,3024 1880,3022 1999,3020 2119,3018 2239,3016 2359,3016 2479,3017 2598,3018 2718,3021 2838,3024 2958,3030 3078,3036"
                         HEIGHT="163"
                         WIDTH="2431"
                         VPOS="2913"
                         HPOS="665">
                  <String ID="string_region_1637583291362_181l32"
                          HEIGHT="163"
                          WIDTH="2431"
                          VPOS="2913"
                          HPOS="665"
                          CONTENT="eens te comen sien oft iedts noodigh hebbende mij met een"/>
               </TextLine>
               <TextLine ID="region_1637583291362_181l33"
                         BASELINE="660,3162 780,3156 900,3152 1021,3148 1141,3144 1262,3142 1382,3138 1502,3136 1623,3136 1743,3134 1864,3134 1984,3132 2104,3132 2225,3132 2345,3132 2466,3132 2586,3132 2706,3132 2827,3132 2947,3132 3068,3132"
                         HEIGHT="122"
                         WIDTH="2443"
                         VPOS="3040"
                         HPOS="642">
                  <String ID="string_region_1637583291362_181l33"
                          HEIGHT="122"
                          WIDTH="2443"
                          VPOS="3040"
                          HPOS="642"
                          CONTENT="letter schrijvens te commanderen en sal ul. in alles tot "/>
               </TextLine>
               <TextLine ID="region_1637583291362_181l34"
                         BASELINE="670,3260 790,3258 911,3254 1032,3252 1153,3248 1274,3246 1394,3244 1515,3240 1636,3238 1757,3236 1878,3236 1998,3234 2119,3234 2240,3234 2361,3234 2482,3236 2602,3237 2723,3240 2844,3243 2965,3248 3086,3252"
                         HEIGHT="180"
                         WIDTH="2446"
                         VPOS="3141"
                         HPOS="655">
                  <String ID="string_region_1637583291362_181l34"
                          HEIGHT="180"
                          WIDTH="2446"
                          VPOS="3141"
                          HPOS="655"
                          CONTENT="seer goeden coop bedienen f versoecke ul. mij saude ghel"/>
               </TextLine>
               <TextLine ID="region_1637583291362_181l35"
                         BASELINE="640,3362 757,3362 874,3360 992,3360 1109,3358 1227,3358 1344,3356 1461,3356 1579,3354 1696,3352 1814,3352 1931,3352 2048,3352 2166,3352 2283,3352 2401,3352 2518,3354 2635,3356 2753,3358 2870,3361 2988,3364"
                         HEIGHT="145"
                         WIDTH="2380"
                         VPOS="3246"
                         HPOS="623">
                  <String ID="string_region_1637583291362_181l35"
                          HEIGHT="145"
                          WIDTH="2380"
                          VPOS="3246"
                          HPOS="623"
                          CONTENT="=even te adviseren oft iets iedt op ul. saude moghen "/>
               </TextLine>
               <TextLine ID="region_1637583291362_181l36"
                         BASELINE="648,3476 766,3476 885,3474 1004,3472 1122,3470 1241,3468 1360,3466 1478,3463 1597,3461 1716,3460 1835,3458 1953,3456 2072,3456 2191,3456 2309,3458 2428,3460 2547,3462 2665,3466 2784,3472 2903,3479 3022,3486"
                         HEIGHT="178"
                         WIDTH="2405"
                         VPOS="3360"
                         HPOS="633">
                  <String ID="string_region_1637583291362_181l36"
                          HEIGHT="178"
                          WIDTH="2405"
                          VPOS="3360"
                          HPOS="633"
                          CONTENT="trecken alsoo presenndt eenigh gheldt noodigh hebbe ende"/>
               </TextLine>
               <TextLine ID="region_1637583291362_181l37"
                         BASELINE="656,3616 681,3615 706,3613 732,3612 757,3609 783,3606 808,3603 834,3600 859,3597 884,3596 910,3594 935,3594 961,3594 986,3594 1012,3596"
                         HEIGHT="172"
                         WIDTH="397"
                         VPOS="3485"
                         HPOS="634">
                  <String ID="string_region_1637583291362_181l37"
                          HEIGHT="172"
                          WIDTH="397"
                          VPOS="3485"
                          HPOS="634"
                          CONTENT="Blijve"/>
               </TextLine>
               <TextLine ID="region_1637583291362_181l38"
                         BASELINE="2430,3814 2460,3808 2490,3803 2521,3799 2551,3794 2582,3791 2612,3789 2642,3788 2673,3786 2703,3786 2734,3786 2764,3786 2794,3786 2825,3787 2855,3788 2886,3789 2916,3791 2946,3793 2977,3794 3007,3796 3038,3796"
                         HEIGHT="198"
                         WIDTH="640"
                         VPOS="3641"
                         HPOS="2412">
                  <String ID="string_region_1637583291362_181l38"
                          HEIGHT="198"
                          WIDTH="640"
                          VPOS="3641"
                          HPOS="2412"
                          CONTENT="Adij 22 d. 1707"/>
               </TextLine>
               <TextLine ID="region_1637583291362_181l39"
                         BASELINE="438,3872 516,3861 594,3851 672,3843 750,3837 829,3831 907,3827 985,3823 1063,3820 1141,3818 1220,3816 1298,3816 1376,3814 1454,3814 1532,3814 1611,3814 1689,3812 1767,3812 1845,3812 1923,3810 2002,3808"
                         HEIGHT="259"
                         WIDTH="1601"
                         VPOS="3650"
                         HPOS="419">
                  <String ID="string_region_1637583291362_181l39"
                          HEIGHT="259"
                          WIDTH="1601"
                          VPOS="3650"
                          HPOS="419"
                          CONTENT="Brussel wauter van Eloen"/>
               </TextLine>
               <TextLine ID="region_1637583291362_181l40"
                         BASELINE="666,4066 784,4064 902,4060 1020,4059 1138,4057 1257,4056 1375,4054 1493,4054 1611,4052 1729,4052 1848,4050 1966,4050 2084,4050 2202,4050 2320,4050 2439,4050 2557,4050 2675,4050 2793,4050 2911,4050 3030,4050"
                         HEIGHT="144"
                         WIDTH="2396"
                         VPOS="3947"
                         HPOS="650">
                  <String ID="string_region_1637583291362_181l40"
                          HEIGHT="144"
                          WIDTH="2396"
                          VPOS="3947"
                          HPOS="650"
                          CONTENT="sedert de maendt van sber ghepasseert als waneer ul"/>
               </TextLine>
               <TextLine ID="region_1637583291362_181l41"
                         BASELINE="670,4184 791,4182 913,4178 1035,4176 1157,4174 1279,4172 1400,4172 1522,4170 1644,4170 1766,4170 1888,4170 2009,4170 2131,4170 2253,4172 2375,4172 2497,4172 2618,4174 2740,4174 2862,4176 2984,4176 3106,4178"
                         HEIGHT="203"
                         WIDTH="2467"
                         VPOS="4016"
                         HPOS="654">
                  <String ID="string_region_1637583291362_181l41"
                          HEIGHT="203"
                          WIDTH="2467"
                          VPOS="4016"
                          HPOS="654"
                          CONTENT="casveel bij mij coght eenighe bayen soo en hebbe voode"/>
               </TextLine>
               <TextLine ID="region_1637583291362_181l42"
                         BASELINE="666,4308 783,4306 900,4304 1017,4302 1134,4300 1251,4300 1368,4298 1485,4298 1602,4298 1719,4298 1836,4298 1953,4298 2070,4298 2187,4298 2304,4298 2421,4300 2538,4300 2655,4302 2772,4302 2889,4304 3006,4304"
                         HEIGHT="188"
                         WIDTH="2370"
                         VPOS="4178"
                         HPOS="652">
                  <String ID="string_region_1637583291362_181l42"
                          HEIGHT="188"
                          WIDTH="2370"
                          VPOS="4178"
                          HPOS="652"
                          CONTENT="het ghelack niet ghehadt van ul. hier over te sien"/>
               </TextLine>
            </TextBlock>
            <TextBlock ID="region_1637583299042_184"
                       HEIGHT="4308"
                       WIDTH="2714"
                       VPOS="37"
                       HPOS="3120">
               <Shape>
                  <Polygon POINTS="3120,37 5834,42 5834,4345 3120,4340"/>
               </Shape>
               <TextLine ID="region_1637583299042_184l1"
                         BASELINE="3364,102 3483,100 3602,99 3721,98 3840,98 3960,98 4079,98 4198,98 4317,100 4436,100 4556,102 4675,104 4794,104 4913,106 5032,108 5152,110 5271,112 5390,114 5509,116 5628,119 5748,120"
                         HEIGHT="144"
                         WIDTH="2414"
                         VPOS="8"
                         HPOS="3348">
                  <String ID="string_region_1637583299042_184l1"
                          HEIGHT="144"
                          WIDTH="2414"
                          VPOS="8"
                          HPOS="3348"
                          CONTENT=" do net der laete  sier choone pertie verige goederen"/>
               </TextLine>
               <TextLine ID="region_1637583299042_184l2"
                         BASELINE="3356,192 3477,188 3598,184 3719,182 3840,180 3961,180 4082,178 4203,178 4324,180 4445,180 4566,182 4687,184 4808,186 4929,190 5050,193 5171,196 5292,200 5413,204 5534,209 5655,214 5776,220"
                         HEIGHT="121"
                         WIDTH="2452"
                         VPOS="119"
                         HPOS="3341">
                  <String ID="string_region_1637583299042_184l2"
                          HEIGHT="121"
                          WIDTH="2452"
                          VPOS="119"
                          HPOS="3341"
                          CONTENT="van alle soorten hebbe becomen soo neme de liberty sulcx p"/>
               </TextLine>
               <TextLine ID="region_1637583299042_184l3"
                         BASELINE="3344,280 3465,276 3587,272 3708,270 3830,268 3951,266 4073,264 4194,264 4316,266 4437,266 4559,268 4680,270 4802,274 4923,277 5045,281 5166,286 5288,292 5409,298 5531,305 5652,311 5774,320"
                         HEIGHT="131"
                         WIDTH="2461"
                         VPOS="208"
                         HPOS="3329">
                  <String ID="string_region_1637583299042_184l3"
                          HEIGHT="131"
                          WIDTH="2461"
                          VPOS="208"
                          HPOS="3329"
                          CONTENT="desen te adviseren en ul. mijnen dienst te presenteren versoe"/>
               </TextLine>
               <TextLine ID="region_1637583299042_184l4"
                         BASELINE="3312,370 3434,364 3557,357 3679,353 3802,350 3924,347 4047,346 4169,344 4292,346 4414,346 4537,348 4659,352 4782,355 4904,358 5027,364 5149,368 5272,373 5394,378 5517,385 5639,391 5762,398"
                         HEIGHT="160"
                         WIDTH="2481"
                         VPOS="267"
                         HPOS="3297">
                  <String ID="string_region_1637583299042_184l4"
                          HEIGHT="160"
                          WIDTH="2481"
                          VPOS="267"
                          HPOS="3297"
                          CONTENT="=ckende in ghevalle ul ouer compt d'eereaen te doen van eens "/>
               </TextLine>
               <TextLine ID="region_1637583299042_184l5"
                         BASELINE="3368,446 3486,441 3604,437 3722,434 3840,432 3958,430 4076,430 4194,430 4312,430 4430,431 4548,432 4666,435 4784,438 4902,440 5020,444 5138,447 5256,450 5374,454 5492,458 5610,462 5728,466"
                         HEIGHT="143"
                         WIDTH="2392"
                         VPOS="343"
                         HPOS="3351">
                  <String ID="string_region_1637583299042_184l5"
                          HEIGHT="143"
                          WIDTH="2392"
                          VPOS="343"
                          HPOS="3351"
                          CONTENT="te comen sien oft iedts noodigh hebbende mij met een letter"/>
               </TextLine>
               <TextLine ID="region_1637583299042_184l6"
                         BASELINE="3334,540 3457,531 3581,524 3704,518 3828,515 3951,512 4075,510 4198,510 4322,512 4445,512 4569,514 4692,518 4816,521 4939,524 5063,528 5186,532 5310,536 5433,540 5557,544 5680,547 5804,550"
                         HEIGHT="129"
                         WIDTH="2502"
                         VPOS="462"
                         HPOS="3319">
                  <String ID="string_region_1637583299042_184l6"
                          HEIGHT="129"
                          WIDTH="2502"
                          VPOS="462"
                          HPOS="3319"
                          CONTENT="schrifvens te commanderen en ul magh saecke wesen dat ul"/>
               </TextLine>
               <TextLine ID="region_1637583299042_184l7"
                         BASELINE="3354,626 3473,617 3593,610 3713,604 3833,600 3953,597 4072,594 4192,594 4312,594 4432,596 4552,598 4671,600 4791,603 4911,606 5031,610 5151,614 5270,617 5390,620 5510,624 5630,628 5750,630"
                         HEIGHT="124"
                         WIDTH="2427"
                         VPOS="524"
                         HPOS="3338">
                  <String ID="string_region_1637583299042_184l7"
                          HEIGHT="124"
                          WIDTH="2427"
                          VPOS="524"
                          HPOS="3338"
                          CONTENT="nigmandt beeter oft belter coop van alles sal bedienen alsoo"/>
               </TextLine>
               <TextLine ID="region_1637583299042_184l8"
                         BASELINE="3360,720 3480,712 3601,706 3721,701 3842,696 3963,692 4083,690 4204,688 4324,686 4445,684 4566,684 4686,686 4807,687 4927,690 5048,692 5169,696 5289,700 5410,704 5530,709 5651,716 5772,722"
                         HEIGHT="159"
                         WIDTH="2442"
                         VPOS="588"
                         HPOS="3345">
                  <String ID="string_region_1637583299042_184l8"
                          HEIGHT="159"
                          WIDTH="2442"
                          VPOS="588"
                          HPOS="3345"
                          CONTENT="presendt eenigh gheldt noodtsaeckelijck noodigh hebbe soo sal"/>
               </TextLine>
               <TextLine ID="region_1637583299042_184l9"
                         BASELINE="3344,808 3467,801 3591,795 3715,790 3838,786 3962,782 4086,780 4209,778 4333,776 4457,776 4581,776 4704,777 4828,778 4952,780 5075,783 5199,786 5323,790 5446,794 5570,798 5694,802 5818,808"
                         HEIGHT="144"
                         WIDTH="2504"
                         VPOS="701"
                         HPOS="3330">
                  <String ID="string_region_1637583299042_184l9"
                          HEIGHT="144"
                          WIDTH="2504"
                          VPOS="701"
                          HPOS="3330"
                          CONTENT="de vrijheydt ghebruycken het montant vant partijcken van"/>
               </TextLine>
               <TextLine ID="region_1637583299042_184l10"
                         BASELINE="3362,888 3478,883 3594,880 3711,878 3827,876 3944,876 4060,874 4176,874 4293,876 4409,876 4526,878 4642,880 4758,882 4875,884 4991,886 5108,888 5224,890 5340,894 5457,896 5573,898 5690,900"
                         HEIGHT="135"
                         WIDTH="2362"
                         VPOS="823"
                         HPOS="3345">
                  <String ID="string_region_1637583299042_184l10"
                          HEIGHT="135"
                          WIDTH="2362"
                          VPOS="823"
                          HPOS="3345"
                          CONTENT="25 sber pass op ul te trecken bedraeghende poisselgheldt"/>
               </TextLine>
               <TextLine ID="region_1637583299042_184l11"
                         BASELINE="3340,978 3463,978 3587,976 3711,975 3835,974 3959,972 4083,972 4207,972 4331,970 4455,972 4579,972 4702,974 4826,975 4950,978 5074,982 5198,986 5322,991 5446,998 5570,1005 5694,1014 5818,1026"
                         HEIGHT="214"
                         WIDTH="2513"
                         VPOS="876"
                         HPOS="3323">
                  <String ID="string_region_1637583299042_184l11"
                          HEIGHT="214"
                          WIDTH="2513"
                          VPOS="876"
                          HPOS="3323"
                          CONTENT="£61:15:- hoope ul. sulcx niet sal in commoderen, en soo blijve"/>
               </TextLine>
               <TextLine ID="region_1637583299042_184l12"
                         BASELINE="3346,1068 3420,1066 3494,1064 3568,1062 3642,1062 3716,1062 3790,1062 3864,1062 3938,1064 4012,1064 4086,1064 4160,1066 4234,1066 4308,1068 4382,1068 4456,1068 4530,1068 4604,1068 4678,1068 4752,1067 4826,1066"
                         HEIGHT="181"
                         WIDTH="1513"
                         VPOS="962"
                         HPOS="3330">
                  <String ID="string_region_1637583299042_184l12"
                          HEIGHT="181"
                          WIDTH="1513"
                          VPOS="962"
                          HPOS="3330"
                          CONTENT="met offer van dienst in alle occasien"/>
               </TextLine>
               <TextLine ID="region_1637583299042_184l13"
                         BASELINE="3132,1176 3189,1176 3247,1174 3305,1174 3362,1174 3420,1174 3478,1174 3535,1174 3593,1174 3651,1174 3709,1176 3766,1176 3824,1176 3882,1174 3939,1174 3997,1172 4055,1170 4112,1168 4170,1165 4228,1162 4286,1156"
                         HEIGHT="189"
                         WIDTH="1186"
                         VPOS="1057"
                         HPOS="3117">
                  <String ID="string_region_1637583299042_184l13"
                          HEIGHT="189"
                          WIDTH="1186"
                          VPOS="1057"
                          HPOS="3117"
                          CONTENT="nechelen de wed. Betram"/>
               </TextLine>
               <TextLine ID="region_1637583299042_184l14"
                         BASELINE="4664,1180 4718,1177 4772,1176 4826,1174 4880,1174 4934,1174 4988,1176 5042,1177 5096,1178 5150,1180 5204,1184 5258,1186 5312,1189 5366,1191 5420,1194 5474,1198 5528,1200 5582,1205 5636,1206 5690,1210 5744,1214"
                         HEIGHT="174"
                         WIDTH="1118"
                         VPOS="1079"
                         HPOS="4645">
                  <String ID="string_region_1637583299042_184l14"
                          HEIGHT="174"
                          WIDTH="1118"
                          VPOS="1079"
                          HPOS="4645"
                          CONTENT="Anwerp:. 29 Augus. 176"/>
               </TextLine>
               <TextLine ID="region_1637583299042_184l15"
                         BASELINE="3312,1292 3429,1292 3547,1294 3664,1294 3782,1296 3899,1296 4017,1298 4134,1300 4252,1302 4369,1304 4487,1306 4604,1310 4722,1313 4839,1316 4957,1320 5074,1324 5192,1329 5309,1335 5427,1340 5544,1346 5662,1352"
                         HEIGHT="164"
                         WIDTH="2383"
                         VPOS="1193"
                         HPOS="3296">
                  <String ID="string_region_1637583299042_184l15"
                          HEIGHT="164"
                          WIDTH="2383"
                          VPOS="1193"
                          HPOS="3296"
                          CONTENT="sende uehier ingesloten pr ordre van dh: n soon den"/>
               </TextLine>
               <TextLine ID="region_1637583299042_184l16"
                         BASELINE="3320,1420 3441,1416 3562,1414 3683,1412 3804,1410 3925,1410 4046,1412 4167,1414 4288,1416 4409,1418 4531,1422 4652,1425 4773,1428 4894,1433 5015,1437 5136,1440 5257,1445 5378,1449 5499,1453 5620,1456 5742,1460"
                         HEIGHT="226"
                         WIDTH="2453"
                         VPOS="1316"
                         HPOS="3305">
                  <String ID="string_region_1637583299042_184l16"
                          HEIGHT="226"
                          WIDTH="2453"
                          VPOS="1316"
                          HPOS="3305"
                          CONTENT="staelbrief van een paxke geperste laekens die hij mij heeft"/>
               </TextLine>
               <TextLine ID="region_1637583299042_184l17"
                         BASELINE="3356,1550 3471,1542 3587,1538 3703,1534 3818,1532 3934,1530 4050,1530 4165,1532 4281,1534 4397,1538 4513,1541 4628,1546 4744,1550 4860,1556 4975,1560 5091,1566 5207,1572 5322,1576 5438,1582 5554,1586 5670,1590"
                         HEIGHT="215"
                         WIDTH="2349"
                         VPOS="1425"
                         HPOS="3339">
                  <String ID="string_region_1637583299042_184l17"
                          HEIGHT="215"
                          WIDTH="2349"
                          VPOS="1425"
                          HPOS="3339"
                          CONTENT="geordonneert appaert te hooden. ick en twijfele niet oft"/>
               </TextLine>
               <TextLine ID="region_1637583299042_184l18"
                         BASELINE="3332,1658 3450,1652 3568,1647 3686,1645 3804,1644 3922,1644 4040,1644 4158,1646 4276,1649 4394,1653 4512,1658 4630,1662 4748,1668 4866,1672 4984,1678 5102,1684 5220,1690 5338,1694 5456,1698 5574,1704 5692,1706"
                         HEIGHT="182"
                         WIDTH="2395"
                         VPOS="1534"
                         HPOS="3316">
                  <String ID="string_region_1637583299042_184l18"
                          HEIGHT="182"
                          WIDTH="2395"
                          VPOS="1534"
                          HPOS="3316"
                          CONTENT="&amp; ditte paxken sal ue ten uytersten agreenen. hebbe "/>
               </TextLine>
               <TextLine ID="region_1637583299042_184l19"
                         BASELINE="3320,1772 3441,1766 3562,1761 3683,1758 3804,1756 3926,1756 4047,1756 4168,1760 4289,1762 4410,1766 4532,1770 4653,1776 4774,1780 4895,1786 5016,1790 5138,1796 5259,1800 5380,1804 5501,1807 5622,1808 5744,1810"
                         HEIGHT="187"
                         WIDTH="2456"
                         VPOS="1700"
                         HPOS="3304">
                  <String ID="string_region_1637583299042_184l19"
                          HEIGHT="187"
                          WIDTH="2456"
                          VPOS="1700"
                          HPOS="3304"
                          CONTENT="het selve door een gelaeten tot 45 stuyvers wisselgelde"/>
               </TextLine>
               <TextLine ID="region_1637583299042_184l20"
                         BASELINE="3330,1896 3449,1888 3569,1882 3689,1878 3809,1876 3929,1874 4049,1874 4169,1876 4289,1878 4409,1882 4529,1886 4648,1890 4768,1894 4888,1899 5008,1904 5128,1908 5248,1912 5368,1916 5488,1918 5608,1920 5728,1920"
                         HEIGHT="142"
                         WIDTH="2430"
                         VPOS="1798"
                         HPOS="3312">
                  <String ID="string_region_1637583299042_184l20"
                          HEIGHT="142"
                          WIDTH="2430"
                          VPOS="1798"
                          HPOS="3312"
                          CONTENT="ick verwaghte dat ue het selve sal ombreden en ick"/>
               </TextLine>
               <TextLine ID="region_1637583299042_184l21"
                         BASELINE="3318,2016 3442,2008 3566,2004 3690,2000 3815,1996 3939,1996 4063,1996 4188,1996 4312,1998 4436,2002 4561,2005 4685,2010 4809,2014 4933,2018 5058,2024 5182,2028 5306,2034 5431,2038 5555,2042 5679,2046 5804,2050"
                         HEIGHT="223"
                         WIDTH="2520"
                         VPOS="1881"
                         HPOS="3302">
                  <String ID="string_region_1637583299042_184l21"
                          HEIGHT="223"
                          WIDTH="2520"
                          VPOS="1881"
                          HPOS="3302"
                          CONTENT="sal alles doen wat moogelijck is, oock om ue calandisie"/>
               </TextLine>
               <TextLine ID="region_1637583299042_184l22"
                         BASELINE="3344,2138 3463,2132 3582,2127 3702,2122 3821,2120 3941,2118 4060,2116 4179,2118 4299,2118 4418,2120 4538,2122 4657,2126 4776,2129 4896,2133 5015,2138 5135,2143 5254,2148 5373,2152 5493,2159 5612,2163 5732,2170"
                         HEIGHT="201"
                         WIDTH="2418"
                         VPOS="1999"
                         HPOS="3329">
                  <String ID="string_region_1637583299042_184l22"
                          HEIGHT="201"
                          WIDTH="2418"
                          VPOS="1999"
                          HPOS="3329"
                          CONTENT="aen tehaelen ue magh seeker weten dat ue niemant"/>
               </TextLine>
               <TextLine ID="region_1637583299042_184l23"
                         BASELINE="3368,2242 3488,2240 3608,2238 3728,2236 3848,2236 3969,2236 4089,2236 4209,2236 4329,2238 4449,2240 4570,2242 4690,2244 4810,2247 4930,2250 5050,2254 5171,2258 5291,2264 5411,2268 5531,2275 5651,2280 5772,2286"
                         HEIGHT="223"
                         WIDTH="2437"
                         VPOS="2137"
                         HPOS="3351">
                  <String ID="string_region_1637583299042_184l23"
                          HEIGHT="223"
                          WIDTH="2437"
                          VPOS="2137"
                          HPOS="3351"
                          CONTENT="tot beeter coop als ick in alles sal bedienen die blijve"/>
               </TextLine>
               <TextLine ID="region_1637583299042_184l24"
                         BASELINE="3350,2366 3468,2362 3587,2361 3706,2360 3824,2358 3943,2358 4062,2358 4180,2360 4299,2361 4418,2362 4537,2364 4655,2367 4774,2370 4893,2374 5011,2376 5130,2381 5249,2386 5367,2390 5486,2394 5605,2400 5724,2404"
                         HEIGHT="149"
                         WIDTH="2405"
                         VPOS="2262"
                         HPOS="3335">
                  <String ID="string_region_1637583299042_184l24"
                          HEIGHT="149"
                          WIDTH="2405"
                          VPOS="2262"
                          HPOS="3335"
                          CONTENT="naer cordiale groetenisse en afwachtinge van ue "/>
               </TextLine>
               <TextLine ID="region_1637583299042_184l25"
                         BASELINE="3372,2466 3401,2467 3431,2469 3461,2470 3491,2472 3521,2473 3550,2474 3580,2474 3610,2474 3640,2476 3670,2476 3699,2476 3729,2476 3759,2476 3789,2476 3819,2476 3848,2476 3878,2475 3908,2474 3938,2474 3968,2474"
                         HEIGHT="164"
                         WIDTH="631"
                         VPOS="2364"
                         HPOS="3355">
                  <String ID="string_region_1637583299042_184l25"
                          HEIGHT="164"
                          WIDTH="631"
                          VPOS="2364"
                          HPOS="3355"
                          CONTENT="commande"/>
               </TextLine>
               <TextLine ID="region_1637583299042_184l26"
                         BASELINE="3168,2640 3225,2633 3283,2628 3341,2624 3398,2620 3456,2618 3514,2616 3571,2616 3629,2614 3687,2614 3745,2614 3802,2614 3860,2616 3918,2616 3975,2614 4033,2614 4091,2613 4148,2611 4206,2609 4264,2605 4322,2600"
                         HEIGHT="197"
                         WIDTH="1188"
                         VPOS="2486"
                         HPOS="3150">
                  <String ID="string_region_1637583299042_184l26"
                          HEIGHT="197"
                          WIDTH="1188"
                          VPOS="2486"
                          HPOS="3150"
                          CONTENT="Brussel henrij de Baune"/>
               </TextLine>
               <TextLine ID="region_1637583299042_184l27"
                         BASELINE="5178,2662 5204,2659 5230,2655 5256,2652 5282,2650 5309,2649 5335,2647 5361,2644 5387,2643 5414,2642 5440,2642 5466,2642 5492,2642 5518,2642 5545,2643 5571,2644 5597,2647 5623,2649 5650,2652"
                         HEIGHT="193"
                         WIDTH="508"
                         VPOS="2537"
                         HPOS="5159">
                  <String ID="string_region_1637583299042_184l27"
                          HEIGHT="193"
                          WIDTH="508"
                          VPOS="2537"
                          HPOS="5159"
                          CONTENT="Adij 29 d"/>
               </TextLine>
               <TextLine ID="region_1637583299042_184l28"
                         BASELINE="3330,2760 3444,2762 3559,2764 3674,2766 3788,2770 3903,2772 4018,2776 4132,2779 4247,2782 4362,2786 4477,2788 4591,2790 4706,2794 4821,2796 4935,2797 5050,2798 5165,2798 5279,2798 5394,2798 5509,2796 5624,2794"
                         HEIGHT="251"
                         WIDTH="2326"
                         VPOS="2628"
                         HPOS="3314">
                  <String ID="string_region_1637583299042_184l28"
                          HEIGHT="251"
                          WIDTH="2326"
                          VPOS="2628"
                          HPOS="3314"
                          CONTENT="desen tot advies dat ul saterdagh ghepasseert met het"/>
               </TextLine>
               <TextLine ID="region_1637583299042_184l29"
                         BASELINE="3368,2876 3485,2876 3602,2876 3719,2876 3836,2878 3954,2879 4071,2880 4188,2883 4305,2885 4422,2888 4540,2890 4657,2892 4774,2895 4891,2898 5008,2900 5126,2902 5243,2903 5360,2904 5477,2906 5594,2906 5712,2906"
                         HEIGHT="130"
                         WIDTH="2374"
                         VPOS="2821"
                         HPOS="3353">
                  <String ID="string_region_1637583299042_184l29"
                          HEIGHT="130"
                          WIDTH="2374"
                          VPOS="2821"
                          HPOS="3353"
                          CONTENT="beurt schip op Brussel hebbe gheadreseert a l'ordinair"/>
               </TextLine>
               <TextLine ID="region_1637583299042_184l30"
                         BASELINE="3340,2994 3463,2990 3587,2988 3711,2986 3834,2984 3958,2985 4082,2986 4205,2988 4329,2990 4453,2994 4577,2997 4700,3001 4824,3006 4948,3010 5071,3015 5195,3020 5319,3025 5442,3031 5566,3036 5690,3040 5814,3046"
                         HEIGHT="218"
                         WIDTH="2509"
                         VPOS="2878"
                         HPOS="3323">
                  <String ID="string_region_1637583299042_184l30"
                          HEIGHT="218"
                          WIDTH="2509"
                          VPOS="2878"
                          HPOS="3323"
                          CONTENT="een clijne packecken ghemerck 312 daer versoecke ghelieft"/>
               </TextLine>
               <TextLine ID="region_1637583299042_184l31"
                         BASELINE="3322,3104 3446,3102 3571,3100 3696,3098 3820,3098 3945,3098 4070,3098 4194,3100 4319,3101 4444,3104 4569,3106 4693,3110 4818,3114 4943,3120 5067,3126 5192,3132 5317,3140 5441,3149 5566,3159 5691,3170 5816,3182"
                         HEIGHT="214"
                         WIDTH="2527"
                         VPOS="3021"
                         HPOS="3307">
                  <String ID="string_region_1637583299042_184l31"
                          HEIGHT="214"
                          WIDTH="2527"
                          VPOS="3021"
                          HPOS="3307"
                          CONTENT="voor sorghe te draeghen en p. eerste occasie op Berghen"/>
               </TextLine>
               <TextLine ID="region_1637583299042_184l32"
                         BASELINE="3324,3220 3447,3218 3571,3218 3695,3218 3818,3218 3942,3218 4066,3218 4189,3220 4313,3222 4437,3224 4561,3226 4684,3230 4808,3234 4932,3238 5055,3244 5179,3249 5303,3254 5426,3261 5550,3269 5674,3276 5798,3284"
                         HEIGHT="191"
                         WIDTH="2505"
                         VPOS="3114"
                         HPOS="3309">
                  <String ID="string_region_1637583299042_184l32"
                          HEIGHT="191"
                          WIDTH="2505"
                          VPOS="3114"
                          HPOS="3309"
                          CONTENT="voorts te senden aen Joffe de wed.  Bapt. Mcasson"/>
               </TextLine>
               <TextLine ID="region_1637583299042_184l33"
                         BASELINE="3336,3340 3456,3338 3577,3338 3698,3338 3819,3338 3940,3338 4061,3340 4182,3340 4303,3342 4424,3345 4545,3348 4665,3350 4786,3354 4907,3358 5028,3362 5149,3366 5270,3370 5391,3376 5512,3381 5633,3386 5754,3392"
                         HEIGHT="209"
                         WIDTH="2452"
                         VPOS="3214"
                         HPOS="3319">
                  <String ID="string_region_1637583299042_184l33"
                          HEIGHT="209"
                          WIDTH="2452"
                          VPOS="3214"
                          HPOS="3319"
                          CONTENT="en ul. sal my veroblligeren het packsxken andt in"/>
               </TextLine>
               <TextLine ID="region_1637583299042_184l34"
                         BASELINE="3340,3456 3462,3456 3584,3456 3706,3454 3829,3454 3951,3454 4073,3454 4196,3456 4318,3456 4440,3456 4563,3458 4685,3460 4807,3462 4929,3465 5052,3468 5174,3472 5296,3477 5419,3484 5541,3490 5663,3496 5786,3504"
                         HEIGHT="171"
                         WIDTH="2478"
                         VPOS="3382"
                         HPOS="3324">
                  <String ID="string_region_1637583299042_184l34"
                          HEIGHT="171"
                          WIDTH="2478"
                          VPOS="3382"
                          HPOS="3324"
                          CONTENT="5 witte baijck in alle voor vallen de occasien b lijgee"/>
               </TextLine>
               <TextLine ID="region_1637583299042_184l35"
                         BASELINE="3118,3642 3194,3635 3270,3628 3346,3623 3422,3619 3499,3616 3575,3614 3651,3614 3727,3614 3803,3614 3880,3615 3956,3616 4032,3618 4108,3620 4184,3622 4261,3624 4337,3626 4413,3628 4489,3628 4565,3630 4642,3630"
                         HEIGHT="263"
                         WIDTH="1556"
                         VPOS="3458"
                         HPOS="3101">
                  <String ID="string_region_1637583299042_184l35"
                          HEIGHT="263"
                          WIDTH="1556"
                          VPOS="3458"
                          HPOS="3101"
                          CONTENT="Brughe Gillies van Copperole"/>
               </TextLine>
               <TextLine ID="region_1637583299042_184l36"
                         BASELINE="5080,3646 5107,3645 5135,3643 5163,3642 5190,3642 5218,3640 5246,3640 5273,3640 5301,3640 5329,3642 5357,3642 5384,3642 5412,3644 5440,3645 5467,3647 5495,3648 5523,3649 5550,3652 5578,3654 5606,3655 5634,3656"
                         HEIGHT="199"
                         WIDTH="588"
                         VPOS="3507"
                         HPOS="5064">
                  <String ID="string_region_1637583299042_184l36"
                          HEIGHT="199"
                          WIDTH="588"
                          VPOS="3507"
                          HPOS="5064"
                          CONTENT="Adij 30 d. A"/>
               </TextLine>
               <TextLine ID="region_1637583299042_184l37"
                         BASELINE="3350,3816 3467,3818 3585,3818 3703,3820 3821,3820 3939,3820 4057,3822 4175,3822 4293,3822 4411,3822 4529,3822 4646,3822 4764,3822 4882,3822 5000,3822 5118,3820 5236,3820 5354,3820 5472,3820 5590,3820 5708,3820"
                         HEIGHT="178"
                         WIDTH="2389"
                         VPOS="3693"
                         HPOS="3334">
                  <String ID="string_region_1637583299042_184l37"
                          HEIGHT="178"
                          WIDTH="2389"
                          VPOS="3693"
                          HPOS="3334"
                          CONTENT="uk. aenghenaeme van 4 court hebbe het sijnen tijde wel"/>
               </TextLine>
               <TextLine ID="region_1637583299042_184l38"
                         BASELINE="3352,3952 3464,3944 3577,3938 3690,3932 3803,3930 3916,3926 4029,3924 4142,3922 4255,3922 4368,3922 4481,3922 4593,3922 4706,3922 4819,3924 4932,3924 5045,3924 5158,3922 5271,3922 5384,3920 5497,3918 5610,3914"
                         HEIGHT="154"
                         WIDTH="2290"
                         VPOS="3827"
                         HPOS="3335">
                  <String ID="string_region_1637583299042_184l38"
                          HEIGHT="154"
                          WIDTH="2290"
                          VPOS="3827"
                          HPOS="3335"
                          CONTENT="ontfanghen benevens dien van 28 d. wat aengaet de"/>
               </TextLine>
               <TextLine ID="region_1637583299042_184l39"
                         BASELINE="3340,4068 3458,4062 3577,4058 3696,4054 3814,4052 3933,4050 4052,4048 4170,4046 4289,4046 4408,4046 4527,4046 4645,4046 4764,4044 4883,4044 5001,4044 5120,4044 5239,4042 5357,4040 5476,4038 5595,4034 5714,4030"
                         HEIGHT="194"
                         WIDTH="2405"
                         VPOS="3933"
                         HPOS="3325">
                  <String ID="string_region_1637583299042_184l39"
                          HEIGHT="194"
                          WIDTH="2405"
                          VPOS="3933"
                          HPOS="3325"
                          CONTENT="misbaeren die den schipper ghemaeckt heeft compe"/>
               </TextLine>
               <TextLine ID="region_1637583299042_184l40"
                         BASELINE="3346,4190 3463,4188 3580,4186 3698,4184 3815,4182 3933,4182 4050,4180 4167,4180 4285,4178 4402,4178 4520,4178 4637,4178 4754,4176 4872,4176 4989,4174 5107,4174 5224,4172 5341,4170 5459,4167 5576,4164 5694,4160"
                         HEIGHT="198"
                         WIDTH="2381"
                         VPOS="4040"
                         HPOS="3330">
                  <String ID="string_region_1637583299042_184l40"
                          HEIGHT="198"
                          WIDTH="2381"
                          VPOS="4040"
                          HPOS="3330"
                          CONTENT="weijnigh apropos de lietde begindt van sijn selven"/>
               </TextLine>
               <TextLine ID="region_1637583299042_184l41"
                         BASELINE="3352,4312 3466,4312 3581,4310 3696,4310 3811,4310 3926,4308 4040,4308 4155,4308 4270,4306 4385,4306 4500,4304 4614,4304 4729,4302 4844,4300 4959,4299 5074,4296 5188,4295 5303,4292 5418,4290 5533,4286 5648,4284"
                         HEIGHT="152"
                         WIDTH="2328"
                         VPOS="4190"
                         HPOS="3336">
                  <String ID="string_region_1637583299042_184l41"
                          HEIGHT="152"
                          WIDTH="2328"
                          VPOS="4190"
                          HPOS="3336"
                          CONTENT="en compasie compt niet te pas in regarde wat hij"/>
               </TextLine>
            </TextBlock>
         </PrintSpace>
      </Page>
   </Layout>
</alto>
