6264 4467
826 75 2177 118 a 12 heures tellement que ie vous les envoye

793 175 2278 206 cy inclusey piant m'adviser s'il q en a qils

829 280 2264 195 vous agrient  denire piesce est pars p.

774 393 2301 172 le messager eet apresdyne et ie metterez les

755 507 2304 206 draps rouges dans le au pour demaine et cito

782 617 2174 268 quiils seront prests ie vous les envoyeraz

830 719 2094 220 entre temps ie me dit en touttes occasions

2072 826 909 241 Ady 1 bprili 107

640 886 1009 200 mechelen f Bosselaer

838 976 2177 213 tot antwoort van de ue van gisteeren en hebbe

826 1129 2180 203 geen blouwe ongefuseerde carseyen meer soo als

831 1222 2183 226 aen ue hebbe gesonden. sal van de gespseerde

834 1340 2221 209 loorte heden twee in de verfgeven en laeten

841 1467 2253 206 perten. sien dat ue van ihtantie is alhier over

792 1591 2248 173 te coemen ingevallen het dese weeke noch coste

821 1734 2217 154 de layeeren te gent het eynde ende beginssel van

806 1819 2167 196 het naersteoemende sullen alle de versche

826 1957 2193 186 goederen beginnen hier te coemen van de

726 2053 2353 176 laeste gearriveerde Londons vloote en dan sal

839 2182 2264 178 ick ue laeten sien de schoonste nieuwe moede

827 2288 2251 207 couleure spaensche laekens van alle prijsen

808 2419 2270 150 die ue oeyt sal gesien hebben en sal ue in alle

803 2522 2274 224 occasien seer goeden coop bedienen die blijve

2265 2640 518 221 adij 15 ditto

643 2644 964 251 Brussel P. Segers

839 2810 2355 149 en can niet naer laeten ue te adviseren dat de Londons vloote

854 2946 2358 149 wel is gearriveert ende dat die van hull alle daegen insgelijckx

847 3015 2274 185 neort verwaght de goederen van London sullen buyten

839 3111 2296 196 twijffel voor het eynde van de toecommende weeke heer

836 3228 2262 185 wesen ick en tweijffele niet oft nu met het voor gaert

844 3319 2357 165 sulder al iets van ue dienst voorvallen ick recommandere

830 3428 2372 184 mij in ue genegent hent en de verseeckere ue dat ue ten

840 3573 2337 127 buttersten ciuiel en goeden coop in alle voorvallende

874 3655 1661 169 occasien sal bedienen die Blijve

2852 3763 60 65 28

2732 3760 90 99 d

2374 3779 575 208 adij 9

634 3782 1473 219 Brussel J vander Borght

841 3948 2381 211 ingekolge ue aengenaeme van 8 court soo hebbe het carmosijn

831 4120 2371 144 laecken aen mons. vander lammen ter handt gestelt

848 4221 2324 159 dat niet en twijffele oft & sal ue achter volgens

3389 0 2454 188 aesnoorden esen dient principnce tos advics det

3371 147 2362 125 de londons vloote wel geariseert is ende dat die van

3376 216 2365 152 hull met Godts gratie alle daegen vermaght wors

3376 285 2462 186 hebbe daer mede een seer schoone partije van alderhane

3360 406 2509 161 de goederen en can ick mers mede dienen ue magh

3387 525 2497 136 seecker wesen dat niemant int landt ue beeter d

3373 571 1824 192 coop en sal bedienen dan die Blijve

4989 677 786 187 adij 15 April 1709

3244 687 1204 263 Brussel h Rijssels

3381 822 2346 188 en can nu niet naer laeten ue te adviseren dat de

3382 963 2416 178 Londons eloote Godt kof wel is gearriveert ende dat

3372 1052 2431 209 mijne meeste packen daer oyt voor nu van Rotterd al

3369 1160 2429 241 sijn gesonden die met godts gratie alle daegen tot lille

3375 1200 2468 270 verwaghte ick en twijffele niet oft de meeste goederen

3367 1338 2517 254 daer van sullen tegens het eynde oft uytterlijck de halve

3357 1439 2542 262 naest commende weecke altemael hier wesen de hulsche

3373 1542 2322 221 schepen sijn noch niet gearriveert doch worden

3361 1620 2469 256 eerst daeghs oock verwaght het is mij ommogelijck om

3356 1744 2532 220 ue mijne stael boecken af te senden soo als neet gewenst

3354 1845 2546 209 hadde want alle daegen worter mij al hier van

3351 1970 2428 200 d'een en d'ander naer gevraeght in alles daer ick

3366 2077 2482 197 ue mede can dienen maghre versechert wesen dat in

3366 2167 2460 200 Antrerpen van niemant beter coop en sult bedient

3348 2302 1518 213 worden dan van die blijve

3266 2394 2507 251 Brussel de wed. vander Borght ady d

3355 2490 2497 249 en can nu niet naer laeten ue te adviseren dat de londonde

3334 2678 2504 203 vloote Godt lof wel is gearriveert ende dat mijne meeste

3364 2790 2366 202 packen daer uyt voornu van Rotterd. af sijn gesonden

3336 2908 2501 191 die met Godts gratie alle daegen tot lillo verwaghte ick en

3341 3012 2491 181 twijffele niet oft de meeste goederen daer van sullen tegens

3332 3106 2520 244 het eynde oft uytterlijck de halve naert commende wecke

3328 3274 2527 149 alte mael hier wesen de hulsche schepen en sijn noch niet

3348 3362 2515 229 gearriveert doch worden eerst daeghs onck verwaght en

3338 3481 2495 157 alles daer ick ue can mede dienen magh ue verseekert

3348 3599 2550 141 wesen dat in geheel antwerp niet beter coop sult vordi

3342 3682 2540 156 gedient: ick verhope het n met ue gesent hejt wat

3345 3783 2300 179 beter gaet ende dat den soemer daer mede sal aen

3326 3928 2513 183 contribueren dat mij aengenaem sal sijn te vernemen

3338 4078 2299 162 die Blijve naer cordiaere groet nisse als aen

3320 4142 1022 224 pheel ve famillie

5000 4239 88 94 adj
