<?xml version="1.0" encoding="UTF-8"?>
<alto xmlns:xsi="http://www.w3.org/2001/XMLSchema-instance"
      xmlns="http://www.loc.gov/standards/alto/ns-v4#"
      xmlns:page="http://schema.primaresearch.org/PAGE/gts/pagecontent/2013-07-15"
      xsi:schemaLocation="http://www.loc.gov/standards/alto/ns-v4# https://www.loc.gov/standards/alto/v4/alto.xsd">
   <Description>
      <MeasurementUnit>pixel</MeasurementUnit>
      <OCRProcessing ID="IdOcr">
         <ocrProcessingStep>
            <processingDateTime>2022-02-11T21:31:29.955+01:00</processingDateTime>
            <processingSoftware>
               <softwareCreator>READ COOP</softwareCreator>
               <softwareName>Transkribus</softwareName>
            </processingSoftware>
         </ocrProcessingStep>
      </OCRProcessing>
   </Description>
   <Layout>
      <Page ID="Page1" PHYSICAL_IMG_NR="1" HEIGHT="4407" WIDTH="6146">
         <TopMargin HEIGHT="0" WIDTH="6146" VPOS="0" HPOS="0"/>
         <LeftMargin HEIGHT="4407" WIDTH="0" VPOS="0" HPOS="0"/>
         <RightMargin HEIGHT="4407" WIDTH="0" VPOS="0" HPOS="6146"/>
         <BottomMargin HEIGHT="0" WIDTH="6146" VPOS="4407" HPOS="0"/>
         <PrintSpace HEIGHT="4407" WIDTH="6146" VPOS="0" HPOS="0">
            <TextBlock ID="region_1637585151029_715"
                       HEIGHT="4328"
                       WIDTH="2627"
                       VPOS="52"
                       HPOS="492">
               <Shape>
                  <Polygon POINTS="492,52 3119,52 3119,4380 492,4380"/>
               </Shape>
               <TextLine ID="region_1637585151029_715l1"
                         BASELINE="776,124 848,122 920,120 993,118 1065,116 1138,113 1210,110 1282,108 1355,106 1427,106 1500,104 1572,103 1644,102 1717,102 1789,102 1862,102 1934,104 2006,106 2079,108 2151,110 2224,114"
                         HEIGHT="100"
                         WIDTH="1482"
                         VPOS="60"
                         HPOS="759">
                  <String ID="string_region_1637585151029_715l1"
                          HEIGHT="100"
                          WIDTH="1482"
                          VPOS="60"
                          HPOS="759"
                          CONTENT="te connen afgeven ick groete ul. en "/>
               </TextLine>
               <TextLine ID="region_1637585151029_715l2"
                         BASELINE="766,194 823,194 880,194 937,194 995,194 1052,193 1109,192 1167,192 1224,190 1281,190 1339,188 1396,188 1453,186 1510,184 1568,184 1625,182 1682,180 1740,178 1797,177 1854,176 1912,174"
                         HEIGHT="107"
                         WIDTH="1178"
                         VPOS="106"
                         HPOS="749">
                  <String ID="string_region_1637585151029_715l2"
                          HEIGHT="107"
                          WIDTH="1178"
                          VPOS="106"
                          HPOS="749"
                          CONTENT="voor rekenls van ons beyde de helft"/>
               </TextLine>
               <TextLine ID="region_1637585151029_715l3"
                         BASELINE="792,258 890,258 988,256 1087,254 1185,254 1284,252 1382,250 1480,250 1579,248 1677,248 1776,246 1874,246 1972,246 2071,246 2169,246 2268,248 2366,248 2464,250 2563,253 2661,256 2760,260"
                         HEIGHT="154"
                         WIDTH="1996"
                         VPOS="156"
                         HPOS="778">
                  <String ID="string_region_1637585151029_715l3"
                          HEIGHT="154"
                          WIDTH="1996"
                          VPOS="156"
                          HPOS="778"
                          CONTENT="remise op henrij carter meert srcos van 1 £150:- a ƒ333:2"/>
               </TextLine>
               <TextLine ID="region_1637585151029_715l4"
                         BASELINE="780,318 850,320 921,321 991,322 1062,322 1133,322 1203,322 1274,322 1344,321 1415,320 1486,320 1556,319 1627,318 1697,318 1768,318 1839,318 1909,318 1980,318 2050,318 2121,318 2192,320"
                         HEIGHT="71"
                         WIDTH="1440"
                         VPOS="276"
                         HPOS="766">
                  <String ID="string_region_1637585151029_715l4"
                          HEIGHT="71"
                          WIDTH="1440"
                          VPOS="276"
                          HPOS="766"
                          CONTENT="remise sijnde den prima en seconde geaccept."/>
               </TextLine>
               <TextLine ID="region_1637585151029_715l5"
                         BASELINE="758,384 829,386 901,387 973,388 1044,388 1116,390 1188,390 1259,388 1331,388 1403,388 1475,386 1546,386 1618,384 1690,384 1761,384 1833,382 1905,382 1976,382 2048,384 2120,384 2192,386"
                         HEIGHT="92"
                         WIDTH="1465"
                         VPOS="323"
                         HPOS="742">
                  <String ID="string_region_1637585151029_715l5"
                          HEIGHT="92"
                          WIDTH="1465"
                          VPOS="323"
                          HPOS="742"
                          CONTENT="bij m. nacolas ourse op Robert fleteher van bcour"/>
               </TextLine>
               <TextLine ID="region_1637585151029_715l6"
                         BASELINE="734,452 760,450 786,450 812,450 838,452 864,453 890,454 916,455 942,456"
                         HEIGHT="133"
                         WIDTH="242"
                         VPOS="372"
                         HPOS="717">
                  <String ID="string_region_1637585151029_715l6"
                          HEIGHT="133"
                          WIDTH="242"
                          VPOS="372"
                          HPOS="717"
                          CONTENT="a usos"/>
               </TextLine>
               <TextLine ID="region_1637585151029_715l7"
                         BASELINE="2112,496 2139,497 2167,498 2194,498 2222,498 2250,498 2277,500 2305,500 2332,500 2360,500 2388,500 2415,500 2443,500 2470,500 2498,500 2526,500 2553,498 2581,498 2608,496 2636,495 2664,492"
                         HEIGHT="129"
                         WIDTH="583"
                         VPOS="405"
                         HPOS="2096">
                  <String ID="string_region_1637585151029_715l7"
                          HEIGHT="129"
                          WIDTH="583"
                          VPOS="405"
                          HPOS="2096"
                          CONTENT="„100:- a ƒ 333:7"/>
               </TextLine>
               <TextLine ID="region_1637585151029_715l8"
                         BASELINE="738,558 770,555 803,553 836,552 868,551 901,550 934,550 966,550 999,550 1032,550 1065,550 1097,550 1130,550 1163,550 1195,550 1228,550 1261,550 1293,550 1326,548 1359,546 1392,544"
                         HEIGHT="161"
                         WIDTH="686"
                         VPOS="443"
                         HPOS="723">
                  <String ID="string_region_1637585151029_715l8"
                          HEIGHT="161"
                          WIDTH="686"
                          VPOS="443"
                          HPOS="723"
                          CONTENT="London 7os ƒ33:3 a 5"/>
               </TextLine>
               <TextLine ID="region_1637585151029_715l9"
                         BASELINE="2058,586 2083,582 2108,582 2133,580 2158,580 2183,580 2208,580 2233,578 2258,575 2283,572 2308,565 2334,556"
                         HEIGHT="118"
                         WIDTH="311"
                         VPOS="493"
                         HPOS="2037">
                  <String ID="string_region_1637585151029_715l9"
                          HEIGHT="118"
                          WIDTH="311"
                          VPOS="493"
                          HPOS="2037"
                          CONTENT="£250"/>
               </TextLine>
               <TextLine ID="region_1637585151029_715l10"
                         BASELINE="560,724 620,718 681,714 742,710 802,707 863,704 924,702 984,700 1045,698 1106,698 1167,696 1227,696 1288,696 1349,696 1409,696 1470,694 1531,694 1591,694 1652,693 1713,692 1774,690"
                         HEIGHT="172"
                         WIDTH="1249"
                         VPOS="585"
                         HPOS="542">
                  <String ID="string_region_1637585151029_715l10"
                          HEIGHT="172"
                          WIDTH="1249"
                          VPOS="585"
                          HPOS="542"
                          CONTENT="London scaven en Stock dale"/>
               </TextLine>
               <TextLine ID="region_1637585151029_715l11"
                         BASELINE="2476,714 2501,711 2526,710 2551,708 2576,708 2601,707 2626,706 2651,706 2676,706 2701,706 2726,706 2751,707 2776,708 2801,708 2826,709 2851,710 2876,710 2901,710 2926,710 2951,712 2976,712"
                         HEIGHT="142"
                         WIDTH="532"
                         VPOS="618"
                         HPOS="2460">
                  <String ID="string_region_1637585151029_715l11"
                          HEIGHT="142"
                          WIDTH="532"
                          VPOS="618"
                          HPOS="2460"
                          CONTENT="Adij 12 Avril 1708"/>
               </TextLine>
               <TextLine ID="region_1637585151029_715l12"
                         BASELINE="764,832 881,829 998,826 1115,825 1232,822 1350,821 1467,820 1584,818 1701,817 1818,816 1936,816 2053,816 2170,816 2287,818 2404,820 2522,823 2639,826 2756,830 2873,836 2990,842 3108,848"
                         HEIGHT="166"
                         WIDTH="2374"
                         VPOS="720"
                         HPOS="749">
                  <String ID="string_region_1637585151029_715l12"
                          HEIGHT="166"
                          WIDTH="2374"
                          VPOS="720"
                          HPOS="749"
                          CONTENT="i'ay bien reccu la chere vre du 9 du passe avec facture connossements et vs chan"/>
               </TextLine>
               <TextLine ID="region_1637585151029_715l13"
                         BASELINE="730,910 847,905 964,902 1082,898 1199,896 1317,893 1434,891 1551,890 1669,888 1786,888 1904,888 2021,888 2138,888 2256,890 2373,890 2491,892 2608,894 2725,896 2843,896 2960,899 3078,902"
                         HEIGHT="99"
                         WIDTH="2381"
                         VPOS="840"
                         HPOS="714">
                  <String ID="string_region_1637585151029_715l13"
                          HEIGHT="99"
                          WIDTH="2381"
                          VPOS="840"
                          HPOS="714"
                          CONTENT="Hilions de trois ballots charge dans les vaisseause y mentionee pour Rotterdam"/>
               </TextLine>
               <TextLine ID="region_1637585151029_715l14"
                         BASELINE="760,972 876,970 992,968 1109,966 1225,964 1342,962 1458,960 1574,958 1691,958 1807,956 1924,955 2040,954 2156,954 2273,954 2389,954 2506,955 2622,956 2738,958 2855,960 2971,962 3088,964"
                         HEIGHT="99"
                         WIDTH="2359"
                         VPOS="894"
                         HPOS="745">
                  <String ID="string_region_1637585151029_715l14"
                          HEIGHT="99"
                          WIDTH="2359"
                          VPOS="894"
                          HPOS="745"
                          CONTENT="despere qu'il y aura un bon et surtsant convoy comme me marquez puis qui"/>
               </TextLine>
               <TextLine ID="region_1637585151029_715l15"
                         BASELINE="742,1040 860,1036 978,1032 1096,1030 1215,1028 1333,1026 1451,1025 1570,1024 1688,1024 1806,1024 1925,1024 2043,1024 2161,1026 2279,1026 2398,1026 2516,1028 2634,1028 2753,1030 2871,1030 2989,1030 3108,1032"
                         HEIGHT="120"
                         WIDTH="2399"
                         VPOS="949"
                         HPOS="726">
                  <String ID="string_region_1637585151029_715l15"
                          HEIGHT="120"
                          WIDTH="2399"
                          VPOS="949"
                          HPOS="726"
                          CONTENT="l'on fera len mes me temps un sransport pour larmee dieu vieulle que cette"/>
               </TextLine>
               <TextLine ID="region_1637585151029_715l16"
                         BASELINE="746,1104 861,1100 977,1095 1092,1091 1208,1088 1324,1086 1439,1086 1555,1086 1670,1086 1786,1086 1902,1086 2017,1088 2133,1090 2248,1090 2364,1092 2480,1092 2595,1094 2711,1094 2826,1094 2942,1094 3058,1094"
                         HEIGHT="80"
                         WIDTH="2343"
                         VPOS="1051"
                         HPOS="731">
                  <String ID="string_region_1637585151029_715l16"
                          HEIGHT="80"
                          WIDTH="2343"
                          VPOS="1051"
                          HPOS="731"
                          CONTENT="slote peut avoir mellieur succes que la derniere et arriver sans malheur "/>
               </TextLine>
               <TextLine ID="region_1637585151029_715l17"
                         BASELINE="738,1162 852,1158 966,1154 1080,1152 1194,1150 1308,1148 1422,1148 1536,1148 1650,1148 1764,1149 1878,1150 1992,1152 2106,1152 2220,1154 2334,1154 2448,1156 2562,1156 2676,1156 2790,1156 2904,1154 3018,1154"
                         HEIGHT="112"
                         WIDTH="2310"
                         VPOS="1087"
                         HPOS="723">
                  <String ID="string_region_1637585151029_715l17"
                          HEIGHT="112"
                          WIDTH="2310"
                          VPOS="1087"
                          HPOS="723"
                          CONTENT="selon les dernieres lettres du 26 du passe que nous avons reccu hier le iour du -"/>
               </TextLine>
               <TextLine ID="region_1637585151029_715l18"
                         BASELINE="756,1214 871,1212 987,1212 1102,1212 1218,1210 1334,1210 1449,1210 1565,1209 1680,1208 1796,1208 1912,1208 2027,1208 2143,1210 2258,1210 2374,1210 2490,1211 2605,1212 2721,1214 2836,1214 2952,1216 3068,1218"
                         HEIGHT="104"
                         WIDTH="2344"
                         VPOS="1147"
                         HPOS="741">
                  <String ID="string_region_1637585151029_715l18"
                          HEIGHT="104"
                          WIDTH="2344"
                          VPOS="1147"
                          HPOS="741"
                          CONTENT="depart n'estoit pas encorfixe. d'abord que i'ay receu les eschantillions ie "/>
               </TextLine>
               <TextLine ID="region_1637585151029_715l19"
                         BASELINE="744,1268 861,1270 979,1270 1096,1272 1214,1272 1332,1272 1449,1272 1567,1272 1684,1272 1802,1272 1920,1272 2037,1272 2155,1272 2272,1272 2390,1272 2508,1274 2625,1274 2743,1276 2860,1278 2978,1282 3096,1284"
                         HEIGHT="98"
                         WIDTH="2384"
                         VPOS="1222"
                         HPOS="729">
                  <String ID="string_region_1637585151029_715l19"
                          HEIGHT="98"
                          WIDTH="2384"
                          VPOS="1222"
                          HPOS="729"
                          CONTENT="envoyez ches mey chaland pour leur faire voir tellement que ie n'ay les plle exa"/>
               </TextLine>
               <TextLine ID="region_1637585151029_715l20"
                         BASELINE="736,1334 854,1334 972,1332 1090,1332 1208,1331 1327,1330 1445,1330 1563,1330 1681,1330 1799,1330 1918,1330 2036,1330 2154,1331 2272,1332 2390,1334 2509,1336 2627,1338 2745,1340 2863,1343 2981,1346 3100,1350"
                         HEIGHT="112"
                         WIDTH="2395"
                         VPOS="1284"
                         HPOS="721">
                  <String ID="string_region_1637585151029_715l20"
                          HEIGHT="112"
                          WIDTH="2395"
                          VPOS="1284"
                          HPOS="721"
                          CONTENT="=mainer et vous en escrite mon sentiment ce que ie seray cependantt ie m'estone"/>
               </TextLine>
               <TextLine ID="region_1637585151029_715l21"
                         BASELINE="752,1396 866,1394 980,1392 1094,1390 1208,1390 1323,1390 1437,1390 1551,1392 1665,1394 1779,1396 1894,1398 2008,1400 2122,1401 2236,1404 2350,1405 2465,1406 2579,1408 2693,1408 2807,1408 2921,1408 3036,1406"
                         HEIGHT="89"
                         WIDTH="2316"
                         VPOS="1362"
                         HPOS="736">
                  <String ID="string_region_1637585151029_715l21"
                          HEIGHT="89"
                          WIDTH="2316"
                          VPOS="1362"
                          HPOS="736"
                          CONTENT="fort de voir les prix du ballot ne 2 presques touts de : a 7:6 ou ie vous ay "/>
               </TextLine>
               <TextLine ID="region_1637585151029_715l22"
                         BASELINE="748,1462 864,1460 980,1460 1097,1458 1213,1458 1330,1458 1446,1459 1562,1460 1679,1460 1795,1462 1912,1464 2028,1466 2144,1467 2261,1469 2377,1472 2494,1474 2610,1476 2726,1478 2843,1480 2959,1482 3076,1486"
                         HEIGHT="116"
                         WIDTH="2360"
                         VPOS="1406"
                         HPOS="732">
                  <String ID="string_region_1637585151029_715l22"
                          HEIGHT="116"
                          WIDTH="2360"
                          VPOS="1406"
                          HPOS="732"
                          CONTENT="advise que ie n'en reu pas de draps a ƒ7:- ie fait autant de ceux de ƒ56: 6ce qui"/>
               </TextLine>
               <TextLine ID="region_1637585151029_715l23"
                         BASELINE="752,1530 868,1528 985,1526 1101,1526 1218,1526 1335,1526 1451,1526 1568,1528 1684,1528 1801,1530 1918,1532 2034,1534 2151,1536 2267,1538 2384,1540 2501,1544 2617,1545 2734,1547 2850,1548 2967,1550 3084,1552"
                         HEIGHT="123"
                         WIDTH="2362"
                         VPOS="1478"
                         HPOS="737">
                  <String ID="string_region_1637585151029_715l23"
                          HEIGHT="123"
                          WIDTH="2362"
                          VPOS="1478"
                          HPOS="737"
                          CONTENT="est cause que ie ne peu vendre les draps de 7 et presque touts ceut que tous "/>
               </TextLine>
               <TextLine ID="region_1637585151029_715l24"
                         BASELINE="744,1604 860,1600 976,1598 1092,1596 1208,1596 1324,1596 1440,1596 1556,1598 1672,1598 1788,1601 1904,1604 2020,1606 2136,1609 2252,1612 2368,1614 2484,1616 2600,1618 2716,1620 2832,1620 2948,1620 3064,1618"
                         HEIGHT="103"
                         WIDTH="2350"
                         VPOS="1548"
                         HPOS="729">
                  <String ID="string_region_1637585151029_715l24"
                          HEIGHT="103"
                          WIDTH="2350"
                          VPOS="1548"
                          HPOS="729"
                          CONTENT="m'avez envoyée de 7 me sont encor sur lles bras ce qui estoit la raison que"/>
               </TextLine>
               <TextLine ID="region_1637585151029_715l25"
                         BASELINE="744,1676 861,1672 978,1668 1096,1666 1213,1664 1331,1664 1448,1664 1565,1664 1683,1666 1800,1668 1918,1670 2035,1674 2152,1676 2270,1678 2387,1680 2505,1682 2622,1684 2739,1684 2857,1684 2974,1683 3092,1680"
                         HEIGHT="101"
                         WIDTH="2381"
                         VPOS="1622"
                         HPOS="728">
                  <String ID="string_region_1637585151029_715l25"
                          HEIGHT="101"
                          WIDTH="2381"
                          VPOS="1622"
                          HPOS="728"
                          CONTENT="ie vous advertissoit que ie n'en voulois point de 7. dans n° 4 vous me fourez"/>
               </TextLine>
               <TextLine ID="region_1637585151029_715l26"
                         BASELINE="762,1746 878,1742 995,1738 1111,1736 1228,1734 1345,1734 1461,1734 1578,1734 1694,1736 1811,1736 1928,1738 2044,1740 2161,1742 2277,1744 2394,1744 2511,1746 2627,1746 2744,1748 2860,1748 2977,1746 3094,1744"
                         HEIGHT="86"
                         WIDTH="2362"
                         VPOS="1693"
                         HPOS="746">
                  <String ID="string_region_1637585151029_715l26"
                          HEIGHT="86"
                          WIDTH="2362"
                          VPOS="1693"
                          HPOS="746"
                          CONTENT="la de dans aussy trois p. et vre de 36:a il vous fault considerer quantt ie vous"/>
               </TextLine>
               <TextLine ID="region_1637585151029_715l27"
                         BASELINE="752,1822 868,1818 984,1814 1101,1810 1217,1808 1334,1808 1450,1808 1566,1808 1683,1808 1799,1810 1916,1812 2032,1814 2148,1816 2265,1818 2381,1819 2498,1820 2614,1820 2730,1820 2847,1820 2963,1818 3080,1816"
                         HEIGHT="101"
                         WIDTH="2359"
                         VPOS="1775"
                         HPOS="736">
                  <String ID="string_region_1637585151029_715l27"
                          HEIGHT="101"
                          WIDTH="2359"
                          VPOS="1775"
                          HPOS="736"
                          CONTENT="ordonne de faire de ballots de ƒ8:6 a 36 jus ques a ƒ36:6 qu'il ny en fault pas"/>
               </TextLine>
               <TextLine ID="region_1637585151029_715l28"
                         BASELINE="752,1894 867,1890 982,1888 1098,1886 1213,1886 1329,1886 1444,1886 1559,1886 1675,1886 1790,1886 1906,1888 2021,1889 2136,1890 2252,1892 2367,1894 2483,1896 2598,1898 2713,1898 2829,1900 2944,1902 3060,1904"
                         HEIGHT="125"
                         WIDTH="2341"
                         VPOS="1822"
                         HPOS="736">
                  <String ID="string_region_1637585151029_715l28"
                          HEIGHT="125"
                          WIDTH="2341"
                          VPOS="1822"
                          HPOS="736"
                          CONTENT="d'aultre prix car ie vend beaucoup de ballots entier et ie scay ce quil me "/>
               </TextLine>
               <TextLine ID="region_1637585151029_715l29"
                         BASELINE="752,1970 867,1968 983,1966 1098,1964 1214,1964 1330,1964 1445,1962 1561,1963 1676,1964 1792,1964 1908,1966 2023,1966 2139,1968 2254,1970 2370,1972 2486,1974 2601,1976 2717,1978 2832,1980 2948,1982 3064,1984"
                         HEIGHT="128"
                         WIDTH="2344"
                         VPOS="1901"
                         HPOS="737">
                  <String ID="string_region_1637585151029_715l29"
                          HEIGHT="128"
                          WIDTH="2344"
                          VPOS="1901"
                          HPOS="737"
                          CONTENT="connent l'Anneé passe vous auez fort bien assortie le touts et asteurs pas"/>
               </TextLine>
               <TextLine ID="region_1637585151029_715l30"
                         BASELINE="760,2040 875,2038 991,2038 1107,2038 1223,2038 1339,2038 1454,2038 1570,2038 1686,2038 1802,2038 1918,2040 2033,2040 2149,2042 2265,2044 2381,2048 2497,2050 2612,2054 2728,2058 2844,2063 2960,2068 3076,2074"
                         HEIGHT="142"
                         WIDTH="2347"
                         VPOS="1970"
                         HPOS="744">
                  <String ID="string_region_1637585151029_715l30"
                          HEIGHT="142"
                          WIDTH="2347"
                          VPOS="1970"
                          HPOS="744"
                          CONTENT="un ballot comme il fault car il n'y at aucunne piesce de ƒ5:6 a ƒ5:9:1l n9a "/>
               </TextLine>
               <TextLine ID="region_1637585151029_715l31"
                         BASELINE="760,2112 875,2114 990,2116 1106,2116 1221,2118 1337,2118 1452,2118 1567,2118 1683,2120 1798,2120 1914,2120 2029,2122 2144,2122 2260,2124 2375,2126 2491,2128 2606,2132 2721,2136 2837,2140 2952,2145 3068,2150"
                         HEIGHT="107"
                         WIDTH="2340"
                         VPOS="2058"
                         HPOS="744">
                  <String ID="string_region_1637585151029_715l31"
                          HEIGHT="107"
                          WIDTH="2340"
                          VPOS="2058"
                          HPOS="744"
                          CONTENT="pas de debite non plus dans les couleures gris de more ou gris brun et vous ne "/>
               </TextLine>
               <TextLine ID="region_1637585151029_715l32"
                         BASELINE="748,2184 863,2186 979,2186 1095,2186 1211,2186 1327,2188 1442,2188 1558,2188 1674,2190 1790,2190 1906,2192 2021,2193 2137,2194 2253,2196 2369,2199 2485,2202 2600,2204 2716,2207 2832,2212 2948,2215 3064,2220"
                         HEIGHT="132"
                         WIDTH="2347"
                         VPOS="2126"
                         HPOS="732">
                  <String ID="string_region_1637585151029_715l32"
                          HEIGHT="132"
                          WIDTH="2347"
                          VPOS="2126"
                          HPOS="732"
                          CONTENT="m'envoyez pas on ballot on ily de ces couieures ce que ie vous prie de ne plus"/>
               </TextLine>
               <TextLine ID="region_1637585151029_715l33"
                         BASELINE="768,2258 879,2260 991,2260 1102,2260 1214,2260 1326,2260 1437,2260 1549,2260 1660,2260 1772,2262 1884,2262 1995,2262 2107,2264 2218,2264 2330,2266 2442,2268 2553,2272 2665,2276 2776,2278 2888,2284 3000,2288"
                         HEIGHT="112"
                         WIDTH="2264"
                         VPOS="2199"
                         HPOS="753">
                  <String ID="string_region_1637585151029_715l33"
                          HEIGHT="112"
                          WIDTH="2264"
                          VPOS="2199"
                          HPOS="753"
                          CONTENT="faire ausgiles a nouvel ordres il fault mieux de ces draps brun de belles"/>
               </TextLine>
               <TextLine ID="region_1637585151029_715l34"
                         BASELINE="752,2334 868,2334 984,2332 1100,2332 1216,2332 1332,2332 1448,2330 1564,2330 1680,2330 1796,2332 1912,2332 2028,2332 2144,2334 2260,2335 2376,2337 2492,2340 2608,2342 2724,2346 2840,2350 2956,2354 3072,2360"
                         HEIGHT="115"
                         WIDTH="2350"
                         VPOS="2269"
                         HPOS="737">
                  <String ID="string_region_1637585151029_715l34"
                          HEIGHT="115"
                          WIDTH="2350"
                          VPOS="2269"
                          HPOS="737"
                          CONTENT="couleures come  ie vous ay envoyez des eschantillions cette couleure "/>
               </TextLine>
               <TextLine ID="region_1637585151029_715l35"
                         BASELINE="744,2406 861,2406 978,2406 1095,2404 1212,2404 1329,2404 1446,2404 1563,2402 1680,2402 1797,2402 1915,2402 2032,2402 2149,2404 2266,2406 2383,2406 2500,2410 2617,2412 2734,2417 2851,2422 2968,2427 3086,2434"
                         HEIGHT="136"
                         WIDTH="2372"
                         VPOS="2347"
                         HPOS="729">
                  <String ID="string_region_1637585151029_715l35"
                          HEIGHT="136"
                          WIDTH="2372"
                          VPOS="2347"
                          HPOS="729"
                          CONTENT="est plus de mande et ily en a fort peu comme dans le ballot EL n° 2 n823"/>
               </TextLine>
               <TextLine ID="region_1637585151029_715l36"
                         BASELINE="764,2486 878,2484 992,2484 1106,2482 1220,2482 1334,2480 1448,2480 1562,2478 1676,2478 1790,2478 1904,2476 2018,2476 2132,2478 2246,2478 2360,2478 2474,2480 2588,2482 2702,2484 2816,2486 2930,2488 3044,2492"
                         HEIGHT="102"
                         WIDTH="2309"
                         VPOS="2417"
                         HPOS="750">
                  <String ID="string_region_1637585151029_715l36"
                          HEIGHT="102"
                          WIDTH="2309"
                          VPOS="2417"
                          HPOS="750"
                          CONTENT="et ne 24 et dans le ballot nsq n° 42 cette sont de pone couleures qui sont"/>
               </TextLine>
               <TextLine ID="region_1637585151029_715l37"
                         BASELINE="762,2560 878,2558 995,2556 1111,2554 1228,2552 1344,2552 1461,2552 1577,2552 1694,2552 1810,2554 1927,2556 2043,2556 2160,2559 2276,2560 2393,2564 2509,2566 2626,2568 2742,2570 2859,2572 2975,2574 3092,2576"
                         HEIGHT="102"
                         WIDTH="2359"
                         VPOS="2491"
                         HPOS="747">
                  <String ID="string_region_1637585151029_715l37"
                          HEIGHT="102"
                          WIDTH="2359"
                          VPOS="2491"
                          HPOS="747"
                          CONTENT="touiours bonnes dans la sorte de 35:6 a 36:6 a ƒ 38:- a ƒ39 et ƒ310:- mais "/>
               </TextLine>
               <TextLine ID="region_1637585151029_715l38"
                         BASELINE="758,2640 875,2634 992,2630 1109,2628 1227,2626 1344,2626 1461,2626 1579,2628 1696,2630 1813,2632 1931,2634 2048,2638 2165,2640 2282,2644 2400,2646 2517,2650 2634,2652 2752,2654 2869,2656 2986,2656 3104,2656"
                         HEIGHT="115"
                         WIDTH="2378"
                         VPOS="2593"
                         HPOS="743">
                  <String ID="string_region_1637585151029_715l38"
                          HEIGHT="115"
                          WIDTH="2378"
                          VPOS="2593"
                          HPOS="743"
                          CONTENT="non plus hault il est bien qulavez receu mes remises de  £300: - il cot"/>
               </TextLine>
               <TextLine ID="region_1637585151029_715l39"
                         BASELINE="762,2708 879,2706 997,2704 1115,2702 1232,2702 1350,2702 1468,2702 1585,2704 1703,2704 1821,2706 1939,2708 2056,2710 2174,2713 2292,2716 2409,2720 2527,2723 2645,2726 2762,2731 2880,2734 2998,2738 3116,2742"
                         HEIGHT="115"
                         WIDTH="2386"
                         VPOS="2654"
                         HPOS="745">
                  <String ID="string_region_1637585151029_715l39"
                          HEIGHT="115"
                          WIDTH="2386"
                          VPOS="2654"
                          HPOS="745"
                          CONTENT="a craindre que l'on n'obtiendra pas cito du convoy pour les vausseaux pour"/>
               </TextLine>
               <TextLine ID="region_1637585151029_715l40"
                         BASELINE="760,2792 876,2788 993,2784 1110,2782 1227,2780 1344,2779 1460,2778 1577,2778 1694,2778 1811,2780 1928,2781 2044,2783 2161,2786 2278,2788 2395,2790 2512,2793 2628,2796 2745,2799 2862,2802 2979,2806 3096,2808"
                         HEIGHT="121"
                         WIDTH="2369"
                         VPOS="2720"
                         HPOS="743">
                  <String ID="string_region_1637585151029_715l40"
                          HEIGHT="121"
                          WIDTH="2369"
                          VPOS="2720"
                          HPOS="743"
                          CONTENT="ostende ie ne comprend pas ce que me voulez dire p. cependant la suichant "/>
               </TextLine>
               <TextLine ID="region_1637585151029_715l41"
                         BASELINE="760,2858 874,2854 989,2852 1103,2849 1218,2848 1333,2846 1447,2846 1562,2848 1676,2848 1791,2850 1906,2852 2020,2854 2135,2857 2249,2860 2364,2864 2479,2868 2593,2872 2708,2876 2822,2880 2937,2884 3052,2888"
                         HEIGHT="114"
                         WIDTH="2327"
                         VPOS="2807"
                         HPOS="743">
                  <String ID="string_region_1637585151029_715l41"
                          HEIGHT="114"
                          WIDTH="2327"
                          VPOS="2807"
                          HPOS="743"
                          CONTENT="vos ordres nous ne chargerons rien pour pr cette occasion pour ostende "/>
               </TextLine>
               <TextLine ID="region_1637585151029_715l42"
                         BASELINE="770,2932 885,2928 1000,2924 1115,2922 1230,2920 1345,2919 1460,2918 1575,2918 1690,2918 1805,2920 1921,2920 2036,2922 2151,2924 2266,2928 2381,2930 2496,2932 2611,2936 2726,2938 2841,2942 2956,2944 3072,2948"
                         HEIGHT="103"
                         WIDTH="2332"
                         VPOS="2877"
                         HPOS="755">
                  <String ID="string_region_1637585151029_715l42"
                          HEIGHT="103"
                          WIDTH="2332"
                          VPOS="2877"
                          HPOS="755"
                          CONTENT="faitter moy scavoir en responce de cette si vous avez encor preisquelques "/>
               </TextLine>
               <TextLine ID="region_1637585151029_715l43"
                         BASELINE="776,3002 892,2996 1008,2992 1124,2988 1240,2984 1356,2984 1472,2982 1588,2982 1704,2984 1820,2984 1936,2986 2052,2988 2168,2991 2284,2994 2400,2996 2516,3000 2632,3002 2748,3006 2864,3008 2980,3010 3096,3012"
                         HEIGHT="112"
                         WIDTH="2349"
                         VPOS="2946"
                         HPOS="761">
                  <String ID="string_region_1637585151029_715l43"
                          HEIGHT="112"
                          WIDTH="2349"
                          VPOS="2946"
                          HPOS="761"
                          CONTENT="draps pour mois et si vous poudriez encor charger pr. ostende ie voudrois bien "/>
               </TextLine>
               <TextLine ID="region_1637585151029_715l44"
                         BASELINE="756,3066 871,3062 986,3060 1102,3058 1217,3056 1333,3056 1448,3054 1563,3054 1679,3056 1794,3056 1910,3058 2025,3060 2140,3062 2256,3064 2371,3066 2487,3068 2602,3070 2717,3072 2833,3074 2948,3076 3064,3078"
                         HEIGHT="101"
                         WIDTH="2341"
                         VPOS="3011"
                         HPOS="739">
                  <String ID="string_region_1637585151029_715l44"
                          HEIGHT="101"
                          WIDTH="2341"
                          VPOS="3011"
                          HPOS="739"
                          CONTENT="avoir quelque chose pr ostende quant vous poudrier avoir le temps de "/>
               </TextLine>
               <TextLine ID="region_1637585151029_715l45"
                         BASELINE="752,3130 868,3130 985,3128 1102,3128 1219,3128 1336,3126 1452,3126 1569,3126 1686,3126 1803,3126 1920,3126 2036,3128 2153,3128 2270,3130 2387,3132 2504,3136 2620,3138 2737,3143 2854,3148 2971,3152 3088,3158"
                         HEIGHT="105"
                         WIDTH="2365"
                         VPOS="3091"
                         HPOS="738">
                  <String ID="string_region_1637585151029_715l45"
                          HEIGHT="105"
                          WIDTH="2365"
                          VPOS="3091"
                          HPOS="738"
                          CONTENT="charger apres que serez asseure qu'il y aura du convoy accorde et le iour"/>
               </TextLine>
               <TextLine ID="region_1637585151029_715l46"
                         BASELINE="776,3196 890,3196 1004,3195 1118,3194 1232,3194 1347,3194 1461,3194 1575,3194 1689,3194 1803,3194 1918,3196 2032,3196 2146,3198 2260,3200 2374,3202 2489,3206 2603,3208 2717,3213 2831,3216 2945,3222 3060,3228"
                         HEIGHT="116"
                         WIDTH="2316"
                         VPOS="3145"
                         HPOS="761">
                  <String ID="string_region_1637585151029_715l46"
                          HEIGHT="116"
                          WIDTH="2316"
                          VPOS="3145"
                          HPOS="761"
                          CONTENT="du de part fiste aultrement lamats et ne faittez rien sans avoir ma"/>
               </TextLine>
               <TextLine ID="region_1637585151029_715l47"
                         BASELINE="758,3268 875,3265 992,3264 1109,3262 1226,3262 1343,3262 1460,3262 1577,3262 1694,3264 1811,3264 1929,3266 2046,3268 2163,3272 2280,3274 2397,3276 2514,3278 2631,3282 2748,3284 2865,3288 2982,3290 3100,3292"
                         HEIGHT="104"
                         WIDTH="2374"
                         VPOS="3213"
                         HPOS="741">
                  <String ID="string_region_1637585151029_715l47"
                          HEIGHT="104"
                          WIDTH="2374"
                          VPOS="3213"
                          HPOS="741"
                          CONTENT="responce sur ce que vous m'escriverez la dessug carie ne doubte nasle"/>
               </TextLine>
               <TextLine ID="region_1637585151029_715l48"
                         BASELINE="754,3338 858,3336 963,3334 1067,3332 1172,3332 1276,3334 1381,3334 1485,3336 1590,3338 1694,3339 1799,3342 1903,3344 2008,3346 2112,3348 2217,3348 2321,3350 2426,3350 2530,3350 2635,3350 2739,3350 2844,3346"
                         HEIGHT="118"
                         WIDTH="2120"
                         VPOS="3281"
                         HPOS="739">
                  <String ID="string_region_1637585151029_715l48"
                          HEIGHT="118"
                          WIDTH="2120"
                          VPOS="3281"
                          HPOS="739"
                          CONTENT="ment  ou il y au ra du temps assez et attendant ie me dit"/>
               </TextLine>
               <TextLine ID="region_1637585151029_715l49"
                         BASELINE="554,3474 597,3470 641,3465 685,3462 729,3459 773,3455 816,3454 860,3452 904,3450 948,3447 992,3446 1035,3444 1079,3444 1123,3444 1167,3442 1211,3442 1254,3442 1298,3442 1342,3442 1386,3442 1430,3442"
                         HEIGHT="174"
                         WIDTH="911"
                         VPOS="3336"
                         HPOS="536">
                  <String ID="string_region_1637585151029_715l49"
                          HEIGHT="174"
                          WIDTH="911"
                          VPOS="3336"
                          HPOS="536"
                          CONTENT="Leeds James Cobbetson"/>
               </TextLine>
               <TextLine ID="region_1637585151029_715l50"
                         BASELINE="2548,3468 2573,3466 2599,3465 2624,3464 2650,3464 2675,3462 2701,3462 2726,3462 2752,3460 2777,3460 2803,3460 2828,3460 2854,3460 2879,3460 2905,3458 2930,3458 2956,3458 2982,3458"
                         HEIGHT="154"
                         WIDTH="468"
                         VPOS="3362"
                         HPOS="2530">
                  <String ID="string_region_1637585151029_715l50"
                          HEIGHT="154"
                          WIDTH="468"
                          VPOS="3362"
                          HPOS="2530"
                          CONTENT="Adij ditto"/>
               </TextLine>
               <TextLine ID="region_1637585151029_715l51"
                         BASELINE="750,3550 862,3544 974,3540 1086,3536 1198,3534 1310,3534 1422,3532 1534,3534 1646,3534 1758,3536 1870,3538 1982,3540 2094,3542 2206,3546 2318,3547 2430,3548 2542,3550 2654,3550 2766,3550 2878,3548 2990,3546"
                         HEIGHT="105"
                         WIDTH="2270"
                         VPOS="3484"
                         HPOS="736">
                  <String ID="string_region_1637585151029_715l51"
                          HEIGHT="105"
                          WIDTH="2270"
                          VPOS="3484"
                          HPOS="736"
                          CONTENT="mijnen laesten was aen ul. op 2 cour die ver verhope ul. wel sa syn"/>
               </TextLine>
               <TextLine ID="region_1637585151029_715l52"
                         BASELINE="764,3620 879,3612 995,3606 1111,3602 1227,3599 1343,3596 1458,3594 1574,3594 1690,3594 1806,3594 1922,3596 2037,3596 2153,3598 2269,3600 2385,3601 2501,3602 2616,3604 2732,3604 2848,3606 2964,3606 3080,3606"
                         HEIGHT="110"
                         WIDTH="2346"
                         VPOS="3548"
                         HPOS="749">
                  <String ID="string_region_1637585151029_715l52"
                          HEIGHT="110"
                          WIDTH="2346"
                          VPOS="3548"
                          HPOS="749"
                          CONTENT="geworden waer bj uk. hebbe geordonneert in te coopen twee houdert :-"/>
               </TextLine>
               <TextLine ID="region_1637585151029_715l53"
                         BASELINE="776,3680 892,3674 1008,3670 1124,3666 1240,3662 1356,3660 1472,3658 1588,3656 1704,3656 1820,3656 1936,3656 2052,3656 2168,3658 2284,3660 2400,3662 2516,3664 2632,3666 2748,3670 2864,3672 2980,3676 3096,3680"
                         HEIGHT="67"
                         WIDTH="2350"
                         VPOS="3636"
                         HPOS="761">
                  <String ID="string_region_1637585151029_715l53"
                          HEIGHT="67"
                          WIDTH="2350"
                          VPOS="3636"
                          HPOS="761"
                          CONTENT="carseyen van de alderfijnste soorte van Abram Belley en stantkield oock"/>
               </TextLine>
               <TextLine ID="region_1637585151029_715l54"
                         BASELINE="770,3742 886,3736 1003,3730 1119,3726 1236,3722 1353,3720 1469,3718 1586,3716 1702,3716 1819,3716 1936,3718 2052,3720 2169,3722 2285,3724 2402,3726 2519,3728 2635,3730 2752,3733 2868,3736 2985,3738 3102,3740"
                         HEIGHT="124"
                         WIDTH="2362"
                         VPOS="3646"
                         HPOS="755">
                  <String ID="string_region_1637585151029_715l54"
                          HEIGHT="124"
                          WIDTH="2362"
                          VPOS="3646"
                          HPOS="755"
                          CONTENT="twee honders p tayen van de aeder beste en alderfanste gesorteerft van "/>
               </TextLine>
               <TextLine ID="region_1637585151029_715l55"
                         BASELINE="768,3808 883,3801 999,3797 1114,3792 1230,3789 1345,3786 1461,3786 1576,3784 1692,3784 1807,3784 1923,3784 2038,3786 2154,3788 2269,3788 2385,3790 2500,3792 2616,3794 2731,3795 2847,3796 2962,3798 3078,3798"
                         HEIGHT="117"
                         WIDTH="2340"
                         VPOS="3724"
                         HPOS="754">
                  <String ID="string_region_1637585151029_715l55"
                          HEIGHT="117"
                          WIDTH="2340"
                          VPOS="3724"
                          HPOS="754"
                          CONTENT="28.38. 33. 36 ½t 44  44 a 48 en niet hooger dat l desen confirmeere die"/>
               </TextLine>
               <TextLine ID="region_1637585151029_715l56"
                         BASELINE="760,3870 877,3864 994,3860 1111,3856 1228,3852 1345,3850 1462,3850 1579,3848 1696,3850 1813,3850 1930,3850 2047,3852 2164,3854 2281,3856 2398,3858 2515,3860 2632,3862 2749,3864 2866,3866 2983,3868 3100,3868"
                         HEIGHT="96"
                         WIDTH="2372"
                         VPOS="3808"
                         HPOS="743">
                  <String ID="string_region_1637585151029_715l56"
                          HEIGHT="96"
                          WIDTH="2372"
                          VPOS="3808"
                          HPOS="743"
                          CONTENT="dit hebbe alleen gedaen op ul. aen raedinge ende advies dat alles soo schande"/>
               </TextLine>
               <TextLine ID="region_1637585151029_715l57"
                         BASELINE="774,3932 885,3928 996,3923 1107,3920 1218,3918 1330,3916 1441,3916 1552,3916 1663,3916 1774,3916 1886,3918 1997,3918 2108,3920 2219,3922 2330,3924 2442,3926 2553,3926 2664,3928 2775,3930 2886,3930 2998,3930"
                         HEIGHT="80"
                         WIDTH="2255"
                         VPOS="3893"
                         HPOS="759">
                  <String ID="string_region_1637585151029_715l57"
                          HEIGHT="80"
                          WIDTH="2255"
                          VPOS="3893"
                          HPOS="759"
                          CONTENT="goet coop is en vertrouwe het selve conform oock soo sal hebben en "/>
               </TextLine>
               <TextLine ID="region_1637585151029_715l58"
                         BASELINE="754,3992 869,3988 985,3983 1101,3980 1217,3978 1333,3976 1448,3976 1564,3976 1680,3976 1796,3978 1912,3978 2027,3980 2143,3983 2259,3986 2375,3988 2491,3990 2606,3992 2722,3994 2838,3996 2954,3996 3070,3996"
                         HEIGHT="132"
                         WIDTH="2347"
                         VPOS="3922"
                         HPOS="740">
                  <String ID="string_region_1637585151029_715l58"
                          HEIGHT="132"
                          WIDTH="2347"
                          VPOS="3922"
                          HPOS="740"
                          CONTENT="beu in den gelieft te letten datter geen erreuren inde bayen wegens de "/>
               </TextLine>
               <TextLine ID="region_1637585151029_715l59"
                         BASELINE="760,4062 877,4058 995,4054 1113,4050 1231,4048 1349,4046 1466,4044 1584,4044 1702,4044 1820,4046 1938,4046 2055,4048 2173,4050 2291,4054 2409,4056 2527,4060 2644,4063 2762,4066 2880,4070 2998,4074 3116,4078"
                         HEIGHT="128"
                         WIDTH="2390"
                         VPOS="3994"
                         HPOS="743">
                  <String ID="string_region_1637585151029_715l59"
                          HEIGHT="128"
                          WIDTH="2390"
                          VPOS="3994"
                          HPOS="743"
                          CONTENT="degenogchten moogen voorvallen oock dat de bayen moeten de dalder"/>
               </TextLine>
               <TextLine ID="region_1637585151029_715l60"
                         BASELINE="766,4134 882,4127 999,4122 1115,4118 1232,4116 1348,4114 1465,4114 1581,4114 1698,4116 1814,4118 1931,4120 2047,4122 2164,4124 2280,4128 2397,4130 2513,4134 2630,4135 2746,4136 2863,4138 2979,4138 3096,4136"
                         HEIGHT="134"
                         WIDTH="2359"
                         VPOS="4044"
                         HPOS="752">
                  <String ID="string_region_1637585151029_715l60"
                          HEIGHT="134"
                          WIDTH="2359"
                          VPOS="4044"
                          HPOS="752"
                          CONTENT="fiyuste soo van dhaet als van wolle wesen dieder te becommen sijn"/>
               </TextLine>
               <TextLine ID="region_1637585151029_715l61"
                         BASELINE="750,4192 867,4186 985,4182 1102,4180 1220,4178 1337,4180 1455,4180 1572,4182 1690,4184 1807,4188 1925,4191 2042,4194 2160,4198 2277,4202 2395,4206 2512,4208 2630,4210 2747,4212 2865,4212 2982,4212 3100,4210"
                         HEIGHT="129"
                         WIDTH="2382"
                         VPOS="4122"
                         HPOS="734">
                  <String ID="string_region_1637585151029_715l61"
                          HEIGHT="129"
                          WIDTH="2382"
                          VPOS="4122"
                          HPOS="734"
                          CONTENT="dwel gewerckt en wel gerainet en bedecht ooc dat de carseyen"/>
               </TextLine>
               <TextLine ID="region_1637585151029_715l62"
                         BASELINE="770,4262 885,4258 1000,4256 1115,4254 1230,4254 1346,4254 1461,4256 1576,4258 1691,4260 1806,4262 1922,4266 2037,4269 2152,4274 2267,4276 2382,4279 2498,4282 2613,4284 2728,4284 2843,4284 2958,4284 3074,4282"
                         HEIGHT="94"
                         WIDTH="2335"
                         VPOS="4227"
                         HPOS="756">
                  <String ID="string_region_1637585151029_715l62"
                          HEIGHT="94"
                          WIDTH="2335"
                          VPOS="4227"
                          HPOS="756"
                          CONTENT="niet geperst worden als ul voordesen gedaen heeft maer dat het"/>
               </TextLine>
               <TextLine ID="region_1637585151029_715l63"
                         BASELINE="756,4350 870,4344 985,4338 1100,4334 1215,4332 1330,4332 1444,4332 1559,4332 1674,4334 1789,4336 1904,4338 2018,4340 2133,4342 2248,4344 2363,4346 2478,4348 2592,4348 2707,4348 2822,4346 2937,4344 3052,4340"
                         HEIGHT="75"
                         WIDTH="2325"
                         VPOS="4284"
                         HPOS="742">
                  <String ID="string_region_1637585151029_715l63"
                          HEIGHT="75"
                          WIDTH="2325"
                          VPOS="4284"
                          HPOS="742"
                          CONTENT="schoon en dich goet is van d'alderbeste wolle en wel genoerckt "/>
               </TextLine>
            </TextBlock>
            <TextBlock ID="region_1637585156244_718"
                       HEIGHT="4346"
                       WIDTH="2686"
                       VPOS="21"
                       HPOS="3137">
               <Shape>
                  <Polygon POINTS="3137,23 5823,21 5823,4367 3183,4367"/>
               </Shape>
               <TextLine ID="region_1637585156244_718l1"
                         BASELINE="3416,86 3534,83 3653,80 3772,78 3891,78 4010,76 4128,76 4247,76 4366,76 4485,78 4604,78 4722,80 4841,82 4960,82 5079,84 5198,86 5316,88 5435,90 5554,90 5673,92 5792,94"
                         HEIGHT="114"
                         WIDTH="2408"
                         VPOS="1"
                         HPOS="3399">
                  <String ID="string_region_1637585156244_718l1"
                          HEIGHT="114"
                          WIDTH="2408"
                          VPOS="1"
                          HPOS="3399"
                          CONTENT="Lusder wist en gen schone genielven songhde en heede sonder te sijn uijt"/>
               </TextLine>
               <TextLine ID="region_1637585156244_718l2"
                         BASELINE="3400,142 3520,137 3640,134 3760,130 3880,128 4000,126 4120,126 4240,126 4360,126 4480,128 4600,130 4720,132 4840,134 4960,136 5080,138 5200,142 5320,144 5440,147 5560,150 5680,152 5800,156"
                         HEIGHT="125"
                         WIDTH="2432"
                         VPOS="69"
                         HPOS="3383">
                  <String ID="string_region_1637585156244_718l2"
                          HEIGHT="125"
                          WIDTH="2432"
                          VPOS="69"
                          HPOS="3383"
                          CONTENT="getrocken en sin het moeten de alderbewe goederen velen die derte becomen"/>
               </TextLine>
               <TextLine ID="region_1637585156244_718l3"
                         BASELINE="3376,200 3496,194 3617,188 3738,184 3859,180 3980,178 4100,176 4221,176 4342,176 4463,176 4584,178 4704,180 4825,182 4946,185 5067,188 5188,192 5308,195 5429,198 5550,202 5671,206 5792,210"
                         HEIGHT="86"
                         WIDTH="2446"
                         VPOS="164"
                         HPOS="3361">
                  <String ID="string_region_1637585156244_718l3"
                          HEIGHT="86"
                          WIDTH="2446"
                          VPOS="164"
                          HPOS="3361"
                          CONTENT="sijn oft het ul. qualijck neempt oft niet sedert het verbodt inde negotie en heeft"/>
               </TextLine>
               <TextLine ID="region_1637585156244_718l4"
                         BASELINE="3376,262 3494,253 3613,245 3731,239 3850,234 3968,230 4087,228 4205,226 4324,226 4442,226 4561,228 4679,230 4798,232 4916,236 5035,238 5153,241 5272,244 5390,248 5509,250 5627,254 5746,256"
                         HEIGHT="62"
                         WIDTH="2399"
                         VPOS="220"
                         HPOS="3362">
                  <String ID="string_region_1637585156244_718l4"
                          HEIGHT="62"
                          WIDTH="2399"
                          VPOS="220"
                          HPOS="3362"
                          CONTENT="br. met geene goederen tot satisfactie oft contentement resonden en diers"/>
               </TextLine>
               <TextLine ID="region_1637585156244_718l5"
                         BASELINE="3390,322 3510,310 3631,299 3752,289 3873,284 3994,278 4114,276 4235,274 4356,274 4477,274 4598,276 4718,278 4839,280 4960,284 5081,288 5202,292 5322,294 5443,299 5564,302 5685,304 5806,306"
                         HEIGHT="111"
                         WIDTH="2447"
                         VPOS="234"
                         HPOS="3375">
                  <String ID="string_region_1637585156244_718l5"
                          HEIGHT="111"
                          WIDTH="2447"
                          VPOS="234"
                          HPOS="3375"
                          CONTENT="gellijcke en begeere niet meey tot gegnen prijs want soude lieverde negotie"/>
               </TextLine>
               <TextLine ID="region_1637585156244_718l6"
                         BASELINE="3376,380 3498,368 3620,360 3742,351 3864,344 3986,340 4108,336 4230,334 4352,334 4474,332 4596,334 4718,336 4840,338 4962,340 5084,342 5206,346 5328,350 5450,353 5572,356 5694,360 5816,362"
                         HEIGHT="132"
                         WIDTH="2473"
                         VPOS="288"
                         HPOS="3360">
                  <String ID="string_region_1637585156244_718l6"
                          HEIGHT="132"
                          WIDTH="2473"
                          VPOS="288"
                          HPOS="3360"
                          CONTENT="slaecken en hebbe die vodden alle vercoght selfs tot schaede om dat chagrije"/>
               </TextLine>
               <TextLine ID="region_1637585156244_718l7"
                         BASELINE="3386,424 3502,416 3619,408 3735,402 3852,396 3969,392 4085,390 4202,388 4318,386 4435,384 4552,384 4668,386 4785,386 4901,388 5018,390 5135,394 5251,396 5368,400 5484,404 5601,407 5718,412"
                         HEIGHT="76"
                         WIDTH="2362"
                         VPOS="365"
                         HPOS="3370">
                  <String ID="string_region_1637585156244_718l7"
                          HEIGHT="76"
                          WIDTH="2362"
                          VPOS="365"
                          HPOS="3370"
                          CONTENT="van mij te hebben gelieft dan wel te seffen ende mijne mijninge te "/>
               </TextLine>
               <TextLine ID="region_1637585156244_718l8"
                         BASELINE="3394,478 3514,468 3634,459 3755,452 3875,446 3996,441 4116,438 4236,436 4357,434 4477,434 4598,434 4718,435 4838,437 4959,439 5079,442 5200,444 5320,447 5440,450 5561,454 5681,456 5802,460"
                         HEIGHT="83"
                         WIDTH="2439"
                         VPOS="425"
                         HPOS="3379">
                  <String ID="string_region_1637585156244_718l8"
                          HEIGHT="83"
                          WIDTH="2439"
                          VPOS="425"
                          HPOS="3379"
                          CONTENT="refaciteren en oock te sachter volgen als ul met mijnen voorgeienden hebbe"/>
               </TextLine>
               <TextLine ID="region_1637585156244_718l9"
                         BASELINE="3370,546 3491,534 3612,522 3733,514 3854,506 3975,500 4096,494 4217,491 4338,488 4459,486 4580,486 4701,486 4822,488 4943,488 5064,492 5185,494 5306,496 5427,500 5548,504 5669,508 5790,510"
                         HEIGHT="132"
                         WIDTH="2451"
                         VPOS="442"
                         HPOS="3356">
                  <String ID="string_region_1637585156244_718l9"
                          HEIGHT="132"
                          WIDTH="2451"
                          VPOS="442"
                          HPOS="3356"
                          CONTENT="geschreven en liever niets te beginnen als niet op den voorgaenden voot te"/>
               </TextLine>
               <TextLine ID="region_1637585156244_718l10"
                         BASELINE="3358,602 3478,591 3598,581 3719,573 3839,566 3960,559 4080,554 4200,550 4321,548 4441,546 4562,546 4682,544 4802,546 4923,546 5043,548 5164,550 5284,552 5404,554 5525,557 5645,560 5766,562"
                         HEIGHT="159"
                         WIDTH="2439"
                         VPOS="479"
                         HPOS="3342">
                  <String ID="string_region_1637585156244_718l10"
                          HEIGHT="159"
                          WIDTH="2439"
                          VPOS="479"
                          HPOS="3342"
                          CONTENT="bedienen want soude scriens de goederen hier niet tot contentement"/>
               </TextLine>
               <TextLine ID="region_1637585156244_718l11"
                         BASELINE="3384,660 3501,648 3619,637 3737,627 3855,620 3973,614 4090,610 4208,608 4326,606 4444,604 4562,604 4679,606 4797,606 4915,608 5033,610 5151,612 5268,613 5386,614 5504,616 5622,616 5740,614"
                         HEIGHT="115"
                         WIDTH="2386"
                         VPOS="550"
                         HPOS="3370">
                  <String ID="string_region_1637585156244_718l11"
                          HEIGHT="115"
                          WIDTH="2386"
                          VPOS="550"
                          HPOS="3370"
                          CONTENT="uyt vallende voor ul recken laeten bedient vl. mij wel ul. sal als ydts"/>
               </TextLine>
               <TextLine ID="region_1637585156244_718l12"
                         BASELINE="3380,720 3498,705 3617,693 3735,685 3854,678 3973,672 4091,668 4210,666 4328,664 4447,664 4566,664 4684,666 4803,667 4921,668 5040,670 5159,672 5277,673 5396,674 5514,674 5633,672 5752,670"
                         HEIGHT="120"
                         WIDTH="2405"
                         VPOS="612"
                         HPOS="3364">
                  <String ID="string_region_1637585156244_718l12"
                          HEIGHT="120"
                          WIDTH="2405"
                          VPOS="612"
                          HPOS="3364"
                          CONTENT="mijn calandise voor andere hebben dat ul. dier maelk genoech hebbe"/>
               </TextLine>
               <TextLine ID="region_1637585156244_718l13"
                         BASELINE="3390,774 3510,762 3630,750 3750,741 3870,734 3990,728 4110,724 4230,722 4350,720 4470,720 4590,720 4710,722 4830,723 4950,726 5070,728 5190,731 5310,734 5430,737 5550,740 5670,742 5790,744"
                         HEIGHT="149"
                         WIDTH="2429"
                         VPOS="661"
                         HPOS="3376">
                  <String ID="string_region_1637585156244_718l13"
                          HEIGHT="149"
                          WIDTH="2429"
                          VPOS="661"
                          HPOS="3376"
                          CONTENT="getoet geschreven en sal ul oock noet verlegen van remises laeten van"/>
               </TextLine>
               <TextLine ID="region_1637585156244_718l14"
                         BASELINE="3352,838 3469,825 3586,813 3703,804 3820,794 3937,789 4054,784 4171,780 4288,778 4405,776 4523,776 4640,776 4757,778 4874,780 4991,782 5108,784 5225,788 5342,791 5459,794 5576,798 5694,802"
                         HEIGHT="138"
                         WIDTH="2371"
                         VPOS="722"
                         HPOS="3337">
                  <String ID="string_region_1637585156244_718l14"
                          HEIGHT="138"
                          WIDTH="2371"
                          VPOS="722"
                          HPOS="3337"
                          CONTENT="pretendere de nalder naesten en besten coop bedient te wesen ul sal "/>
               </TextLine>
               <TextLine ID="region_1637585156244_718l15"
                         BASELINE="3368,892 3488,881 3609,871 3730,864 3851,856 3972,850 4092,845 4213,842 4334,840 4455,838 4576,838 4696,838 4817,838 4938,840 5059,843 5180,846 5300,850 5421,854 5542,858 5663,863 5784,868"
                         HEIGHT="137"
                         WIDTH="2445"
                         VPOS="772"
                         HPOS="3353">
                  <String ID="string_region_1637585156244_718l15"
                          HEIGHT="137"
                          WIDTH="2445"
                          VPOS="772"
                          HPOS="3353"
                          CONTENT="moeten voor d'Asscurantie als altijdts gevoon sijn caneeren verhope"/>
               </TextLine>
               <TextLine ID="region_1637585156244_718l16"
                         BASELINE="3376,952 3497,941 3618,931 3739,923 3860,915 3982,910 4103,906 4224,904 4345,902 4466,902 4588,902 4709,904 4830,905 4951,906 5072,910 5194,912 5315,914 5436,916 5557,919 5678,920 5800,922"
                         HEIGHT="103"
                         WIDTH="2454"
                         VPOS="874"
                         HPOS="3362">
                  <String ID="string_region_1637585156244_718l16"
                          HEIGHT="103"
                          WIDTH="2454"
                          VPOS="874"
                          HPOS="3362"
                          CONTENT="noch eenige packen met het aen leggende halsch convoij op Rotterd"/>
               </TextLine>
               <TextLine ID="region_1637585156244_718l17"
                         BASELINE="3376,1006 3489,998 3602,991 3715,983 3828,978 3941,972 4054,969 4167,966 4280,964 4393,964 4507,964 4620,964 4733,964 4846,966 4959,968 5072,970 5185,973 5298,976 5411,980 5524,982 5638,986"
                         HEIGHT="117"
                         WIDTH="2295"
                         VPOS="915"
                         HPOS="3359">
                  <String ID="string_region_1637585156244_718l17"
                          HEIGHT="117"
                          WIDTH="2295"
                          VPOS="915"
                          HPOS="3359"
                          CONTENT="sult connen gereedt hebben en afwachtende wat passeer blijve"/>
               </TextLine>
               <TextLine ID="region_1637585156244_718l18"
                         BASELINE="3192,1126 3237,1122 3282,1119 3328,1114 3373,1112 3419,1108 3464,1104 3509,1102 3555,1101 3600,1098 3646,1096 3691,1096 3736,1094 3782,1092 3827,1092 3873,1092 3918,1090 3963,1090 4009,1090 4054,1092 4100,1092"
                         HEIGHT="172"
                         WIDTH="940"
                         VPOS="980"
                         HPOS="3174">
                  <String ID="string_region_1637585156244_718l18"
                          HEIGHT="172"
                          WIDTH="940"
                          VPOS="980"
                          HPOS="3174"
                          CONTENT="leeds W. et S. Coockson"/>
               </TextLine>
               <TextLine ID="region_1637585156244_718l19"
                         BASELINE="5092,1104 5123,1105 5154,1106 5185,1108 5216,1108 5248,1108 5279,1110 5310,1110 5341,1110 5372,1110 5404,1108 5435,1108 5466,1108 5497,1108 5528,1106 5560,1106 5591,1104 5622,1103 5653,1100 5684,1099 5716,1096"
                         HEIGHT="163"
                         WIDTH="655"
                         VPOS="1000"
                         HPOS="5077">
                  <String ID="string_region_1637585156244_718l19"
                          HEIGHT="163"
                          WIDTH="655"
                          VPOS="1000"
                          HPOS="5077"
                          CONTENT="Adij 12 April 1705"/>
               </TextLine>
               <TextLine ID="region_1637585156244_718l20"
                         BASELINE="3394,1240 3509,1236 3625,1234 3741,1232 3857,1230 3973,1228 4088,1228 4204,1226 4320,1226 4436,1226 4552,1226 4667,1226 4783,1226 4899,1226 5015,1226 5131,1228 5246,1228 5362,1226 5478,1226 5594,1226 5710,1226"
                         HEIGHT="94"
                         WIDTH="2346"
                         VPOS="1171"
                         HPOS="3380">
                  <String ID="string_region_1637585156244_718l20"
                          HEIGHT="94"
                          WIDTH="2346"
                          VPOS="1171"
                          HPOS="3380"
                          CONTENT="ie ne doubte pas ou la mienne du 2 court vous sera parvenue en son"/>
               </TextLine>
               <TextLine ID="region_1637585156244_718l21"
                         BASELINE="3378,1308 3494,1304 3611,1298 3728,1294 3845,1292 3962,1290 4078,1288 4195,1286 4312,1286 4429,1286 4546,1286 4662,1286 4779,1286 4896,1286 5013,1286 5130,1288 5246,1288 5363,1288 5480,1288 5597,1286 5714,1284"
                         HEIGHT="113"
                         WIDTH="2368"
                         VPOS="1222"
                         HPOS="3361">
                  <String ID="string_region_1637585156244_718l21"
                          HEIGHT="113"
                          WIDTH="2368"
                          VPOS="1222"
                          HPOS="3361"
                          CONTENT="temps pr. la quelle ie vous ay advise qu'il m'estoitt agreable que vous"/>
               </TextLine>
               <TextLine ID="region_1637585156244_718l22"
                         BASELINE="3390,1368 3509,1364 3629,1361 3749,1358 3869,1356 3989,1353 4108,1352 4228,1350 4348,1348 4468,1348 4588,1348 4707,1346 4827,1346 4947,1348 5067,1348 5187,1348 5306,1350 5426,1351 5546,1352 5666,1354 5786,1356"
                         HEIGHT="101"
                         WIDTH="2427"
                         VPOS="1291"
                         HPOS="3375">
                  <String ID="string_region_1637585156244_718l22"
                          HEIGHT="101"
                          WIDTH="2427"
                          VPOS="1291"
                          HPOS="3375"
                          CONTENT="auvos bon soing pour les draps que ie vous avois ordonne de plus ievors"/>
               </TextLine>
               <TextLine ID="region_1637585156244_718l23"
                         BASELINE="3382,1434 3500,1430 3618,1425 3737,1420 3855,1418 3974,1414 4092,1414 4210,1412 4329,1412 4447,1412 4566,1412 4684,1412 4802,1414 4921,1414 5039,1416 5158,1416 5276,1417 5394,1418 5513,1418 5631,1418 5750,1418"
                         HEIGHT="106"
                         WIDTH="2399"
                         VPOS="1371"
                         HPOS="3367">
                  <String ID="string_region_1637585156244_718l23"
                          HEIGHT="106"
                          WIDTH="2399"
                          VPOS="1371"
                          HPOS="3367"
                          CONTENT="ay or donne deex cent P. de carisees d'Abram Ribley et stansfield de la "/>
               </TextLine>
               <TextLine ID="region_1637585156244_718l24"
                         BASELINE="3350,1496 3471,1491 3592,1486 3713,1482 3834,1480 3956,1478 4077,1476 4198,1476 4319,1476 4440,1476 4562,1478 4683,1480 4804,1482 4925,1484 5046,1486 5168,1488 5289,1490 5410,1494 5531,1496 5652,1498 5774,1500"
                         HEIGHT="89"
                         WIDTH="2458"
                         VPOS="1447"
                         HPOS="3333">
                  <String ID="string_region_1637585156244_718l24"
                          HEIGHT="89"
                          WIDTH="2458"
                          VPOS="1447"
                          HPOS="3333"
                          CONTENT="mellieure calite et deux cent p. de bayes assortie de  30.33.36 t 140 a "/>
               </TextLine>
               <TextLine ID="region_1637585156244_718l25"
                         BASELINE="3366,1560 3483,1554 3601,1549 3718,1544 3836,1542 3954,1540 4071,1538 4189,1538 4306,1538 4424,1538 4542,1540 4659,1542 4777,1544 4894,1546 5012,1549 5130,1552 5247,1554 5365,1558 5482,1560 5600,1564 5718,1568"
                         HEIGHT="118"
                         WIDTH="2384"
                         VPOS="1478"
                         HPOS="3349">
                  <String ID="string_region_1637585156244_718l25"
                          HEIGHT="118"
                          WIDTH="2384"
                          VPOS="1478"
                          HPOS="3349"
                          CONTENT="46 et non plus hault aussij de la mellieure calite de et de la plus"/>
               </TextLine>
               <TextLine ID="region_1637585156244_718l26"
                         BASELINE="3382,1614 3496,1610 3610,1608 3724,1606 3838,1604 3952,1602 4066,1602 4180,1602 4294,1600 4408,1600 4522,1602 4636,1602 4750,1604 4864,1604 4978,1606 5092,1608 5206,1610 5320,1612 5434,1615 5548,1617 5662,1620"
                         HEIGHT="88"
                         WIDTH="2313"
                         VPOS="1552"
                         HPOS="3366">
                  <String ID="string_region_1637585156244_718l26"
                          HEIGHT="88"
                          WIDTH="2313"
                          VPOS="1552"
                          HPOS="3366"
                          CONTENT="tinne l'aisne qu'il y at a trouver ce que ie conferme ie vous ay"/>
               </TextLine>
               <TextLine ID="region_1637585156244_718l27"
                         BASELINE="3374,1686 3491,1678 3608,1672 3725,1668 3842,1663 3959,1660 4076,1658 4193,1658 4310,1658 4427,1658 4545,1660 4662,1661 4779,1663 4896,1666 5013,1668 5130,1671 5247,1674 5364,1676 5481,1679 5598,1682 5716,1684"
                         HEIGHT="86"
                         WIDTH="2371"
                         VPOS="1621"
                         HPOS="3359">
                  <String ID="string_region_1637585156244_718l27"
                          HEIGHT="86"
                          WIDTH="2371"
                          VPOS="1621"
                          HPOS="3359"
                          CONTENT="ordonne ces parties tant de draps que de cavisces seulement et baiyes"/>
               </TextLine>
               <TextLine ID="region_1637585156244_718l28"
                         BASELINE="3380,1738 3500,1732 3621,1728 3741,1724 3862,1722 3983,1720 4103,1718 4224,1716 4344,1716 4465,1716 4586,1718 4706,1718 4827,1720 4947,1722 5068,1724 5189,1726 5309,1730 5430,1732 5550,1735 5671,1738 5792,1742"
                         HEIGHT="112"
                         WIDTH="2442"
                         VPOS="1652"
                         HPOS="3365">
                  <String ID="string_region_1637585156244_718l28"
                          HEIGHT="112"
                          WIDTH="2442"
                          VPOS="1652"
                          HPOS="3365"
                          CONTENT="sur vre advis et speculation que le tout est a si bon marche et en sperance"/>
               </TextLine>
               <TextLine ID="region_1637585156244_718l29"
                         BASELINE="3382,1802 3502,1794 3622,1787 3742,1782 3862,1778 3983,1775 4103,1774 4223,1772 4343,1772 4463,1772 4584,1772 4704,1774 4824,1776 4944,1778 5064,1780 5185,1782 5305,1784 5425,1786 5545,1788 5665,1790 5786,1792"
                         HEIGHT="109"
                         WIDTH="2433"
                         VPOS="1712"
                         HPOS="3367">
                  <String ID="string_region_1637585156244_718l29"
                          HEIGHT="109"
                          WIDTH="2433"
                          VPOS="1712"
                          HPOS="3367"
                          CONTENT="que cette Année icy nous poudrions avoir mellieure fortune pren sem="/>
               </TextLine>
               <TextLine ID="region_1637585156244_718l30"
                         BASELINE="3372,1866 3492,1856 3613,1848 3734,1842 3855,1838 3976,1834 4097,1832 4218,1832 4339,1832 4460,1832 4581,1834 4701,1836 4822,1838 4943,1840 5064,1842 5185,1845 5306,1848 5427,1850 5548,1850 5669,1852 5790,1852"
                         HEIGHT="82"
                         WIDTH="2448"
                         VPOS="1812"
                         HPOS="3356">
                  <String ID="string_region_1637585156244_718l30"
                          HEIGHT="82"
                          WIDTH="2448"
                          VPOS="1812"
                          HPOS="3356"
                          CONTENT="ible que du passez ie vous prie de bien comprendre mon intention que "/>
               </TextLine>
               <TextLine ID="region_1637585156244_718l31"
                         BASELINE="3384,1930 3502,1921 3620,1913 3738,1908 3856,1904 3974,1901 4092,1900 4210,1898 4328,1898 4446,1900 4564,1900 4682,1902 4800,1904 4918,1906 5036,1907 5154,1909 5272,1910 5390,1912 5508,1912 5626,1910 5744,1910"
                         HEIGHT="89"
                         WIDTH="2389"
                         VPOS="1874"
                         HPOS="3370">
                  <String ID="string_region_1637585156244_718l31"
                          HEIGHT="89"
                          WIDTH="2389"
                          VPOS="1874"
                          HPOS="3370"
                          CONTENT="ie prend preten det veut avoir les marchandises les mellieures et de "/>
               </TextLine>
               <TextLine ID="region_1637585156244_718l32"
                         BASELINE="3370,1992 3486,1983 3603,1975 3720,1969 3836,1964 3953,1962 4070,1960 4186,1958 4303,1958 4420,1960 4537,1962 4653,1964 4770,1966 4887,1968 5003,1972 5120,1974 5237,1976 5353,1980 5470,1980 5587,1982 5704,1982"
                         HEIGHT="73"
                         WIDTH="2365"
                         VPOS="1938"
                         HPOS="3356">
                  <String ID="string_region_1637585156244_718l32"
                          HEIGHT="73"
                          WIDTH="2365"
                          VPOS="1938"
                          HPOS="3356"
                          CONTENT="ea premiere calite qu'il y ait a trouver car d'aultres comme vou"/>
               </TextLine>
               <TextLine ID="region_1637585156244_718l33"
                         BASELINE="3368,2052 3487,2046 3606,2040 3725,2034 3844,2031 3964,2028 4083,2028 4202,2026 4321,2026 4440,2028 4560,2030 4679,2032 4798,2034 4917,2036 5036,2040 5156,2042 5275,2046 5394,2048 5513,2050 5632,2052 5752,2054"
                         HEIGHT="85"
                         WIDTH="2415"
                         VPOS="2005"
                         HPOS="3353">
                  <String ID="string_region_1637585156244_718l33"
                          HEIGHT="85"
                          WIDTH="2415"
                          VPOS="2005"
                          HPOS="3353"
                          CONTENT="m'avez envoyée l'Année passez ie n'en veu plus a nutt prix et ie les"/>
               </TextLine>
               <TextLine ID="region_1637585156244_718l34"
                         BASELINE="3366,2116 3485,2110 3605,2104 3725,2100 3844,2098 3964,2096 4084,2094 4203,2094 4323,2094 4443,2094 4563,2096 4682,2098 4802,2100 4922,2102 5041,2105 5161,2108 5281,2112 5400,2115 5520,2118 5640,2121 5760,2124"
                         HEIGHT="106"
                         WIDTH="2423"
                         VPOS="2055"
                         HPOS="3351">
                  <String ID="string_region_1637585156244_718l34"
                          HEIGHT="106"
                          WIDTH="2423"
                          VPOS="2055"
                          HPOS="3351"
                          CONTENT="laisse ray lestants icy pour vre compte car n quime cent foite mieus "/>
               </TextLine>
               <TextLine ID="region_1637585156244_718l35"
                         BASELINE="4612,2134 4630,2136"
                         HEIGHT="47"
                         WIDTH="54"
                         VPOS="2107"
                         HPOS="4595">
                  <String ID="string_region_1637585156244_718l35"
                          HEIGHT="47"
                          WIDTH="54"
                          VPOS="2107"
                          HPOS="4595"
                          CONTENT="6"/>
               </TextLine>
               <TextLine ID="region_1637585156244_718l36"
                         BASELINE="3378,2190 3498,2181 3619,2174 3740,2170 3860,2167 3981,2164 4102,2164 4222,2164 4343,2164 4464,2166 4585,2168 4705,2172 4826,2174 4947,2178 5067,2180 5188,2184 5309,2186 5429,2188 5550,2190 5671,2192 5792,2192"
                         HEIGHT="99"
                         WIDTH="2445"
                         VPOS="2121"
                         HPOS="3362">
                  <String ID="string_region_1637585156244_718l36"
                          HEIGHT="99"
                          WIDTH="2445"
                          VPOS="2121"
                          HPOS="3362"
                          CONTENT="d'abandoner la negoce que d'avoir si miserables fabriques ie seray bien"/>
               </TextLine>
               <TextLine ID="region_1637585156244_718l37"
                         BASELINE="3368,2258 3489,2251 3610,2244 3732,2240 3853,2236 3975,2232 4096,2232 4217,2232 4339,2232 4460,2234 4582,2236 4703,2238 4824,2242 4946,2245 5067,2248 5189,2252 5310,2255 5431,2258 5553,2261 5674,2264 5796,2266"
                         HEIGHT="102"
                         WIDTH="2461"
                         VPOS="2206"
                         HPOS="3351">
                  <String ID="string_region_1637585156244_718l37"
                          HEIGHT="102"
                          WIDTH="2461"
                          VPOS="2206"
                          HPOS="3351"
                          CONTENT="lise d'avoirl honneur de vre responce pour voir ce qu'il seraepassez ne"/>
               </TextLine>
               <TextLine ID="region_1637585156244_718l38"
                         BASELINE="3362,2324 3482,2319 3603,2314 3724,2310 3844,2308 3965,2306 4086,2306 4206,2306 4327,2306 4448,2308 4569,2310 4689,2312 4810,2314 4931,2318 5051,2320 5172,2323 5293,2326 5413,2328 5534,2332 5655,2334 5776,2336"
                         HEIGHT="115"
                         WIDTH="2445"
                         VPOS="2242"
                         HPOS="3347">
                  <String ID="string_region_1637585156244_718l38"
                          HEIGHT="115"
                          WIDTH="2445"
                          VPOS="2242"
                          HPOS="3347"
                          CONTENT="doubtant pas on vous aurez le temps de m'envoyer encor quelques mar"/>
               </TextLine>
               <TextLine ID="region_1637585156244_718l39"
                         BASELINE="3366,2414 3483,2410 3601,2408 3719,2405 3837,2404 3955,2402 4073,2402 4191,2402 4309,2404 4427,2404 4545,2406 4662,2408 4780,2410 4898,2412 5016,2414 5134,2416 5252,2418 5370,2420 5488,2423 5606,2426 5724,2428"
                         HEIGHT="125"
                         WIDTH="2390"
                         VPOS="2318"
                         HPOS="3351">
                  <String ID="string_region_1637585156244_718l39"
                          HEIGHT="125"
                          WIDTH="2390"
                          VPOS="2318"
                          HPOS="3351"
                          CONTENT="chandises ou ballots p. le convoy pour Rotterdam qui est encor"/>
               </TextLine>
               <TextLine ID="region_1637585156244_718l40"
                         BASELINE="3370,2510 3486,2507 3602,2504 3718,2502 3834,2500 3951,2500 4067,2500 4183,2502 4299,2502 4415,2504 4532,2505 4648,2506 4764,2508 4880,2510 4996,2512 5113,2514 5229,2514 5345,2516 5461,2516 5577,2514 5694,2514"
                         HEIGHT="101"
                         WIDTH="2354"
                         VPOS="2455"
                         HPOS="3355">
                  <String ID="string_region_1637585156244_718l40"
                          HEIGHT="101"
                          WIDTH="2354"
                          VPOS="2455"
                          HPOS="3355"
                          CONTENT="pour se present a hull comme ie vous ay recommande"/>
               </TextLine>
               <TextLine ID="region_1637585156244_718l41"
                         BASELINE="3346,2614 3466,2612 3587,2610 3708,2608 3828,2606 3949,2606 4070,2606 4190,2606 4311,2606 4432,2606 4553,2608 4673,2608 4794,2610 4915,2611 5035,2612 5156,2614 5277,2616 5397,2618 5518,2620 5639,2622 5760,2624"
                         HEIGHT="129"
                         WIDTH="2445"
                         VPOS="2518"
                         HPOS="3330">
                  <String ID="string_region_1637585156244_718l41"
                          HEIGHT="129"
                          WIDTH="2445"
                          VPOS="2518"
                          HPOS="3330"
                          CONTENT="p ma precedente. i'aurmy soine pour les remises a courre"/>
               </TextLine>
               <TextLine ID="region_1637585156244_718l42"
                         BASELINE="3372,2720 3491,2716 3610,2714 3729,2712 3848,2710 3967,2708 4086,2708 4205,2706 4324,2706 4443,2706 4562,2708 4681,2708 4800,2710 4919,2712 5038,2714 5157,2716 5276,2718 5395,2722 5514,2726 5633,2730 5752,2734"
                         HEIGHT="140"
                         WIDTH="2411"
                         VPOS="2630"
                         HPOS="3355">
                  <String ID="string_region_1637585156244_718l42"
                          HEIGHT="140"
                          WIDTH="2411"
                          VPOS="2630"
                          HPOS="3355"
                          CONTENT="terime comme ie vous ay ecipt menagez les fraix tachez "/>
               </TextLine>
               <TextLine ID="region_1637585156244_718l43"
                         BASELINE="3352,2832 3464,2826 3577,2822 3690,2820 3803,2818 3916,2816 4028,2816 4141,2814 4254,2814 4367,2816 4480,2816 4592,2818 4705,2820 4818,2822 4931,2824 5044,2826 5156,2828 5269,2830 5382,2832 5495,2834 5608,2834"
                         HEIGHT="153"
                         WIDTH="2289"
                         VPOS="2713"
                         HPOS="3335">
                  <String ID="string_region_1637585156244_718l43"
                          HEIGHT="153"
                          WIDTH="2289"
                          VPOS="2713"
                          HPOS="3335"
                          CONTENT="me lailager en ce quil est passé pour m'animer et "/>
               </TextLine>
               <TextLine ID="region_1637585156244_718l44"
                         BASELINE="3346,2932 3464,2930 3583,2928 3702,2926 3821,2926 3940,2925 4058,2924 4177,2924 4296,2924 4415,2926 4534,2926 4652,2928 4771,2930 4890,2932 5009,2934 5128,2937 5246,2940 5365,2944 5484,2949 5603,2954 5722,2958"
                         HEIGHT="148"
                         WIDTH="2406"
                         VPOS="2854"
                         HPOS="3331">
                  <String ID="string_region_1637585156244_718l44"
                          HEIGHT="148"
                          WIDTH="2406"
                          VPOS="2854"
                          HPOS="3331"
                          CONTENT="encourager austy de achepter au mellieur marche et plus"/>
               </TextLine>
               <TextLine ID="region_1637585156244_718l45"
                         BASELINE="3362,3048 3473,3046 3584,3044 3696,3042 3807,3040 3919,3038 4030,3037 4141,3036 4253,3034 4364,3034 4476,3032 4587,3032 4698,3032 4810,3034 4921,3036 5033,3038 5144,3040 5255,3044 5367,3047 5478,3052 5590,3058"
                         HEIGHT="157"
                         WIDTH="2260"
                         VPOS="2932"
                         HPOS="3346">
                  <String ID="string_region_1637585156244_718l45"
                          HEIGHT="157"
                          WIDTH="2260"
                          VPOS="2932"
                          HPOS="3346"
                          CONTENT="grand advantage possible a commodite et soitir vous"/>
               </TextLine>
               <TextLine ID="region_1637585156244_718l46"
                         BASELINE="3354,3164 3475,3162 3596,3160 3717,3158 3838,3156 3959,3154 4080,3152 4201,3150 4322,3149 4443,3148 4564,3146 4685,3144 4806,3144 4927,3144 5048,3144 5169,3144 5290,3146 5411,3148 5532,3150 5653,3154 5774,3158"
                         HEIGHT="158"
                         WIDTH="2451"
                         VPOS="3047"
                         HPOS="3340">
                  <String ID="string_region_1637585156244_718l46"
                          HEIGHT="158"
                          WIDTH="2451"
                          VPOS="3047"
                          HPOS="3340"
                          CONTENT="vre commandant mon intrest encor une fois comme le "/>
               </TextLine>
               <TextLine ID="region_1637585156244_718l47"
                         BASELINE="3350,3276 3468,3270 3587,3264 3706,3259 3825,3256 3944,3254 4062,3252 4181,3252 4300,3252 4419,3252 4538,3254 4656,3256 4775,3256 4894,3259 5013,3260 5132,3262 5250,3264 5369,3266 5488,3266 5607,3266 5726,3266"
                         HEIGHT="124"
                         WIDTH="2405"
                         VPOS="3153"
                         HPOS="3336">
                  <String ID="string_region_1637585156244_718l47"
                          HEIGHT="124"
                          WIDTH="2405"
                          VPOS="3153"
                          HPOS="3336"
                          CONTENT="vre propre ie fenie et me dit panten tout sur vous"/>
               </TextLine>
               <TextLine ID="region_1637585156244_718l48"
                         BASELINE="3196,3440 3234,3434 3272,3429 3310,3424 3348,3421 3387,3420 3425,3418 3463,3416 3501,3416 3539,3416 3578,3416 3616,3416 3654,3416 3692,3414 3730,3414 3769,3412 3807,3411 3845,3408 3883,3404 3921,3398 3960,3392"
                         HEIGHT="180"
                         WIDTH="797"
                         VPOS="3310"
                         HPOS="3179">
                  <String ID="string_region_1637585156244_718l48"
                          HEIGHT="180"
                          WIDTH="797"
                          VPOS="3310"
                          HPOS="3179"
                          CONTENT="Leyden ke Beuf"/>
               </TextLine>
               <TextLine ID="region_1637585156244_718l49"
                         BASELINE="5104,3442 5129,3444 5154,3444 5179,3446 5204,3446 5229,3446 5254,3446 5279,3446 5304,3444 5329,3444 5354,3444 5379,3444 5404,3443 5429,3442 5454,3442 5479,3442 5504,3442 5529,3442 5554,3442 5580,3442"
                         HEIGHT="140"
                         WIDTH="508"
                         VPOS="3352"
                         HPOS="5086">
                  <String ID="string_region_1637585156244_718l49"
                          HEIGHT="140"
                          WIDTH="508"
                          VPOS="3352"
                          HPOS="5086"
                          CONTENT="Adij ditto"/>
               </TextLine>
               <TextLine ID="region_1637585156244_718l50"
                         BASELINE="3362,3550 3480,3543 3598,3536 3716,3531 3835,3526 3953,3524 4071,3520 4190,3519 4308,3518 4426,3518 4545,3518 4663,3520 4781,3520 4899,3522 5018,3525 5136,3528 5254,3530 5373,3534 5491,3537 5609,3540 5728,3544"
                         HEIGHT="155"
                         WIDTH="2399"
                         VPOS="3431"
                         HPOS="3345">
                  <String ID="string_region_1637585156244_718l50"
                          HEIGHT="155"
                          WIDTH="2399"
                          VPOS="3431"
                          HPOS="3345"
                          CONTENT="ingenolge de ul. van 13 ganuurij laest soo hadde al veentacht dat ul mij "/>
               </TextLine>
               <TextLine ID="region_1637585156244_718l51"
                         BASELINE="3360,3630 3482,3622 3605,3613 3728,3606 3851,3601 3974,3596 4096,3592 4219,3590 4342,3588 4465,3588 4588,3588 4710,3588 4833,3590 4956,3590 5079,3594 5202,3596 5324,3599 5447,3602 5570,3606 5693,3610 5816,3614"
                         HEIGHT="111"
                         WIDTH="2488"
                         VPOS="3556"
                         HPOS="3344">
                  <String ID="string_region_1637585156244_718l51"
                          HEIGHT="111"
                          WIDTH="2488"
                          VPOS="3556"
                          HPOS="3344"
                          CONTENT="noch eenige carmosijnen soude hebben gesonden hebbe sedert reele occasien"/>
               </TextLine>
               <TextLine ID="region_1637585156244_718l52"
                         BASELINE="3364,3698 3482,3688 3600,3679 3718,3672 3837,3666 3955,3661 4073,3657 4192,3654 4310,3652 4428,3651 4547,3650 4665,3650 4783,3652 4901,3653 5020,3655 5138,3658 5256,3660 5375,3664 5493,3668 5611,3670 5730,3674"
                         HEIGHT="129"
                         WIDTH="2396"
                         VPOS="3588"
                         HPOS="3349">
                  <String ID="string_region_1637585156244_718l52"
                          HEIGHT="129"
                          WIDTH="2396"
                          VPOS="3588"
                          HPOS="3349"
                          CONTENT="en redelycke vrage gehadt doch ben sonder sortement want de berien"/>
               </TextLine>
               <TextLine ID="region_1637585156244_718l53"
                         BASELINE="3364,3762 3486,3751 3608,3742 3730,3735 3852,3729 3974,3723 4096,3720 4218,3717 4340,3714 4462,3714 4584,3714 4706,3714 4828,3716 4950,3718 5072,3720 5194,3722 5316,3726 5438,3730 5560,3734 5682,3739 5804,3744"
                         HEIGHT="96"
                         WIDTH="2469"
                         VPOS="3697"
                         HPOS="3350">
                  <String ID="string_region_1637585156244_718l53"
                          HEIGHT="96"
                          WIDTH="2469"
                          VPOS="3697"
                          HPOS="3350"
                          CONTENT="blijven mit aen dhandt vjt principaele redenen dat de coleuren niet "/>
               </TextLine>
               <TextLine ID="region_1637585156244_718l54"
                         BASELINE="3210,3746 3238,3740 3266,3730"
                         HEIGHT="124"
                         WIDTH="103"
                         VPOS="3666"
                         HPOS="3184">
                  <String ID="string_region_1637585156244_718l54"
                          HEIGHT="124"
                          WIDTH="103"
                          VPOS="3666"
                          HPOS="3184"
                          CONTENT=""/>
               </TextLine>
               <TextLine ID="region_1637585156244_718l55"
                         BASELINE="3350,3830 3472,3822 3595,3813 3718,3804 3841,3798 3964,3793 4086,3788 4209,3784 4332,3782 4455,3780 4578,3780 4700,3780 4823,3781 4946,3782 5069,3785 5192,3788 5314,3792 5437,3797 5560,3802 5683,3807 5806,3814"
                         HEIGHT="139"
                         WIDTH="2488"
                         VPOS="3720"
                         HPOS="3334">
                  <String ID="string_region_1637585156244_718l55"
                          HEIGHT="139"
                          WIDTH="2488"
                          VPOS="3720"
                          HPOS="3334"
                          CONTENT="goedt wesen sende ul. hier in gesloten een staeltien soo als men die"/>
               </TextLine>
               <TextLine ID="region_1637585156244_718l56"
                         BASELINE="3330,3890 3449,3882 3568,3874 3687,3868 3806,3863 3925,3860 4044,3856 4163,3854 4282,3852 4401,3852 4521,3852 4640,3852 4759,3852 4878,3854 4997,3854 5116,3856 5235,3858 5354,3860 5473,3862 5592,3863 5712,3864"
                         HEIGHT="118"
                         WIDTH="2414"
                         VPOS="3789"
                         HPOS="3314">
                  <String ID="string_region_1637585156244_718l56"
                          HEIGHT="118"
                          WIDTH="2414"
                          VPOS="3789"
                          HPOS="3314"
                          CONTENT="alhiey vraeght over 3 a 4 daegen van een van ijne calanten waer by"/>
               </TextLine>
               <TextLine ID="region_1637585156244_718l57"
                         BASELINE="3366,3958 3487,3950 3608,3942 3730,3937 3851,3932 3973,3928 4094,3926 4215,3924 4337,3924 4458,3924 4580,3924 4701,3926 4822,3928 4944,3930 5065,3933 5187,3936 5308,3938 5429,3942 5551,3944 5672,3948 5794,3950"
                         HEIGHT="102"
                         WIDTH="2460"
                         VPOS="3891"
                         HPOS="3351">
                  <String ID="string_region_1637585156244_718l57"
                          HEIGHT="102"
                          WIDTH="2460"
                          VPOS="3891"
                          HPOS="3351"
                          CONTENT="soo een stuck a t wee vraegen het gene mede reden is ul. dit stael heden"/>
               </TextLine>
               <TextLine ID="region_1637585156244_718l58"
                         BASELINE="3358,4026 3410,4023 3462,4020 3514,4018 3566,4015 3618,4013 3670,4010 3722,4009 3774,4007 3826,4005 3878,4004 3930,4002 3982,4001 4034,4000 4086,3998 4138,3998 4190,3998 4242,3996 4294,3996 4346,3996 4398,3996"
                         HEIGHT="110"
                         WIDTH="1074"
                         VPOS="3932"
                         HPOS="3341">
                  <String ID="string_region_1637585156244_718l58"
                          HEIGHT="110"
                          WIDTH="1074"
                          VPOS="3932"
                          HPOS="3341"
                          CONTENT="sende in alle occasien blijve"/>
               </TextLine>
               <TextLine ID="region_1637585156244_718l59"
                         BASELINE="3198,4134 3244,4134 3290,4134 3336,4134 3382,4134 3428,4132 3474,4132 3520,4131 3566,4130 3612,4128 3659,4128 3705,4127 3751,4126 3797,4126 3843,4124 3889,4124 3935,4124 3981,4124 4027,4125 4073,4126 4120,4128"
                         HEIGHT="136"
                         WIDTH="954"
                         VPOS="4033"
                         HPOS="3182">
                  <String ID="string_region_1637585156244_718l59"
                          HEIGHT="136"
                          WIDTH="954"
                          VPOS="4033"
                          HPOS="3182"
                          CONTENT="Mons la reufre Masson"/>
               </TextLine>
               <TextLine ID="region_1637585156244_718l60"
                         BASELINE="5238,4164 5264,4164 5290,4164 5316,4164 5342,4165 5369,4166 5395,4166 5421,4166 5447,4166 5473,4166 5500,4166 5526,4166 5552,4167 5578,4168 5604,4168 5631,4168 5657,4170 5683,4170 5709,4172 5735,4173 5762,4176"
                         HEIGHT="147"
                         WIDTH="555"
                         VPOS="4064"
                         HPOS="5223">
                  <String ID="string_region_1637585156244_718l60"
                          HEIGHT="147"
                          WIDTH="555"
                          VPOS="4064"
                          HPOS="5223"
                          CONTENT="Ady 17 ditto 1708"/>
               </TextLine>
               <TextLine ID="region_1637585156244_718l61"
                         BASELINE="3362,4248 3482,4244 3602,4240 3722,4238 3842,4236 3963,4234 4083,4234 4203,4234 4323,4234 4443,4234 4564,4236 4684,4238 4804,4240 4924,4242 5044,4246 5165,4249 5285,4254 5405,4258 5525,4262 5645,4266 5766,4272"
                         HEIGHT="175"
                         WIDTH="2436"
                         VPOS="4135"
                         HPOS="3346">
                  <String ID="string_region_1637585156244_718l61"
                          HEIGHT="175"
                          WIDTH="2436"
                          VPOS="4135"
                          HPOS="3346"
                          CONTENT="i'ay tardez a repondre a la chere vre c'eause que i'attendez vre partie de draps"/>
               </TextLine>
               <TextLine ID="region_1637585156244_718l62"
                         BASELINE="3340,4326 3459,4323 3579,4320 3699,4317 3819,4314 3939,4312 4058,4310 4178,4310 4298,4308 4418,4308 4538,4308 4657,4308 4777,4308 4897,4308 5017,4308 5137,4310 5256,4312 5376,4312 5496,4314 5616,4316 5736,4320"
                         HEIGHT="101"
                         WIDTH="2427"
                         VPOS="4245"
                         HPOS="3325">
                  <String ID="string_region_1637585156244_718l62"
                          HEIGHT="101"
                          WIDTH="2427"
                          VPOS="4245"
                          HPOS="3325"
                          CONTENT="hollande la quelle iay receu et ie  entre gailtres ie ne trouvé"/>
               </TextLine>
            </TextBlock>
         </PrintSpace>
      </Page>
   </Layout>
</alto>
