6126 4434
792 55 2361 129 dat aen ul. maer 40 a rooden frisaerdt hadde gesonden als dat ge heel stuck

795 119 2273 101 dt moet met daer in cocuseren want geljck us bekent is en aen u

795 178 2361 117 hebbe geschreven ick en magh met den met geheele stucken vercopen

801 235 2364 122 ick wille alles doen wat mogelijck is om ul. ovraentschap te doen en goeden

813 312 2298 101 coop te bedienen wat aengaet den prijs van de goederen ul moet secker

801 371 2352 125 wesen dat op die geheel coop mans chap geen setoen winne de nvooden

797 461 2251 88 frisaert cost mj selfs soo veel als die aen ul. vercoope want den

789 533 2352 98 incost van regen en friseren cost 31t prsas den bruynen carseir en

800 588 2195 104 heeft geen scheuren datt alleen aen het tegensel dat door iet

812 669 2353 100 briseven is toegecomen en ul. magh seeker wesen dat ul in lange tijdt

780 715 2371 124 geen beter louck in ul. huys heeft gehadt van geljcken oock den rooden

781 793 2302 107 car sey ende den blouwen ul sal mede wel ondervanden dat het beste

802 882 2213 70 wert den besten coop is want daer is tegen wordigh soo groet

792 911 2352 143 bedrogh inde goederen dat het engelooffelijck is iet en can ul. anders

804 986 2288 102 niet  segghen als dat alle devopen sat doen om ul. altijdts wel te

791 1057 2336 102 te bedienen en soo goeden coop als imant en fntwerpen doen can

807 1119 2123 109 waerops magh betrouwen en soo Blijve naer godetenisse

2133 1178 378 159 21 July

676 1189 1118 193 Brussel martinus Robeiyens

793 1287 2364 184 verhoepe continaatie van gesontheyt alhoewel ge

804 1414 2304 135 occasie en hebbe om ue te shrijven soo nemen p deser

809 1504 2273 178 evenwil de lbertijt aen ue ingesloten te senden een

793 1623 2348 175 brusseen op hier op hendreckus tor van ƒ200 i

807 1710 2255 222 gelt 20 court vervallen sende 26 deser te betaelen

795 1834 2358 192 met versoeck ue gelieve het selve te laeten nvoye

824 1939 2224 256 en wissel my ten uytersten verobligeren sul

807 2069 2212 246 geene occasie om briefken op het in te trecke

800 2172 2235 240 ende te groote perrijkel om het gelt met den

802 2340 2298 190 boeden te laeten af coemen hebbe tegene auge

811 2454 2239 216 en yber noch eenige mede de libertiyt sal ge

801 2583 2280 164 ruycken ia te versoecke om de selvee te leu

793 2718 2349 176 ten invoorderen en ue aldan over coemeende

797 2849 2351 216 sal sigh wel vinden ue ingelijck connend

837 2944 2204 175 dinst doen gelieft te conmanderen die blijv

2070 3075 598 172 22 July 1708

653 3097 1187 164 hal  icocael van den Beraen

794 3147 2314 203 tot antwort van ue aengenaemen van 19 court ick sal me

823 3304 2279 141 wederom gaen devoiren doen om de pennengen daer ue van

829 3383 2314 162 melt te becoemen en daer ue het saces oat eersoen sal advesere

817 3530 2279 146 ick hebben ue op gisteren met het beurt schip in een rollege

805 3598 2343 200 sonden een fijn geperst laeck met eenen dern baey dat voor

797 3688 2366 228 ue appaert hadde geleyt het is hel naeste op het couleur ver

803 3822 2270 165 ue stael datter can gevonden woorden want al waere het

812 3916 2337 164 dat ick het van engelland expres onboede op ue stael soo onde

802 4013 2367 182 het iet anders connen geschuden hebbe oock eenen rooden baeij

796 4106 2356 222 gesonden die seer goet en goeden coop is den baymet ƒ69 ende

801 4246 2373 114 ee cost ue moet geverf 10  p C ue rolleken is gemerckt

3288 14 2546 170 a l'oe neere 1 bit a e e i  aen dor mberge

3383 133 2475 165 tot brussel verhoepe het selve ue wel en tot contentement

3368 212 2472 207 sal geworden hebbe noch nogt soo veele ofte schoene goede

3377 313 2412 235 by mi gehoedt van alderhende soortemente en pryse

3383 419 2393 234 al teyenvoordegh soo dat Jouffrour ue huijsvrouw

3374 509 2460 258 forsiment dinez by mij van alles sol vinden als

3360 633 2452 286 haer gelieft over te coemen sal oock carseyen van ul

3378 734 2470 328 derhande couleuren doen verven en gereer houden

3383 862 2435 295 hebbe oock geverfde laeckens van engelant roode

3376 996 2369 303 blouwe en blek blouw groen en geele dieal

3375 1149 2402 315 geverft maer op eenen pataconden coemen ick is

3238 1270 2496 299 rensche ue en aen son frouw ue beminde en gheel u

3350 1396 2401 327 famillie benevens mijn huys vrou contina tu

3356 1508 2462 262 van gesontheyt en blijve naer vriendelycke groetenisse

5184 1730 582 214 Adij 23 July 1703

3257 1743 1509 236 Mechelen de wed. Betram

3382 1898 2447 187 desen om ul. te adviseren dat het pacoxke met de geperste laeckens  n0 8 hodt

3379 2031 2446 101 lot wel in mijn huys hebbe ontffangen gelieft mij ul. tholbrief af te senden sen

3371 2089 2456 115 oIl: antwoort sal dat ul. mmet het beurtschip op mecheten toesenden ick

3386 2136 2453 133 ben seeker dat ul daer ten ujttersten sal van voldaen wesen want die soorge

3383 2253 2459 87 en wont niet monder als tot 45t vercoght en om dat ul met de packen

3388 2306 2383 89 coopt soo laete ul. dat over met seer meynige winste al oft ie 35 op

3383 2342 2465 109 prouisie diende ick hebbe oock noch packen van m indere prissentoock

3372 2433 2373 107 seerschoone carseyen van Abram illey en fijne witte blaeyen oock

3372 2504 2443 85 colchester en deventer bayen in alles dat ul can noodight hebben sal dl

3363 2531 2437 114 altijdts ten uyttersten wel en goeden coop tedienen waer op dat ul. sich

3370 2625 2163 105 magh verlaeeten en naer cordiaele groetenisse, soo Blijve

5119 2728 526 160 Adij ditto

3219 2701 1493 240 Leuven Pater procurator van de jouitten

3383 2836 2458 154 in gevolge den laesten brief van 13 sber 1707 waerber s mj geliefde te verseekeren

3369 2965 2459 95 van my p eersten te voldoen soo hebbe tot nu toe sulckx verwaght en patientie

3363 3037 2487 110 gencomen enen wel tot datohe den niets vernomen dat mij verwondent en alle reden

3380 3083 2415 89 te buyten gaet een coopman moet by syne negotie sleven en waneer mee

3356 3158 2480 82 meer aenden intrest moet toegeven als men selfs aende goederen can

3349 3224 2494 85 staren soo ist een genoe  saecke ick versoecke ander mael vriendeelyck

3362 3280 2487 107 voldoeninge vvan mjn capitaelen in trest alsoo ick de paters soo goeden

3370 3349 2478 123 coop be die nt hebbe datter naee welyckex een prouwsie aen heeft overgeschotn

3363 3440 2446 88 ende dat om sijn a te animeren om de fevrantie te mogen hebben

3352 3510 2442 83 naen in naet sal manqueren te continueren ingenalle de paters

3347 3574 2452 107 mij gelieven te imploseren als meer maels hebbe gepresenteent af

3358 3635 2141 117 wachten de d'eere van een letter antwoort sooo Blijve

5436 3704 206 156 de

5139 3717 235 182 Ady

3207 3699 1306 223 Leuven Adriaen Everaerts

3363 3892 2462 148 en hebbe in lange deere niet gehadt aen ul. te connen schrjven faute

3351 4016 2469 82 vern occasie van gelijcken en lange geene goederen aen ul mogen leveren

3365 4074 2483 81 dat n iet en can bedenck en uyt wat oorsalele ul. moet cnmers verseeket

3357 4149 2493 92 wesen dat ick uk. soo goeden coop can dienen als imant in intwerpen

3347 4211 2377 103 ick wete wel dat de boeden hanneen ienden al tecommanderen

3356 4219 2408 120 ende dat die mij al wat ondienst connen gedaen hebben maer oft

3502 4339 2248 31 a tagie daer en bestaet dat laet pack vs oordeelen
