6269 4441
824 20 2357 103 n medt

836 105 2312 145 car cela nous est impossible. les eschantittions que m'avez envoyée

831 171 2306 140 4 sonte de dans et accordent sout bien et ie ne doubte pas on tous

818 241 2335 119 en ferez tres satisfait car ie vous asseure que ie vous serve au

820 306 2319 131 mesme pred comme touts mes mellieurs chalands et que ie ne

816 397 2091 88 vous fait pas payer un gigot d'auautage a quoy ie ne

823 437 2361 159 man queray jamais priunt me commander en touttes occasions

817 521 2310 185 i'ay de beaute draps bleu et drap de dammes et escar lats avssy

827 604 982 158 a vre service le medit

2246 685 706 186 ady 22 meert 1709

621 701 1096 215 Mons A. Di Houst

840 866 2280 116 ie ne doubte pas ou la mienne du 18 du courant vous sera bien

813 974 2309 116 parvenue. 2 fais charge dans la barque marchande pour druxelles

814 998 2329 127 vos trois p. de draps verde dans ure rolle marque ND a l'addresse

792 1074 1963 124 du S. henrj de Baune je luy  en ais donne advis

821 1139 2308 145 et aussy envoyce vre lettre tellement qu'il fautt que vous les

817 1225 2305 131 ayez receu avant cette la mienne. i'ay fait tout ce que i'ay peu

816 1274 2326 159 pour les expedier le plustost possible au pieed de cette la facture

818 1354 2358 146 portant de change ƒ2141:13 pour quelle somme il vous plaisa

816 1463 2347 114 me crediter et me commander en touttes occasions ie suis bien

833 1492 2326 173 pour veu de toutte sorte de marchandisse et ie ne manqueray

838 1600 2279 133 pas a vous servir touiours au plus iust prix possible. de seray

820 1675 2309 111 attendant vre remise comme V.¼ in la marque p. la derniere

822 1760 2312 118 car il me fault faire grosse  remisse ce qu'il m'em barasse

820 1817 2343 110 on peu pour le present a cause que l'argent est rave p. tout

812 1868 2310 207 pr. le peu de debite qu'il gat en durant &'hnier ie me dit

2188 1949 597 164 Ady 24 d

597 1979 975 199 Mons Anthoine De Houst

811 2061 2290 186 i vient de recevoir a lrinstant la vre date de ceiourdhy

809 2237 2290 121 ce que ie croy p. erreur. ie m'estonne que la mienne du 22

796 2300 2245 188 court, ne vous ettoit pas encor rendue ce que i'espere

803 2418 2221 134 ne anmoins pour le present p. la quelle vous aurez veu

792 2517 2221 216 que vos trois piesces de draps verds sont parti pr la

804 2622 2280 191 barque marchande les quels ie ne doubre mullement op

820 2738 2258 144 vous aurez receu avant cette la mienne car ie l'as asses

806 2863 2289 189 recommande aus. de Pauw et luy envoyée vre lettre

814 2962 2284 192 ie les ay presse tant quil estoit trossible et 2 parsonne

804 3084 2349 133 au monde me per faire plus de devoirs que ie n'ay fait

2347 3166 82 93 les

799 3169 2238 230 pour les expedict. la raison que ie n'ay envoyée p

802 3261 2319 210 mallinnes est que les coches n'estoient pas miuu de

817 3400 2136 194 pasports et sque ie m'osors pas les resquer car ils

795 3511 2370 131 lestoient prests prests pour les mettre sur la cocud comme

831 3621 2345 158 ie vous ay marque. la gelee at este cause du retardement

794 3739 2267 141 et non pat moyt en tout qu'il vous plaira me

801 3840 2200 163 commander vous me trouberez tousiours a vos ordres

573 3961 1084 171 Mons La veufve  matson

2237 3955 543 145 Ady 24 d.

805 4019 2354 175 mons vre bau tils en comp. de madmad vre fille son esponde

802 4152 2332 130 m'ons fait l'honneur de me mettre es mains l'agreable vre

815 4237 2361 129 du 14 du cour avec une lettre de change du premier courant

3241 81 2597 122 ssences de ƒ500 sur le si Raphaill del Cassille ensuitte ma

3357 198 2376 153 quittence luy donne. 'au fois souhaitte a huis rendre plu de

3349 285 2389 173 service et ffaire plus de plaisir que ie n'ay peu faire a cause

3332 381 2351 212 quils p'ont fait que de passer pour ainsij dire. nonobstant

3304 497 2415 211 wuts mis offres que le leurs ay fait, pour les divertir un

3341 618 2364 223 pu l ne pmont rien voulu accorder ce que i'auvois bien

3348 719 2377 221 souhaitte cependant pour la vielle connoissened et efanne

3347 855 2233 202 ucleurs ay fait voir mon magasin, mais, puis que mes

3346 976 2369 194 nouv caun draps rouges verde et bleu ne sont pas encor

3348 1088 2328 224 arrive, ils p'ont pas trouve beaux assez ceux que i'en ay

3351 1215 2382 212 enct ellement q'ils le sont addresse ailleurs pour en

3361 1364 2418 164 avoir et ii' en doibt avoir pasience pour cett fors. touchant

3346 1460 2393 193 les draps escar lats, ils m'ont dit de vous en faire paport

3355 1584 2325 180 et que j'auvois a attendre l'honneur de vre responce

3347 1719 2494 183 aussj pour des draps communs double presse de 20

3353 1801 2505 218 p ƒ2:- 37 autques a ƒ2:5 a ƒ2:8 a de toutte sorte

3321 1971 2539 148 des couleures. lla quatre presces de bayes et deux carusee

3327 2052 2402 197 quils ont choss de les ay hier embarque pour Bruxelles

3245 2160 2369 207 avec la marchandise que l'on a porte chez moy dans

3343 2280 2409 161 un ballot marque VB.M. addresse ensuitte a leur ordre

3339 2393 2340 193 au S. Jan Bosscheron. et bayes sont d'une plus hante

3360 2497 2200 200 halite que les dernieres que ie vous ay envoyée et

3350 2617 2367 164 madmois vre fille les trouverat ainsy les vouante

3346 2730 2281 187 caure les aultres. icy embas la facture portant de

3336 2825 2399 186 change pour quelle somme il vous plaira me credirer

3339 2945 2408 192 et me commander en touttes occassions quoy que vous

3351 3056 2430 197 vous plaiquez de moy de temps en temps vous trouverez

3338 3183 2383 186 p experience que parsonnes au monde ne vous servires

3343 3314 2376 138 si pas, ni a si i prin que ie ne fasse. ie ne peu dire

3359 3398 2216 177 d'avantage que ie n'ay dit vre surs content de vous

3333 3530 2482 106 soulager en tout generalement qui ne resussit point selon

3356 3602 2357 181 vos desirs car u douhaitte qu'a vous partfittement

3337 3713 2373 189 bien servir et a pouvoir continucer estant de toutte

3336 3842 2415 141 sorte de marchandise tres bien fourns a vre service

3349 3939 2042 149 is: vous salue comme toutte vre famille et suis

3219 4038 1302 208 London Livinus de Dorpere

5038 4068 511 171 25 meert 1709

3335 4161 2463 153 refereie mij aen mijnen laesten van 16 court waer by ue largo hebbe

3341 4260 2325 91 geschreven verhopende hij ve wel sal sijn ter handt gecommen
