6225 4452
679 108 2305 167 leiyden de wed. le poeure en soon Ady 1 xber 1709

852 226 2297 168 ue aengenaeme van 4 court hebbe wel ontfangen ende

840 282 2330 222 het gene daer bij vermelt wegens d'affairen van den boedel

843 388 2339 198 van Buck sal aen g'een en dander van de crediteuren

849 492 2317 214 alhier commuiieren. wat aengaet de ue d. mij geerne

838 619 2309 240 eenige laekens in commissie te vercoopen soude senden

827 740 2375 226 het soude mij seer aengenaem wesen ue te connendienst

817 851 2334 209 doen maer tot alsun en isser geen de minste vraeghe

843 986 2282 214 en ick en hebbe niet geeme de goedereren onder mij

817 1128 2354 128 als geen occasie en sien om die te connen debiteeren

842 1252 2240 142 daer soude met den winter oft het voorjaer moeten

830 1378 2328 140 veranderinge et beeter debiet voorvallen want van

820 1446 2344 207 de goederen van dh. Le 3 en can my niet ontmaeken

850 1621 2369 143 voorders de beste winckeliers van hier, ghendt en Brussel

849 1688 2336 154 otbieden die soorten advoitur soo als ue de bekent is

849 1822 2359 188 en vale van hollandt sijn hier daeghelijckx int hunne

826 1926 2361 201 goederen van plaetsche tot plaetsche om die selfs te

833 2050 2341 180 beneficseeren met een woort daer en is heden daeghs

839 2159 2344 211 geen slechter ingotie in dete quartieren als de wolle

821 2276 2397 179 manu faituren door de groete abondantie voor de

802 2389 2334 218 penningen in te staen en can mede niet retolveeren

809 2509 2335 187 redenen mijne calauten voor mijn eijgen rekene

835 2612 2366 163 soo veel moete crediteeren alst mij can convenieeren

841 2760 2325 177 maer en vercoope noeyt voor een anders rekent

844 2856 2279 204 oft ben ten minsten het dobel voor mijn eygen daer

846 2983 2298 174 nevent geintresteert en meer en can men

826 3106 2357 168 doen  d'occasie voorvallende sal mij d'eere geven

961 3180 124 110 1d

821 3200 2359 178 ue id daer over te schrijven ende het sortiment dat

822 3306 2396 141 soude connen noodigh hebben te vraeghen middellengdt

835 3426 2378 187 soo blijve met minsaeme groetenisse in alle occasien

641 3502 1019 212 Brussel Francis Jacops

2186 3534 843 208 Ady 128ber 1709

811 3615 2408 211 Payly heeft mij unt ue naem heden coemen vraeghen naer

848 3754 2369 157 het pin couleur superfijn laeken N61 dat tot mijn leet wesen

833 3897 2340 160 giosteeren iust eerste bercoght hadde aen mant die daer

848 3979 2326 207 wel drij daeghen over gedongen heeft, hadde dat expres

843 4078 2271 222 getraincert oft ick ne antwoort ontfinge maer sijnde

835 4207 2366 164 gisteren de tweede rijse dat sedert ick ue de staelen hebbe

3377 71 2337 253 gesonden het beurtschip is vertrocken soo hebbe eyndelijck

3369 219 2382 160 het laeken vercoght d'enckende myne staelen ue niets en

3393 324 2395 203 agreerden dat mij nn chagriveert omdat ick soeke d'eere te

3385 452 2367 188 moogen hebben van met ue voorder kennisse te moogen

3357 582 2483 183 maeken ende te handelen. hebbe noch een partijken sijne

3385 706 2367 186 pinne laekens en andere nieuwe moede couleuren onder

3370 795 2437 207 wegen die ick met de eerste soudonsche vloete verwaghte

3376 933 2266 205 oock sijn danderepine daer ue de staelen van heeft

3366 1039 2379 240 noch onvercoght oft ue daer noch eenige van agreerden

3390 1175 2273 212 hebbe oock noch diversch sortiment van superfijne

3378 1334 2211 161 lichte grijsen en moede couleuren voorders alle

3377 1402 2363 250 soorten van laekens superfane witte geheperde ende

3360 1517 2390 235 ougcheperde flannellen, syne colchester en deventer bayen

3354 1651 2305 245 en engelsche geverfde quaerten carseyen en bayen in

3358 1779 2452 246 abondantie tot ue dienste wenste wel d'occasie presen

3379 1889 2404 223 deerde dat ick ue ergens in mooghte dienen. ick ben

3361 2023 2475 233 seeker dat ue met ij te handelen genoegen sult vinden

3358 2147 2432 205 want sal in alle occasien ue alles seer civiel en goeden

3342 2240 1322 193 coop overlaeten die blijve

3282 2353 1025 209 Brussel Joansia ververs

4726 2376 883 237 Adij 17 xber 1709

3345 2480 2350 230 over weynige daeghen het geluck rescontreerende van

3385 2607 2348 217 dh PBevers ue swaeger te connen spreken soo hebbe

3357 2723 2422 212 vernoemen dat de affairent ue overcomste beletten en

3338 2815 2444 246 doen tardeeren en evenwel dat ue wel een partejken

3341 2944 2224 237 goets noodigh heeft ick soude soo geerne de oude

3344 3056 2476 244 kennisse onderhouden. wat swaengheyt can ue maeken in

3341 3171 2437 268 mij nu' en dan te ordonneeren de goederen die ue noodigh

3347 3289 2411 235 heeft 3 ick sal ue alle conditien geven die ue van een

3348 3411 2344 249 hiurelijck man can souhaitteeren en soo goeden coop

3343 3494 2475 237 alles overlaeten als ue in Brussel oft  smant in de

3355 3630 2346 193 weerelt soude conmen coopen en ick hebbe soo schoon

3326 3725 2448 234 sortiment van alle goederen int generaet alser ins landt

3338 3831 2513 279 te sien is. gelieft ue eenige laekens spaensche oft geperste

3328 3958 2403 253 oft noertsche sal ue staelboeakens senden en gelieft

3317 4079 2489 222 ue een paxke te ordonneeren ue sulen accort maeken

3316 4163 2485 229 als ue die ten uen huyse sal gesien hebben want ick
