6225 4452
2393 85 267 134 1d sber

704 83 680 165 Remeen Costaigne

874 154 2292 170 Jay giet la liberte vs addres ser pra derniere le 30 mors p laqull

841 292 2158 101 vs er ay donne a connoistre quil messoit impossible a trouv

894 371 2138 101 occassios de tires sur namer et en effes jusques de ce jour je nay

865 426 2236 137 rencontre personne que me peut accomoder tellement q je vs prie

842 508 2223 144 dnvoiy sil ny a pas nom p chez vs sil nest pas sur an vees

863 588 2111 141 patience quant e ne feiroit et our brusselle ou quelques actce

875 674 2085 132 plaies car il ny a ponr d'occasion du tout d'icy a namer

873 723 2245 169 sil vr manque quelq as sortiment pr la faison d'hiver averur

863 846 2082 126 re v prie me l'ordonner jay le plus beu mayasin d

855 874 2357 163 monde de toutte sorte de nouve le marchandise dang letertd hollind

867 977 2284 156 et du nre fabrique a tres bon marche come toutte sorhe de draps

876 1069 2228 145 temis et couleurs flanelles de 3 p larges flanelle fine blanch

885 1167 2214 136 a facce de camirolles et chemises ausry jinnes  crocs

885 1262 2247 142 baye diveriter des tout prix et carisees et beyes comunes et ie

887 1353 2255 145 vr ferisi va pr le present a si just prix q' onaurez encortroe

872 1431 2245 127 ver la marchandise de vre vie peessez quelques annéer d: q

879 1511 2262 100 et eu la bonte de me recommander a madel mane he

882 1595 2340 133 et come elle a quitte  pr le prisent la negoe je sochaitte m

883 1700 2198 121 a faire connoisserce avec dacctke et si v:  pr vou raisavoir

889 1785 2286 139 la bonte de menvoiser un peu p notité cux que trasigiet

882 1862 2280 154 en mance facture de draps et avec le quils on pourdet negotier

855 1976 2192 131 of aps crainte ie l'estimeray pr une grace partieulier et en

864 2038 2275 161 tout occasion q je pies panullement vs rendre servce il me

880 2154 2261 129 ferm agreable de recevoir l'honneur de vos commandemer

882 2215 2259 171 resperte q le bon Dieu ns accordera la paix bant desire

859 2341 2306 114 tout et q par la ns pourrons renouveller le viel le connois

867 2426 2253 155 bance et la negoce cor cest une pitie de vois come le pase

884 2516 2307 139 et la ne goie cest desolie dans ces quarfier je vs salue attendent

886 2592 1299 125 la grace q je vs demande et nre dit

689 2651 885 169 Brussel A: van den heck

2220 2648 305 147 17 sber

863 2742 2341 134 Ick hebbe ue aen genaeme van 24 gpas sato wel ontfange ende sal diens

871 2825 2275 151 volgens verwachter dat ue mij een partijck sal remitteren waer op

881 2917 2298 160 mij betrouwen want ben tegen woordigh wat verleger mits soo veel te

853 3013 2317 136 betaelen hebbe door dien alde versche goederen gearriveert wesen ben

863 3079 2305 121 blijde ue ingelijck noteert dat p eenste eens salt overcoemen ick en

871 3167 2334 131 twijffelen niet oft salsal een poartijcken goets voor het winter Jai

857 3248 2347 147 noodigh hebbe ick ben alles ten uytersten wel voorsien en iet sal

867 3338 2281 133 trachten de begonne eennisse te onderhouen en ue soo goeden

877 3405 2352 126 coop: te bedicken dat seeker ben dat ue nergens soo coveel de goede

861 3477 2333 176 sullen worden over gelaeten nochte met soo clijne winste gelijck

867 3553 1950 146 iet nu passeren waer op moght staet maecke endat ben

2253 3622 278 107 1ƒ sber

715 3595 882 143 Brussel Boonna ververs

877 3678 2215 170 hebbe ue aen genaeme van 23 pas sato met de staelen van de sijne

857 3760 2247 138 laeckens wel die retou becomen sien ue van intentie is selfr ovir te

877 3874 2336 137 comen het sal mij aengenaem wesen d eene te ontfange en als ue ich

862 3961 2353 116 maer van het eerste by my gelieft te addrisseeren soo en twijfelen niet

871 3994 2348 170 oft sal het geluce hebbe van aen ue een partijeke goet te vercoop

860 4075 2328 173 want jehonder sontinent van alderhande goederen en isser in het

866 4216 2341 122 gheel lant niet en boven dien for sal ick soo rassonnabel eyn en e

865 4258 2334 125 alles soo civiel overlaeten als ue van een eerelijck man soude

3411 86 2454 93 connen desereren want soecke d'eere van ue dalan dis ie te mo

3407 143 2460 127 hebbe en sal toonen het ue intress te wesen bivrij te coopen sal uls

3421 194 2476 139 nu soo lange getracht hebbe ue te persieaderen salt gelijck vrs

3423 321 2466 111 vachten van ue te sien oo de libertijjt nemen vande geordont

3414 395 2470 178 neerde £100 te trecken maer tot dato heden en hebbe noch giere

3423 465 2382 131 occasie connen vonden ick groete u van herte en blijve met

3421 563 2416 179 oftres mijons dienst aen gheel de famillie hebbe gemepit het

3410 687 2460 161 seluck te hebbe ue te besoecke maer en can op moegelijcke vaa

3393 786 780 152 uijs niet geraecke

4765 829 518 177 17 sber 1709

3312 881 1039 136 halle Nicolas van den Bergen

3377 980 2466 140 salobus de pre heeft. mij 14 deser voord ue reck gestelt ƒ 180 wissel

3395 1049 2486 125 in gevelge de quittantie die hem hebbe mede gegeven en hebbe die somme

3376 1154 2372 107 ue in reck goet gadaen hebbe oock het synen tij de wil ontfange

3392 1206 2419 114 ue laeste hn altijt aengenaem van 28 July laest in gevolge soo

3382 1293 2511 155 ist swert flanelle den meulder coulur cursey swerten bay ende

3390 1403 2431 123 den couleur bay met de 2 rooden gereet gelieft die gesonden te

3384 1489 2491 128 hebbe didde maer te schrijven andrre couleuren sal douffrous ue

3386 1568 2469 143 bemande e abondantie vim din als oock alle soorte gr vnendiie

3407 1679 2450 127 goederen en laeckens thaer over comste als ue oft haer maer belief

3396 1754 2460 97 maer geloove dat niett en sal wesen voor dat de leegens inde winte

3380 1839 2527 143 quaertieren coemen wegens dat ue mij schif vant couleur baecen

3407 1919 2432 155 daer het goetinge pocht is geweest vol gaeten te sijn dat en carby

3381 2034 2476 121 de mosten niet sijn toegecoemen want in hebbe godt lof noyt geen

3368 2118 2555 160 ongemaet bij gehadt maer het aen wel geleeren dat het aen mijne h

3390 2231 2480 144 packen van engelant coemende oock voor eenen crapp gediet

3397 2325 2467 158 heeft ende het se door het see waeter oft anders intt eenige gacturs

3388 2430 2436 121 te regen laeft het is van de slechte soorte ende gemegnite pse

4699 2511 103 64 Aa

3373 2492 2498 165 ende daer en is geene swaereiykent moet daer bij geen schaede leyede

3376 2594 2549 129 sal ue met plaisit ten vollen ten gaeden comen oock aen elles ij

3384 2693 2521 123 dat aen de goederen soude connen man soo als u altijt ver

3381 2786 2470 128 tiukert hebbe want door de menighte die ick door geer in mn pack

3368 2856 2552 117 huys hebbe soo geraechter wel icts onder dat ick selfs niet en can

3383 2931 2537 172 weten verhoepe de leegers in ue quaertier ne geen schaede maer en

3371 3016 2519 184 sullen connen by brengen mets den oort soo veergevan cat is godde

3360 3128 2515 160 welt ans maerden vreden verlienen en ue benevant ue beminge end

3376 3199 2474 155 fapellie lange jaeren in ser ontheyt paeren op dat wij de enisse

3363 3249 2498 212 posen onderweden ende dat ick can thoonen male occasien dat ben

3297 3299 928 155 Brussel weduwe de Brueyer

4948 3365 329 120 17 xbert

3360 3406 2481 178 en twijffele niet oft met het afgaende saisoen sal ue al een partyckex goets

3358 3467 2479 198 noodegh hebbe ende tot diert eijnde come mij ue andermoel mijn daenst eens

3358 3539 2502 170 pretinteren ende de memone ververschen want soude geerne tennisse onder

3350 3612 2520 203 ouden weest verseekert dat ue n geheel cant wergens soo schoon sortimert

3375 3686 2507 207 van alderhande goederen sal vinden dan bij mij oock dat ue niemant eee

3354 3768 2496 164 der alles sal over laeten ende bedienen geljck buyten twijffel ue eens sal

3369 3814 2502 189 over coemen soo versoecke mij deere aen te doen van coemen te besoecke

3343 3905 2500 174 het gesieht heeft ue voor niet ende daer sal soortiment wesen dat sece

3364 3980 2477 165 ben dat ue sal bevallen oft ingevalle ue ic niets over en quam en iets

3351 4053 2519 177 noodigh heeft gelieft maer soo heel te doen mij te schrijven ende te ordonnere

3366 4121 2477 168 en ick sal ue soo ceviel bedienen en alles afsinden oft ue hier present

3354 4214 2169 144 waeres gelieft maer eens de pree te nemer van die bleve
