5936 4406
271 73 1198 121 Ghendt J Bapt. De Sadelaer

2193 47 610 130 Adij 28 mey 1707

503 155 2494 128 ick verhope dat den mijnen van 20 court ul. wel sal sijn gheworden ende

497 236 2513 163 dat ul. conform mijne laeckens sal hebben vercocht sedert ben sonder voorden

494 327 2470 133 van ul. enghenaeme R. Coppenolle van Brughe schrijft mij dat he

506 399 2380 126 ul. voor mij heeft gheadresseert p. Rapelinc man dot packen

486 472 2430 141 te weten  n 12 17 en N1 n° 19 die op ghisteren costij saude moeten sijn

498 553 2497 153 ghearineert ghelieft mij het pack P.S. n°12 en 17 p waeghens cits voorts

454 636 2571 123 te senden en 1 n1o met den beurtman benenens de goederen van mijn

486 731 2455 109 vaeder ghelijck hij ul. gheordoneert heeft: sal het succes hier van

481 785 2529 169 benevens d'eere van ul. antwoort afwachten en ul. groetende soo Blijve

298 850 1129 196 Brussellen Christiaen seghers

2322 931 610 173 Adij 28 ditto 1707

417 983 2467 191 i mijn vaeder heeft mij gheseydt dat u hem heeft gheschreven dat ick op 8 L

510 1096 2383 156 laude trecken iinfhandert guldens waertoe heden occasie hebbe ghewonden

497 1212 2400 136 ende ghedaen in brief ons sicht te betaelen aen d'ordre van d'heer Theodor

484 1270 2523 141 Broeckmans en desen diene tot advies ick en twijffele niet oft otf: vander

487 1363 2315 155 Borght sal ul. gheseydt hebben dat haer mits occasie hadde van ste

517 1415 2404 171 schrijven hebbe gheadviseert dat van alle soorten van goederen seer

509 1540 2456 129 wel voorsien ben ende noch partije van costende onderweeghen hebbe

494 1622 2389 124 oock met dat gheariueert huls convoij in hollandt den heere wilt

498 1692 2380 129 verleenen dat het ul. goetvertier magh wesen ende dat ick het

498 1796 2372 137 ghelaek magh hebben van bij ul. eerste overcomste ul een goede

521 1885 2265 110 partije telconnen vercoopen en sal nogdt manckeren mijn

476 1991 2466 123 wijterste devoir te doen om ul. wel te dienen en beeter coop als een

473 2038 794 157 ander en soo Blijve

294 2121 1471 177 Ghendt Jan Bapt. De Sadolaer

2264 2193 662 197 Adij 29 mey 1707

484 2263 2427 189 naej dat u.l. op ghisteren hadde gheschreven soo become ul. aen giersaeme

502 2399 2510 139 van selve datto ick en twijffele niet oft de drij packen sullen ul. op ghisteren

501 2472 2478 135 sijn gheworden en mifs ul noteert datter svarrcheyt is met die pl waeghens

485 2553 2466 164 te versenden soo ghelieft die scheep af te laeden en hier inghesloten

486 2643 2385 152 mijn tholbrief den bit lander latresys dhaninex adroituxcomende

488 2730 2501 170 een costen passesende heeft oock eenighe packen voor im ij aen boort ghelieft

494 2797 2451 185 de goetheyt te hebben van op sijn arrivement costij daer naer doen

477 2911 2474 160 om te sien en hem van een tholbrief te voorsien die ul. op morghen

492 2979 2423 211 ofte overmorghen sal senden asoy noch een moete doen maecken

480 3082 2386 169 ick sien gherne dat ul. het swerten het blounw laecken met een

477 3190 2420 190 quaert drapde damme hadde vercoght verhope de resterende oock

1328 3283 228 73 Jonnen

496 3289 2478 207 haest aen den man sult brenghen hebbe present seer schoone swerte

490 3412 2479 184 onder de verwe soo haest die ghereedt wesen soo sal ul. twee quaerten

473 3515 2512 164 senden hier is present oock soo slecht de biet generael in alles dat het

499 3596 2487 198 de moeyte niet weert is sich met affairenn bijnae te bemoeyen den

501 3728 2484 212 heere ghesde gheve dat het magh beeteren ick groete n len blijve

281 3863 1611 237 Brughe Gillis van Coppenolle

2306 3915 709 203 dj j 3 June 17

482 4072 2452 231 ick hebbe ul. aenghenaeme van 26 en 27 pas het sijnen

3306 9 2489 135 dj pelaree napon hebbe ghedelespart pate answaonden tot dat de

3285 87 2507 165 packen hier lauden sijn gheariueert die ghisteren en heden allein

3300 217 2515 111 mijn huys hebbe becomen ende die van thomas Dearing hebbe heden

3301 277 2522 161 oock gheopent ende naerghesien oock wat de schalde costij daer op is

3287 380 2430 149 ghoatineert dat mij groote liek verwondert sijnde alleen st£ 17:10

3280 424 2496 182 voorders ul. en mageht gheen mentie van het pack T7 n° 11 met

3315 512 2378 179 de 5 witte pack laecke ns dat het aldermeeste beschaedight vinde

3296 617 2521 186 en gans bedorisen hebbe die doen priseeren door de deeckens van

3303 684 2484 196 het drooghscheerders tmoacht sal l. morghen oft overmorghen

3307 749 2531 208 die attostatie toesenden op dat ul daer voor quarant become van

3310 841 2497 199 den schipper benevens van de £17:10:- haer bijven vermelt oock

3300 956 2528 168 opt comptoir want ditto laeckens sijn ghesticht achter inden rugh

3288 1033 2554 185 en omgnoghelijck oim te vercoopen ditto goederen en mooghen

3328 1115 2484 175 gheen incomende rechten betaelen want en sijn gheen dorde

3299 1194 2467 180 vant cappitael weert tot ul. gonverno ick recomandere ul.

3301 1292 2372 167 mjn infrest ghelieft daer voor te sorghen aloft ick costij

3306 1403 2454 156 cande present wesen want ten is noydt ghesien oft ghehoort

3314 1478 2446 175 dater sulcken malheuren door de onnachsamhydt van de

3311 1585 2455 150 schieppers sijn voor comen ick verlaete mij ganoch aen ul.

3325 1647 1235 153 goede directie en soo Blijve

3099 1725 1475 207 Leeds William et Samuell Coockson

5416 1782 207 151 ƒ1:

4999 1828 779 201 Idij ce 6 1707

3313 1901 2502 225 i'aj a respondre les deux cheres vres du 16 d'Ahil et 7 du passe depuis

3310 2008 2543 233 less vaisseaue sont arrivée en hollande grace au segnieur ie ne doubte

3305 2119 2554 219 pas ou vous aurez appris pour le present cette nouvelle i'ay donne ordre

3318 2220 2481 171 a mon Amy H. Rotterd. pour ex pedier et m'envoyer les ballots vre

3306 2306 2460 152 n°.1 a 13 poser les six ballots de draps en tosit septante deux presces

3310 2383 2505 186 que ie vous ay ordonnée vous me demandez responce pr. la vre du

3300 2445 2445 187 16 d'Avril et pr. celle du 7du passe vous me marquez qu'ils sont

3319 2562 2449 136 prests pour em baller ce qu'il n'est pas mon infention puis que

3288 2647 2545 204 vous n'entendez pas bien les couleures que i'ay vous ordonnée

3309 2745 2535 189 ie vous envoye icy des eschantillions ie veut avoir tout draps

3306 2832 2537 222 de plus nouvelles couleures a la mode et point tout ce grix blanc

3307 2921 2541 217 comme m'avez envoyée dans la derniere partie si vous pouvez

3320 3033 2519 185 achepter in comme me marquez de bons draps de ƒ12:2 ie n'en veu

3296 3156 2556 185 pas d'aultres c'est adire que les six ballots n'excedent pas le ƒ14:

3294 3262 2451 156 ie ne croy pas q qu'il y auva cito du convoy pour hollandes

3314 3352 2483 177 acheptes les a vre commodite et a mon plus grand avantage

3304 3468 2541 169 et ayez en bon soing pour me recompendey aultrement le vous

3291 3530 2464 202 faitv comme dans la prie premiere partie nous n'aurons

3280 3640 2583 228 plus des affaires p. ensemble il ne suffit pas d'achever les ordres

3286 3793 2503 172 1 mais de faire en toute comme potit soy mes me ie voudrois

3301 3891 2575 228 bien que ie n'aurois iamais vous ordonne vme sigrande

3303 4024 2384 199 partie toute a la fis fois car dans un An du temps

3308 4121 2289 221 ie n'en seray pas encor 4 quest quoy que ie
