6264 4467
903 0 2304 188 e e  wordere n heble becommen re aengencerte

899 88 2228 162 van d court met de confirmatie de cottons sijn ingecoght dat

881 217 2329 146 wel we doch dat ue wegens de colchester bayen niet en hadde

873 313 2325 155 connen te recht commen dat verhope voor nu sal wesen

897 388 2320 179 gceffectueert gelieft de cottons te packen met den omslagh

878 487 2282 204 saemen 20 salue p in een pack ende de colchester bayen

876 579 2300 259 25 p met een cotton omslagh in een pack ende die met

874 682 2338 243 het eerste convoij op Rotterd. afte schepen p differente

884 814 2325 204 schepen ende te letten datter geen graenen aen boort en

881 912 2333 256 wesen want sulcx ruineert de goederen opt convoj op

893 1006 2302 240 ostende is seer weynigh staet te maecken. gelieft eens

889 1124 2222 216 te meeden tot antwoort wat die fijndere soorte van

877 1254 2232 221 colchester bayen nu costen tot mijn governo Blijve

893 1397 735 178 naer groeten isse

2357 1481 645 213 adij 29 April 1709

698 1500 1281 257 London S de dorpere

894 1674 2316 218 hebbe ve 22 court geremitteert s £200::- op moset de medina

879 1791 2288 203 costij die verhope ue wel sal sijn geworden. nu becomme ue

867 1931 2198 171 aengenaeme e dato 4 court de schepen met het transport

878 1991 2319 251 convoy en sijn al noch tot Rotterd nmet gearriveert was van

880 2123 2287 197 intentie heden ve het volle restant te remitteren doende

866 2221 2342 180 wisselis van 32:10 tot ƒ 33:2 heden gecommen regulerende naer

871 2379 2353 212 die van Amsterd: dat geen dar oft stant can houden soo dat ue

877 2446 2330 214 alleen remittere st £100:-:- van 25 court vsos op s. h furnese -

871 2549 2345 218 waer voor gelieft het noodigh te besorgen en mij te crediteren

863 2680 2357 183 voor den incoop van de spaensche laeckens met mijn voorigen

871 2814 2315 173 gemelt sal ue p naesten de staelen ende den prijs noteren

862 2946 2198 188 doch  dat moet ue met occaie en tot mijn meeste

862 3044 2313 196 advantagie doen want daer en ben niet by verlegen sal

891 3151 2321 245 van alle prijssen noodigh hebben van ƒ35:6 ƒt 6:6 ƒ7:8:10

873 3269 2224 252 tot ƒ12 a 13 niet excederen de gelieft eens te medentot

861 3388 2310 230 antwoort den prys van de colchester bayen als oock vande

877 3507 2321 234 fjndere soorte die men nu nieuwe fabrique noemt en

876 3695 338 160 Blijve

2443 3816 486 192 adj d.

670 3804 1354 223 Mechelen A. Bosselaer

879 3990 2319 237 ick verhope dat het half car mosyn. dat het geluck gehadt hebbe

868 4184 2209 163 ue haest hier over sijnde ue te vercoopen ue wel sal sijn

890 4265 2300 128 geworden en tot confengement het is mij leedt geweest dat

3376 7 2521 170 e de apen e eranner coue de hee i it ee dn

3417 119 2389 162 wille niet naer laeten te adviseren dat het sortiment vande

3398 243 2488 164 nieuwe mode couleure spaensche laeckens wet hebbe ontfang

3407 353 2404 123 ende dat de geperste in hollandt sijn gearriveert die met Godis=

3397 352 2500 248 gratie tegens het eynde oft uytterlijck de helft vande toecomen

3397 512 2418 180 =mende weecke sullen hier wesen gelieff ve dan eensouer

3392 587 2260 209 te commen soo salve seeherlijck sortiment van alles in

3383 649 2341 214 abondantie vinden en ick sal ue in alle occasien ten

3402 750 2415 221 uyttersten goeden coop bedienen en alles doen wat mogen

3402 876 2301 181 =lijck is om ue calandisie te mogen hebben die blijve

3383 1003 797 154 nhier groeten nise

3303 1040 2490 288 Buyssel de wed. Vander Borght ady 30 April 1709

3383 1230 2397 181 verhope te geson tijdt en het goet retour van mons de soone oock

3388 1367 2401 136 dat de acht laeckens met eenen baey in een paxke gemerckt

3390 1444 2511 178 NW en pr. sijn ordre met het beurtschip satter dagh afgesonden

3386 1521 2461 157 ue wel sullen sijn geworden hen twijffele niet of ue sal daer

3392 1662 2382 137 ten uyttersten dconten tementrinden want schoonder goet

3378 1707 2407 197 noch te beter coop en isser noydt vercoght ende het is secken hij het

3393 1814 2260 211 geheel pasxke mij hadde moeten ordonneren ue toe te senden

3376 1929 2402 182 verhope dat het debier sal beteren en dat te in corten tijdt een

3366 2010 2536 196 meer der sortiment sal noodigh hebben, hebbende wederom

3367 2125 2504 176 een nieuwe partje spaensche laeckens van engelandt geordoneert

3373 2233 2476 162 waer van ue dan met gelegentijdt de staeltiens wel eens sal senden

3368 2363 2428 212 oft als ick sal over commen mede brengen het hulls convoij

3375 2498 2461 148 is oock geariueert en verwachte de geperste laeckens p eersten

3361 2608 2539 149 hier voor de rest ben van alle goederen wel voorsien tot ge

3359 2689 2498 172 dienste ende te sal in alle occasien ondervinden dat ue niemant

3383 2812 2420 180 beter nochte beter coop en sal bedienen dan ick die blijve

5007 2943 652 235 adij P

3299 2915 1029 266 Brussel S. Ansillion

3346 3085 2481 193 n'esperaevre bon retour et que vous aurez trouve ma lettre avec la

3343 3235 2526 154 lacture des draps rouges vous envoyée le 27 courant pr. la barque

3348 3329 2417 177 marchande celle cy paur vous adviserg ensnitte vre ordre 'ay

3350 3453 2469 158 addvesse cette pourdhay p la barque le draps escar lat a mons

3367 3593 2454 137 dondon ie l'ay mis dans un enveloppe et marque P ie vous

3352 3649 2531 236 prie d'enavoir soing cette n° 3176 a 58 a ƒ5:16 de change  336:8

3367 3768 2494 205 i'en escriveray a mons. le boeuf s'il veut laisser moins comme

3358 3878 2507 190 ie vous ay dit entre temps  si vous en souhaittes d'avan =

3345 4007 2508 143 tage vous me les pouvez ordonner puis qu'avez les eschan

3366 4105 2505 169 =tillions et les prix ca chez vous dabord que j'auray responce

3322 4223 2505 149 de monr. mayers fonchant vre affaire ie tous en donnerayt advis

3455 4338 1219 56 u Luis dans tants occasions t
