5936 4431
647 55 2382 110 ghedaen heeft ick hebbe den premio van d'assurantie moeten

597 135 2466 126 betaelen in door sijn enachslimheydt vinde mij belast met een soo

646 244 2438 127 groote partije beschaedighde goederen daer tot noch toe niet een

623 353 2429 104 stuckt af hebbe connen aenden man helpen en genevalijck de

633 412 2426 111 elst vanit leapitael niet sullen connen ttijt mageken alsoo alle

616 493 2466 119 practieable middelen hebbe ghebruyckt om de goederen eenigh

607 593 2472 123 esins te herstellen en alles 1s te vergeefs uijtljhevallen ick laete

623 696 2466 143 ijk constderegen hoemij dit naer gaett en ul. moet sorghen dat

632 826 2447 94 ick van het betaelen van d'ongosten ende de t

622 880 2403 148 worde ghedechargeert want sulen is buyten alle reden

625 973 2466 149 weghens de  ghestrepte flanellen in tren tergem en heeft

463 1075 2546 178 gheen ander ordre ghehadt sals ul. tot de verclaeninghe en

599 1186 2492 173 en brenght niet anders in recken. als ul. hebbe gheschreven

620 1273 2444 159 en soo genepael weghens het ghene ul. hebbe gherepliccert

638 1373 2373 177 daer mij andermael aen ghedraeghe wan ten ben van

652 1474 2363 184 gheen andere witentie ik iedts in reckene goet te doen

617 1585 2470 152 als ick ul. hebbe gheordoneert pr. mijn memoiie te verclaen

607 1689 2451 148 =ren inghesloten soo sende ul. de noodighe certificatie en

629 1803 2429 152 soo bblijve met betrauwen dat ul. sijn devoiren sal doen

623 1901 2465 166 en het beven  redresseren want en hebbe ul. tot nochtoe

631 2002 2406 167 voorgheen oncosten ghecrediteert en wachte tot dat

638 2094 2361 190 daer over sal satisfactie connen hebben en soo Blijve

2368 2229 707 180 Ady 31 Augusti 170

428 2224 1710 229 Mons p la veutre  Bapt. Masson

640 2359 2445 205 i'ay bien receu l'agbeable vre du 7 du court ensuitte ie vous ay envoue

643 2486 2426 219 pl la premiere barque pour Bruxelles es bayes y mentionce

639 2573 2460 181 que iespere vous seront bien parvenue dans bre ballot marque

616 2671 2472 182 W.1 et dont au pied de cette la facture portant de change ƒ149:

630 2769 2428 212 d'ont il vous plaira me crediter parsonne n'est capable pour

635 2868 2367 199 vous servir mellieuy marche que ie ne puis faite et ies n'is -

617 2974 2474 210 m anqueray aamais ie ne peu trouver onsdrap grisx de

646 3085 2436 190 conform vre leschantillon de si hant paix seulement un de

632 3259 2470 140 t dont voycu incluse un eschantilion i'ay soing pour fair

607 3317 2473 180 Jaccomoder Jn drap verd conform vre eschantillen, car ceux

630 3430 2471 162 que i'ay prest sont trop bren verdet n aprocken

635 3538 2469 155 pas il me semble que vous avez donnez ordre a dultres pon

649 3651 2439 166 eros draps pal bleu cependant ie vous puis dire que personne

641 3752 2454 203 au monde n'aura plus de soing que mois pour le bien faire

643 3870 2422 153 ce pourquoy iV . a pour le present ou a l'avenir quellque

639 4013 2467 165 liverence a faire ie ne manqueray pas a vous faire prepares

638 4132 2463 137 toute sorte de coleures iust conform les eschantillons qu'il

656 4237 2431 110 vous plaira m'envoyer ayant touiours de draps prest aui blans

3350 60 2392 101 pour cela toute sorte de marchandise de draps bayes et carisces ne

3335 134 2406 92 me manquent pas comme ie vous ay advise asteur assez souvent

3353 221 2190 140 et tout eest a vres service pendant que ie suis pour touiours

3135 275 1254 183 Brussel gouaerst ververs

5137 357 677 149 Adj 31 Augusti 170

3337 455 2486 195 sedert dat ul. op 18 court hebbe gheschreven soo hadde het gheluck

3350 554 2472 201 al verwacht van ooff: ul dochter hier over te sien het gene

3333 657 2482 148 evenwel in het cort verhope sijnde van alderhande soorten van

3337 776 2476 148 goederen ten wijttersten voorsien tot ul dienst monsr. Bernard

3317 855 2397 129 vande Clooster ul schoon soon schrijft met dat hem de drij

3185 930 50 88 d

3332 958 2483 124 hondert guldens die joff maria Cathtrina van haelen inghe

3315 1047 2492 133 volghe mijne ghegevene quittantie mij voor ul recken. heeft

3331 1086 2501 227 ghestelt aen heen in recken. saude goedt doen alsoo ul songen

3315 1201 2472 159 trato betaelt heeft het ghene welis en alsoo ghedaen hebbe

3329 1292 2475 138 doch ick versoecke dat ul. ghelieft de goedtheyt te hebben

3329 1360 2467 173 van mij die quittantie weder te senden op dat ick die sande

3336 1491 2450 140 veranderen en stellen ontfanghen voor recken van

3309 1593 2450 129 mons van de clooster difomgheen abus te hebben

3340 1663 615 184 ende Blijve

3097 1817 1613 215 Brussel de wed. vander Borght

5157 1886 643 205 Adij 31 P 1707

3343 2005 2463 212 desen principael om ul. te senden het faetuecken vande

3351 2195 2466 134 vier deventer bayen met den drapper die ul. en latterdagh

3326 2296 2485 109 met het beurtschip hebbe ghesonden, en een paescken ghemerck

3318 2347 2495 133 aur 3 die niet ttwijffele oft sijn ul. wellen tot contentement

3341 2444 2476 182 gheworden als oock het voorighe pack daer tul oft de famillie

3290 2529 2444 174 can dienst doen ghelieft mij te commanderen die Blijve

5460 2648 105 142 no

3122 2656 1477 218 London pasp. vanden Busche

5068 2684 741 218 Adij P. sber 1707

3342 2841 2440 197 ul. aenghe naeme van 14 en 15 gulij laest hebbe het sijnen tijde wel

3340 2998 2404 119 ontfanghen daer mede facture ende conossement van het pack

3311 3081 2513 101 dessenter baijen E no10 over hollandt ghelaeden dat sedert godt danck

3335 3159 2391 136 wel is ghearineert hebbe het selve gheopend doch bevinde ul.

5642 3226 50 79 e

3320 3265 2488 112 erreer heebt alsoo maer 24 p wesen volghens ul. recken. een cort

3328 3357 2497 129 van namero2 dat moet wesen  net als u.. hier onder sien can

3316 3444 2444 152 hebbende ul ghecrediteert voor 1 £ 77:11:4 dat met mij ghelieft

3320 3536 2511 154 naer tesnen en conform in recken te redresseren de bayen van

3325 3628 2498 147 no, sijn te slecht ende en can niet vercoopen hebbe uliemmer

3316 3718 2423 193 gheschreven dat beetere soorte moet hebben en ul. sendt mij

3285 3834 2433 137 10 pr. soo slechte soorte als voorleden jaer dat niet welle

3320 3970 2479 139 ghelieft noch in te coopen 10 P als 2 en 6 pr. beeter als n°3

3289 4029 2542 167 en 12 1p:. ghecruyste fijne flanellen oft serges flanellen vander

3311 4180 2497 158 schepter hebden voor leden iaer van een vriendt van cosly
