6225 4452
820 115 2334 119 oock de vraght op Antwerpen te veracccordeeren anders

837 167 2319 194 doen de schippert ons betaelen wat sy willen want

827 256 2337 212 haer commissans a costij daer seer weynigh elgend

835 428 2175 132 op neemt ick en ben aen niemant geingageert

848 491 2315 189 oversulckx ilt dat ue mij wel bedient soo can

824 599 2320 215 ue bij tochoemende meerder commissie verwaghten

855 773 909 173 van die blijve

873 793 2280 273 geliet dergelij vor legendt vor e onde

2113 965 1103 205 Antwerpen 21 xber 1709

665 978 1046 217 London D. de Dorpere

846 1084 2381 193 reterere mij aen mijnen laesten van 14 deser waer mede

847 1252 2291 169 he hebbe versocht in te coopen twee packen spaenscne

837 1367 2347 166 superfijne laekens gesorteert van p 12 a 16 ps ider pack

843 1465 2337 168 iet een cotton tot ferdulure van 312a 13 a ƒ14 niet

841 1578 2333 167 excederende als wanneer ue geraeden soude vinden

847 1706 2334 135 om sulckx nu tot mijn beste advantagie moogelijck

831 1806 2308 174 de connen doen het welck confirmeere biddende

821 1911 2331 166 soo wel op de goede qualiteydt en schoone breede

835 2048 2395 128 als op de aldernieu weste moede couleuren de latten

831 2126 2311 190 hebbe uyt gesteeken de lichte en blouw gemengelde

859 2229 2368 171 couleuren alsoo die niet meer en worden gevraeght

867 2361 2269 178 tot ue governo ende daer toe hier nevens het shael

859 2511 1897 148 om naer advenant ue mesures te nemen

845 2562 2287 192 hebbe ue versocht te letten op sunijf toetack couleur

839 2701 2340 155 oft canneel couluw het gene hier seer geesti meert is

860 2829 2167 145 doch en magh niet te geel oft oock niet te roet

877 2921 2349 138 oft ros wesen hier nedens gaet een staeltien doch en

838 3041 1338 176 noch het recht couleur niet

867 3156 2281 138 voorders hebbe ue gesonden een stael van pinne

857 3265 2269 168 couleur dat seer goet is en soo van mengelinge

864 3382 1859 141 wordender gevraeght sichter en bruynder

881 3463 2343 202 voor de rest alst geen shet oft sichte couleuren sonder

867 3617 2346 159 mengelinge en syn soo en isser niets aen gelegen want

846 3756 2217 106 die veffe en lichte couleuren sijn present te seer

850 3839 2293 179 gemeyn en men moet daeghelijckx de veranderinge

833 3951 439 155 soeken

850 3985 2268 200 recommandere ue van herten voor dit sortiment

852 4143 2365 165 gelieft sorghe te draeghen ende dat ick goede en cliy

815 4260 2390 111 gemengelde couleureen vant alder nieuwsse datter te

3386 81 2470 185 te becoemen & magherlangen waer op mij verlaetende

3323 164 522 149 soo blijve

3361 242 2161 153 men seght de stadt Berghen te capituleeren

3280 339 910 232 Ghendt JB De Laedelaer

4789 372 982 226 Ady 22 8ber 1709

3387 538 2426 178 ue aengenaeme van 16 en 19 Augusti laest hebbe by faute

3389 618 2457 151 van occasie soo lanck onbeant woort gelaeten hoe slecht

3382 714 2290 185 het gaetoft niet soo soude men ordeelen datter ten

3366 803 2438 190 minsten met dit laisoen iets te debiteeren soude wesen

3374 966 2366 132 prncipael in swerte en blouwe 3600 oock vrouwe

3363 1036 2152 182 laekens die a costy doorgaent noodigh wesen. ick

3369 1191 2443 190 recommandeeere ue imijn sortimentie te traghten aen

3365 1287 2325 204 den man te helpen opdat wij dat eens moogen

3374 1394 2350 159 advisteeren ende dat ick ue met den winter ende

3370 1500 2423 217 voosjaer nieuwe parteykens sende hebbe de schoonste

3377 1613 2374 215 saperfijne suveerte en blouwe 3600 die men met

3361 1722 2367 219 oogen sien can ende die ick tot hie can laeten

3382 1861 2518 189 de engelsche goederen syn wel goede coop maer

3371 2006 2373 169 naer proportie syn de inlantsche noch minder

3357 2124 2549 167 in prijs hebbe oock soo schoone sortiment van

3345 2208 2490 168 alderhande engelsche goederen als men can wensthen

3374 2286 2377 169 en oft d'occasie voorviel sal ue het gene ue can

3374 2418 2484 217 noodigh hebben seer ciwiel overlaeten en ue groetende

3375 2511 690 160 soo blijve

3293 2583 1136 221 idelborgh Roeleens en Root

4809 2602 883 198 Adij 22 xber 109

3359 2720 2405 254 bejde ue aengenaeme van 5 Julin laest en 3 court hebbe

3375 2830 2290 199 wel ontfangen en ingevolgen den laetten soo hebbe ue

3356 2947 2449 212 assignatie aen jorfr. de wed. Dhr Broeckmans voldaen

3369 3090 2447 191 van £15:161 seen us courant gelde voor de oncoitede

3353 3231 2373 171 op de vier packen geresen. mons. matthiat sira

3347 3291 2510 189 naer costij gaende om eenigh employe in indigo te doen

3381 3456 2457 152 heeft mij een addres versocht synde den brenger deser

3360 3514 2388 194 versoeke het faveur van hem bchulpsaem te weten

3377 3671 2492 132 ende hem ten rechten te helpen en ue sal verobligeeren

3393 3731 649 136 die blijve

4396 3747 1460 180 et vooogegaen en mij wedergebrocht

3296 3813 792 191 Rottedam John Jurth

4810 3829 571 162 24 sber 1700

3374 3947 2473 154 ue aengenaeme van 22 court hebbe wel ontfange ende tot antwoort

3380 4000 2501 178 dins dat liever hebbe dat ue maer een pack te gelijck af sent als alle

3382 4096 2503 158 3 te saemen principael als die uyt different seeue scepe worden

3384 4166 2489 137 ende dat u t reden datter tuyschen cost, en antwerp en al groet pe

3369 4248 2460 126 rycken is want soo men ier deveel geert soo soude de voor
