6225 4452
850 76 2361 134 pr cas pays touchart l affaire qui mest arrive en hollande je ne

862 149 2288 150 peu vs l affirneer d'avantage q je n'ay fait vr enq vouois dres

876 219 2289 137 ce quil vss plaira mais il est certairs quil fait quil y u quecq

886 316 2270 128 chose car il est impossible q les comis metteroient les mains peste

863 418 2250 156 ment sur les meillieurs ballots et quil me laissens passer les

877 505 2297 171 autres quils nonobstant sont declerer sur le mesme pie et enco

869 621 2320 131 moins cest un malheur que me chagrine bien je ne peu taser pas

843 707 2298 148 sonne je compance a turris et refaider les ballotr et p occasion

869 767 2288 161 je vs escriveray comment q je trouve la marchandise entie

875 861 2228 152 temps ge 5 jalu. et pus onder couvert de wed. Broeckmans

634 977 527 164 Lier h.tofs

2035 973 878 191 Adij 10 gber 1709

844 1061 2269 170 ick hebbe al verwaght dat ue mij het parrijken dat

823 1197 2341 141 ue voorleden jaer in sber hebbe versoght soude hebben

841 1317 2257 154 overgemaeckt oft coemen betaelen ick versoeke ue

829 1434 2306 123 het selfde op talle vrintschap want ben present wat

857 1562 2133 114 verlegen doordien ick veel te betaelen hebbe het

829 1666 2326 141 larsoen coemt nu wederom aen ende ick en twijfele

817 1753 2339 153 niet oft daer sal al iets van ue dienst voorvallen. ick

840 1876 2183 158 hebbe seer schoone goederen van alle soorten in

818 1964 2297 189 abondantie soo laekens spaensche geperste ende

837 2102 2215 139 norssche. carseyen van alle prijsent witte ende

833 2212 2339 162 geverde oock fusaerden deventer bayen en flannellen

830 2299 2165 177 en bayen van alle gewichten witte en geverfde

842 2410 2219 188 ick sal ue alteydts beeter coop gerieven als ue op

844 2549 2162 154 een ander sal comen coopen waer op mooght

820 2631 1407 146 versehert wesen ende dat bdn

2708 2733 63 69 6

2285 2724 503 153 Ady D

605 2708 821 197 lier Jan de Hinder

802 2835 2096 197 het is mij seer leet geweest te verstaen dat iof. ue

835 2938 2142 181 huysvrouw voorleden vrijdagh in stadt geweest heeft

841 3042 2241 182 sonder eens naer te coemen ende het is een wondere

809 3176 2262 187 laeke dat sij niet eens en gelieft de preuve te nemen

817 3313 2336 121 het gesichten cost geen geldt: ick hebbe gepresenteert

833 3424 2276 134 een pack carseyen open te doen en een pack bayen

819 3511 2304 196 en haer verseekert dat ick ue soo goeden coop de

807 3652 2269 157 goederen sal overlaeten als ue die in hollandt cont

838 3731 2285 164 coopen als het soo is soo ift ue immers mindere

861 3846 2316 152 moeyte en avant agieurer de goederen hier te coopen

838 3971 2233 188 als in hollandt ½ bovendien ne heeft by my beeter

830 4066 2279 166 gerief en sortiment van alles te saemen als ue in

821 4224 2247 142 hollandt cont vinden. het saisoen gaet seer

3385 88 2439 187 wanceren en ue can nu de goederen op ue commodi=

3395 201 2429 215 teydt en naer ue goustie doen verven en gereet maeken

3396 304 2376 212 ick versoeke haer maer soo veel moyte eans te nemen

3396 416 2254 183 ende ben seeker dat wij wel sullen over eencoem en

3390 554 2331 187 ick verseekere ue dat ue goet goet sal hebben ende

3393 682 2375 208 dat ick alles opt civielste sal overlaeten. ue groetende

3385 811 1870 174 ende het versochte afwaghtende soo blijve

3287 896 917 162 Brussel P. vander Camnes

4884 934 497 152 10 sber 1708

3380 1039 2457 116 daer is iemant van ue volck die mij heden heeft ter hant gestelt ue assigne

3404 1104 2472 105 tie van ƒ 200 wisselgde te ontfange by : dewedewe horenbiet sal die

3360 1191 2430 102 deren en ue daer dan voor crediteren als oock voor de ƒ 37415 wisselgelde

3377 1275 2475 108 die mij en contant syn ter hantges telf ingesloten mijne quitantie van

3378 1353 2481 140 ƒ150 van ue ontfangen te hebbe van reck mons guille an t'salta

3402 1409 1798 137 ue daer voor dabiteren en blijve naer groeteensse

4641 1536 344 121 10 sber

3300 1532 717 144 Meetelen CBefram

3381 1549 2482 194 ue aengenoeme van gisteren hebbe wel ontfange met eene assignatie

3372 1675 2548 173 van £50 wissel op den boede caulemans die sal in voorderen en

3391 1794 2526 123 dar voor crediteren sal op de assignatie quittentie seften ende ten j

3384 1865 2509 127 ue dan kbaer wille wel geloove de affaven ue presentie doorgaens thayy

3373 1974 2491 94 ver ayseten  evew daer sal ceangh soortemeent met het went

3396 2050 2462 116 faisoen noodigh wescn vant geene ue van doen heft bidde maer te camen

3389 2095 2435 137 deren sal altijt soo wel bedienen van alles oft ue heer mesent fape

5864 2185 69 96 1

3375 2167 2480 185 oock ue seloft ue aen de laeckeng stael soecke toesende sal het met

3367 2256 2483 179 plaisie doen hebbe het schonste soortement van all sorte van goede

3359 2368 2217 151 ren als men surn cant tot ue diens te en naer groetenisse blijve

4895 2437 315 175 10 ditto

3286 2481 791 155 heuven, Philipps Bijs

3356 2543 2452 150 vatwepe. de continebitie van ue gesontheyt als oock van ue biminde mets

3350 2617 2567 129 het winter faisaen aen comt sin den tijt van debit soo wille niet naer laete eend

3367 2711 2469 116 kaens te advisen dat alle de versche goederen nu gearriveert wesen en dat voor

3387 2789 2447 114 sien ben van alle sorte van goederen tot ue dins te als ue iets cont te

3359 2850 2488 130 manckeren geluf mij maer te schrpie en sal ue soo wel dienen oft ue heer

3378 2931 2487 139 present waer ue en moet niet dancke dat ick ue schrijve om te eiend

3360 3009 2509 145 want dat is altijt hot ue dienste met et gene ue voorders moch te noodige

3285 3077 1978 184 helle en sal in alle occasien sshoonen dat ben ue vrint

5121 3169 283 145 11 dito

3296 3182 1623 156 onder De weduwe jaaer van den Bussche en Compayne

3348 3284 2495 128 ue aengenaemme van 14 past hebbe wel ontfange met de quittantie van capitij nrossij wae

3358 3369 2447 57 voor uemet de provisie hebbe gecrediteet 143 £50:5 en gedebeteert voor ue trato aen d'ordre

3355 3389 2511 144 me liefve de weduwe Broeckeneens voor gelijcke some da cottons en connen my onmorgelijck geana

3353 3465 2485 133 reek geven en boven dien ondervinde dat de maete vagens ue my geerde op geefft niet uy ten come

3393 3538 2434 120 dat mij moyte in difficultijt bij brenght het is soo ue noch hebbe ge schreven dat den hoee va

3361 3592 2469 112 man saliger mij over 2 jaeren gesonden heeft merckelijck in qualitayt beter waeren ende die

3358 3669 2514 131 selfde soorte hedde ick versocht wesens de colchester bayen als die goet wesen envande alder

3379 3732 2465 95 beste cooste sor heten comt op u grooten niet aen ben daer bij verlegen geleft 50 p inste

3363 3777 2434 130 cooper en in een pack op te packk en mij die p eerste convoij op ootterdam af te senden

3360 3853 2481 86 oock een pack met 25 p sijne swankens bayen DH ue men saliger heeft mij voorlde

3360 3917 2498 113 naer een soorte gesonde van L gout merck die redel ick waeren tot 80 het en comt op

3372 3980 2443 123 den prijs daer oft daer ontrent niet aen meer moete vande alderbeste qualitst hebbe

3358 4059 2508 117 femejne goederen en con ick niet debiteren groete ue en blijve afwachtende dhene van

3356 4111 1732 155 ae antwoort ande expeditie van de geordonneerde go

3403 4220 341 122 a

5265 4189 535 171 2

4696 4255 346 99 1
