6269 4441
2221 58 466 143 6 meert 1709

632 69 894 185 Brussel Guilliam JBas

836 183 2280 151 Ick hebbe ue aengenaeme van 3 cot wel ontfange de beurt

820 279 2333 136 schepen hebben heden begoort te laeden en ick hebbe ue gaede

854 372 2239 130 te schep gedaen het is gemerckt 8 hier onder heeft ue de

852 440 2216 183 facture bedraegende wisselgelde ƒ 330-1 waer voor mij

847 555 2146 160 gelieft te crediteren het is wonder danr ick alle doen

833 619 2265 169 wat moogelijck is om ue calandisie te hebbe dat ue schryve

848 724 2243 175 daer noch niet mede tewreden te wesen ick protestere

848 800 2269 187 by waerhege dat met groote te die 10 carseyen hebbe

848 953 2289 177 mosten oppaert houde ende dat ick die tot ƒ 23 metde

853 1067 2115 161 packe hebbe vercocht ende dat daer noch alle daegen

859 1069 2173 213 occasie toe hebbe voorders dat geene t'op een stack

845 1184 2194 211 en avoneeren die soorte van laecken vercoope ick

870 1308 2160 202 48t ende ick en stelle dat maer 46 st wij en hebbe

845 1433 2194 213 in lange geee brieve van engelant gehadt ende daer

855 1523 2288 187 en is oocs geen convoij gearrevert noch van londe nar

849 1637 2246 226 van hull maer wort dangelijckx verwacht en daer en is

850 1732 2275 214 oene axsperentie dat wij nieuwe goederen voor pas sch

849 1865 2167 223 sellen te coemen heb be seer schoone partije nieume

854 1970 2221 184 mode coueure spaensche laeckens, en oock geperste

832 2070 2216 181 onderwegen tot ue dienste van alle prijsen soo haest die

828 2188 2245 142 garriveert sullen wesen sal ue de wete laeten door den

831 2296 2262 169 swaeren winten soo nancqiert hier sortiment van nieume

839 2391 2280 121 goeden en hebbe gaen u s gul merck alsoo dis niet

818 2507 2358 156 meer en vallen als voordesen ende dit men maer daer glaen

821 2599 2258 185 ten van en hoort soo dat sederte iaer geen meer en hebbe

638 2702 325 105 ontfoge

843 2705 2324 192 mde het soortiment van laecken dat ick onderwegen

1879 2800 414 92 iet vy mode

841 2835 2306 169 hebben n sooschoon van alle con ur n en prijsen ce

840 2945 2268 110 die oiyt can gesien hebben ick salvee in alle occasien al toot

839 3011 2346 148 wel en goeden coop trachten te bedunen en ue nooch ser

799 3125 1080 149 wesn dat ben van hetten

844 3261 2215 117 ick hebbe noch van alles sortiment en marder ais u

844 3341 2224 135 in gheel et anverpen can vinden daerom ingevalle

745 3420 2340 173 £iuiels mankeert geliefte maer te  andeeren

612 3538 2316 189 Bulo Michiel Vander Borght adir ditte

830 3634 2350 159 desen om ul te adviseren dat ue goet gisteren hebbe scheep gedaen in

827 3735 2336 133 een pasche gemercht I.I. N2. op den thotbrief van mons. haeghens

825 3806 2346 115 alsoo n iet conde weeten oft te tholbraef hier was hier onder heeft ve

836 3907 2346 85 de facteere bedraegen de in wisselg ƒ559:6 waer voor inj gelieft

835 3952 2344 132 te lerediteren. voor de deventer bagen ls mj sedert geboden oock

825 4031 2351 98 van emant van Brussel noch ƒ 51:- soo dat ue wel can aafmeeten

812 4076 2377 138 dat ick ue seerciniel en goeden  coop hebbe bedient ditt sal ue in

835 4151 2299 131 alle occasien ondervinden en ick en twijffele niet oft wij

818 4221 2392 151 sullen bij het toecommende ueenderekennisse maecken

3359 14 2364 131 en iet sal ven mijnen eerst alle doen mentnoogelijk . oneriske

3349 90 2517 134 versoecke altijdts gelieft naer te commen en ul iets man ckerende

3348 149 1472 140 mij maer te commanderen die Blijve

4916 247 759 147 adu 7 meert 1709

3210 215 1495 278 Brussel Joannes haeghens

3370 372 2380 147 ick hebbe ue aengenaeme van prime deser het sijnen eude wet

3350 460 2349 176 ontfank en dien volgens het goet gisteren scheep gedaen in

3363 528 2438 170 een paocke gemenckt. I.TT. H. 4. hier onder heeft ue daer van de

4821 639 964 96 waer voor mij geliege te

3356 608 1275 165 lacture bedraegen de wiss elg. ƒ

3361 697 2424 135 cgediteren. m its mons  mickiel vanden Borght by

3362 770 2411 157 mij noch een igh goet gecoght heeft soo hebbe het laecken in

3368 829 2482 161 ijn paxxke gedaen ende dat is gemerckt I.M.N°2 dat van mons. a

3373 938 2446 155 brannes Beeckmans is gemerckt ID. n° 3 hebbe dese drij pasxken

3351 1023 2474 144 talle aen ue geaddresseert en op ve tholbrief versonden alsoo niet

3357 1076 2461 153 seecker was oft die vrienden alhier hun tholbrieven hadden

3362 1156 2448 127 e ingesloten voor hun ider een Briefken met hunne facture

3358 1231 2383 131 die versoecke han gelieft te behandigen het is welve de

3366 1310 2502 143 goeotheyt in Aprit sal hebben van te sorgen voor het partijeten

3370 1386 2408 135 en sbej gecoght gelieft het mij dan maer te laeten oeeten

3363 1471 2439 131 can dan op ve trochen. ick en hebbe mijne staelen van nieune

3822 1519 224 72 paensch

3344 1521 2443 154 mode coleure aaeckens noch niet gecregen alsooder in 4 machen

3363 1631 2476 124 geen brieven van Engelandt en sijn gecommen ende daer en sal

3353 1707 2501 106 voor paesschen geen verschgoet  arriveren dogh ben

3359 1791 2451 100 van gemeyn goet soo wel voorsien als imant en siut werpen

3358 1834 2507 124 gelijck als vergesien heeft en van gris defer en gris de more spaensched

3345 1904 2526 123 en geperste laeckens genoech van 581: ƒ 3:- tot ƒ 3:6 de 6 paensche

3362 1977 2442 135 ende voorts noortsche en gepersten gelieft mij maek de staelen

3348 2092 2373 94 te senden ende den prijs te noteren soo alsve die gelieft te

3345 2152 2458 118 hebben. ick salse te senden en soo wel dienen in alle occasien al

3335 2263 2358 85 ot ue hier present waere ick en twijffele niet oft mij sullen

3337 2339 2470 77 in toecommende te saemen  meerder handelen want ick sal ue

3355 2419 2402 69 en vevrienden soo cielen wel bedienen als men van imant

3351 2479 2395 93 ende werelt soude connen begeven. ick en hebbe geen andere

3350 2564 2411 83 voode laeckens als die ue gesien heeft en die sijn seer schoen

3330 2634 2449 96 en goeden coop can vee daer medel dienst doen bidde mij te

3347 2669 1270 166 commanderen die Bijve

5016 2768 535 142 adij 7 ditto

3238 2757 1404 195 Brussel Joannes Beecemans

3348 2877 2401 153 hebbe het goet dat ue bij mij gecoght heeft op gepackt en gisteren

3355 2990 2401 119 scheep gedeaen in een paxke gemerckt M.n 3. op den tholbrief

3339 3060 2474 116 van hons. haeghens alsoo niet wiste oft den ver bij den facteu was

3323 3138 2493 122 de facture heeft ue aenden voet deser bedraegen de in wisselge ƒ ƒ118:10

3330 3234 2460 85 waer voor mij gelieft te crediteren ick en twwijffele niet oft sal ue sul ve

3346 3304 2454 94 wel en tot ul contentement geworden oocck dat mij verder tennisse sullen

3348 3334 2448 130 maecken sijnde in alle occasien tot ve dienst ue magh seecker wesen

3337 3435 2489 116 dat ue niemant beter, nochte beter coop en sal bedienen dan ick daerom

3331 3531 2442 95 versoecke dat ue mij gelieft te commanderen in alles dat ue can

3326 3552 2426 147 noodigh hebben en over commende mij te willen commen besoecken

3268 3650 1581 161 en wel sal ondervinden dat waerlijck ben

4954 3696 808 192 adij ditto

3232 3722 979 198 dIel jonff. ververs

3336 3821 2458 135 ick verhope ue goet retour en desen sal alleen dienen om ue te adviseren

3339 3940 2461 92 dat het goet hebbe op gepackt en gisteren scheep gelevert in een paseke

3346 4003 2495 97 gemerest G.V. dat verhoepe ve wel en tot contentement sal geworden

3353 4070 2517 125 hebbe naer gelaeten ue de facture te behandigen door voor gevallen

3337 4153 2320 96 beletsel soodat reedie aen den roet deser toesende bedraegende in

3348 4186 2495 143 wisselg. ƒ 933:18: ick en twijffele niet of ue sul daerby contentement

3348 4279 2414 90 vinden want niemant eude werest en cauve beter goederen
