6225 4452
2086 67 911 193 Ady 30 mey 1309

647 80 836 222 Sier Jan de Linder

859 177 2220 200 ick hebbe buyten geweest soo dat ue brief van 23 deser

863 317 2136 142 niet leerder hebbe connen beantw borden. gelieft

825 459 2233 160 leeker te wesen dat die soorte van geverfde laekens

835 574 2215 148 aen andere niet minder dan 48st en vercoote

825 658 2211 206 ick wille ue animeeren op dat ick ue calandisie

816 787 2310 150 soude connen hebben wy en sullen geen dis pi

842 899 2136 156 hebben want ick ben te seer genegen om ue te

836 1014 2086 151 moogen dienen. bidde coemt maer eens een

789 1133 2245 182 partijcken bij mij coopen gelijck ue in hollandt

819 1244 2203 168 doet en ue sal eens ondevinden oft ick ue de

855 1368 2262 173 waerheyt niet en schrijve. sal ue de beste conditie

862 1482 2283 178 van de weerelt geven. ick ben immers present van

838 1599 2285 182 alle loorten van goederen voorsien ick groete

826 1714 1582 190 ue van herten en soo blijve

2254 1813 765 194 adij pm Janu 1709

658 1847 996 208 Mons M Hanchan

867 1937 2323 215 i'a bien receu les deux cheres vres du 27 et 29 du parste. pour responce

860 2108 2209 180 ie ne pouvois plus vous renvoyeer la lettre de change puis que

850 2202 2329 198 ie l'avois negotie ie n'ay pas pris esgard a l'endorsement aultre

854 2345 2159 152 ment ie vous l'aurois renvoyce le mesme jour. puis que ne

845 2472 2335 124 sou haittey poinet de m'envoyeer vre sesonde lettre ayez done

857 2543 2214 129 la bonte de dire au s. Jacques si mone qu'il escrive au S

847 2654 2358 135 Benthuys son amis a Gand de paycer la lettre de change sus ditte

862 2740 2327 158 sans endorsement e s. Jacques Baut qui l'at es mains. ie ne

853 2860 2305 187 scay vous avoir donne ieu de me marquer que ie faise

871 2974 2317 202 beaucoup de facon la lettre de change estoiet ahand, et sans

851 3090 2329 176 endorsement ie ne peu pas procurer payement p. icyon ne

859 3210 2324 207 fait pas obstaele de donner seconde lettre mesme on y est

870 3318 2189 170 oblige ce que ie vous ay marque d'en demie pourcent de

859 3432 2336 192 perte. cela est ainoy cependant ie ne vous en ay rien demandes

859 3549 2348 190 aussy cette lettre estant payée nre compte serat a dauste comme

853 3658 2354 211 ie vous ay envoyee p un extraiet ce qu'il est quittence absolus

839 3777 2364 192 assey. chacque faix que vous me - remettey ie vous en donne

848 3934 2338 157 advis du receu et ce la est quittence. ie n'en peu pas donner

2188 3986 206 88 laime

837 4007 2339 207 deux. ie ne vous ay jamais fait  du payement et ie

858 4103 2226 226 ne cray pas que vy at lieu de seplaindre de moij non

858 4257 2307 138 plus. ce pretend que ie vous au servi a  sust prix q'un

3406 2 2435 194 au vre n'a ve  eoustesocanni

3394 81 2432 222 qu'il vous me plaire commandex ie say bien que la debite

3422 219 2394 190 ne va pas et que s'on a de vsses et pienne asses pourgaigner

3391 315 2401 177 un soubs. nous en sommes de mesme pr icy. Dieh vieulle que

3411 419 2313 207 p. la paix que l'on tient pour asseure, il aille mieux

3395 521 2481 211 i'ay toutte sorte de marchandises comme ie vous ay advise

3390 664 2444 180 p ma precedente et dans vre boutique il man que tous purs

3385 765 2488 170 que lque chose painsi ie vous prie de pouvoir commenler

3396 851 2494 197 vn compte nouveau et je ne mangheray jamais a vous

3381 952 2469 186 servir par faittement bien et a tres ust prix attendant

3387 1054 2482 197 l'honneur de vre responce et commendement ie me dit

3378 1213 1328 176 comme madmois. vre en pouse

3239 1316 955 224 Leeds W. et s Cookson

4937 1326 742 210 adij p de seein 1709

3377 1432 2513 237 m'a derniere est du 20 du passé p la quelle ie vous ay respondue a la

3366 1642 2519 144 hatte les deux vre du 13 avril et 4 du passe. lest certain que iay

3371 1722 2459 150 suiet pour me plaindre et que ce n'est point manier dagir que

3367 1833 2523 149 vous acheptez les draps sans prendre esgard a les monstres queie

3374 1932 2416 176 vous ay envoyee. dans touts le quatre ballots Dn°26:27 28 et 29

3377 2056 2497 154 il n'n poinct de couleures comme ie vous ay demande ce qu'let

3367 2151 2510 196 bien triste pour moye dans cequattre ballots il ya pour le

3368 2269 2522 186 moins 20p. de draps que ie ne pourray jamais debiter parla

3368 2363 2463 159 machante couleure ie ne doubte poseet on vous auez norice

3342 2462 2423 212 cheq vous et p. consequence vous le pouvez voir comme dans

3369 2619 2414 141 le ballot ICn° 28 it u a le draps n°194 et ensuitte touttes ces

3342 2720 2395 127 cou leuves blanches ne me coniennentpas et vous ne me

3355 2789 2504 216 ferez pas voir vre monstre conform dans touts les eschantillie

3375 2928 2397 160 que ie vous ay envoyée. mess. ilestarez pour vous aultres

3358 3033 2451 192 achepter mais il ne ra pas de mesme pour nous a les pouvoir

3360 3126 2457 208 debiter ie vous au ordonne ces huiets ballots pour les tenir icy

3367 3266 2423 192 pour vre reserve et c'est pour ce la que i'ay fait tant de des

3361 3395 2476 127 voirs pour chercher de si belles couleures et eschantillions que

3345 3486 2482 186 ie vous ay envoyce et vous m'en acheptez touts au contraire

3350 3599 2501 237 ce qu'il me chagrinne au dernier point iay reccu les deux

3357 3732 2521 224 vres du 11et 1 du passe ce purdhuy avec factures de

3348 3859 2489 228 quatre ballots de bayes  N.31:32:33 et 74 il va bien que ma

3357 4056 2492 173 remisse de  £186:-:- vous soit bien parvenue p. prochainne

3343 4150 2418 193 ie vous remetteray d'auantage et entre tempo ie me dit
