5962 4388
625 33 1970 118 monsr. Jaeques Meyers a Rotterd. et suis

382 150 957 199 Leeds James Abbetson

1977 168 696 156 Adij 26 sber 1707

616 283 2345 185 hebbe ul. van 30 julie en 23 pasto wel ontfanghen ick en

618 426 2399 129 wille niet hebben dat eenighe van mijn sarienden sauden

620 500 2168 153 reden vinden om over mij te claeghen de goederen

637 598 2370 164 die ul. inghecoght heeft sijnde volghens dat ul noteert

624 703 2364 182 bj provisie hondert p bayen sal accepteren midts dat

646 850 2385 138 het denghsaem goedt is en goeden coop volghens dat ul

633 931 2244 198 hebbe gheordoneert maelt door het weynigh de iet en

634 1025 2419 198 begeeve positiet geen andere meerdere ghelieft d' bajen

610 1162 2438 156 te doen op packen en mij p. eerste occasie op den voodt

617 1293 2329 182 boven tde te senden die sal afwachten inghesloten

626 1398 2382 207 remise van heden vsos op h. furnesse in London

635 1535 2304 169 van 17 £100:- waer voor ghelieft het noodigh

630 1653 2360 160 te besorghen en mij te crediteren die mij hier op aen

634 1777 2329 155 ul. vertrauwende Blijve afwachtende ul. advies

2458 1908 155 82 m

637 1908 2161 209 hope p. eersten sal convoij voor Rotterd. wesen

462 2034 2318 278 Rotterdam Jacques Meyers Ady26 d

631 2230 2197 193 ul. aenghenaeme 23 court hebbe wel ontfanghen

622 2377 2242 169 d'oncost recken sien te ghemoedt van de vier laeste

630 2522 2430 120 packen wat aengaet de vraght van D n°14 en 18 daer

629 2635 2386 126 ul over hebbe gherepliceert die wort betaelt p

625 2772 2440 175 voor een gheell a 18st: dus 24 halve p. maecken alleen

639 2877 2162 182 12 gheel en niet is als ul. ghelieft te noteeren

649 2976 2347 196 want de vraght en wort niet gheconsidereert aa 18

645 3095 2384 174 het is noodigh hier van mentie te maecken want

647 3220 2437 164 ul. en heeft selfs nogdt anders in voorighe reekeningh

647 3350 2388 167 ghesleeght ghelieft de twee ingheleyde voor enghe

609 3458 2134 156 landt voorts ganck te doen gheven en Blijve

353 3602 1500 208 Mons La veufve a. B. Masson

2236 3599 642 232 Adij 27 d. 1707

601 3780 2485 212 i'ay bien receu l'honneur de la chere vre du 22 du court pour responce

598 4010 2478 153 ie vous envoyeray p. premier occasion la marchandise que vy

606 4080 2437 182 me demande et le tout a tres iuste prix madmos. soyez

615 4227 2402 117 asseure que ie vous serviraiy touiours comme sy servez

3330 0 2456 144 Jape auriay Janco Cassa  e e

3314 117 2425 99 il n'ya pas & du peae que mons. D'Houst m'auroit ten leue mes plus

3325 209 2412 93 belles marchandises, car ien ay trop grosses parties il est vray i'ay

3321 264 2387 122 eu l'honneur de  luy vendre pmoy tout seul et assez bonnes

3333 343 2450 125 parties et a si iust prix qu'il s'estt resole de n'en prendre qu'a

3311 447 2481 103 moy ce que ie vous presente de mesme au mesme piedestant tres

3345 542 2456 100 bien journi il miat achepte on tres jolie assortiment de draps

3332 620 2459 145 de bas prix de toute sortes de coleures dont ie ne doubte pas ouil

3333 681 2444 155 on pourna bien profiter apres car les draps n'ont jamais este

3345 769 2466 153 mellieur marche, si ie vous puis servir de mesme vous aurez

3349 899 2221 135 la bonte de me commander qui suis pour touiours

3134 992 2497 212 Brughe Gillis van Codpenolle  Ady 10 ber 1707

3285 1159 2353 253 ich hebbe ul aenghenheme van 25 court wel ontfanghen

3345 1313 2412 153 tot antwoort en can ul. anders niet seghen als andermael

3333 1466 2465 107 recomanderen de prompte expeditie van mijne packen want

3326 1508 2453 153 midts het winter goederen sijn en veele van mijne calanten

3332 1621 2460 127 daer naer waghten soo ben daer ten vijttersten bij verleghen

3349 1747 2446 136 datter toch gheen occasie passeert van Binlanders oft dat

3332 1834 2478 157 ick ten minsten van d'eerste mede eenighe packen magh

3343 1927 2362 176 hebben oock dat de schippers met securtijdt mooghen

3334 2030 2435 165 afcomen de routte van costij is seecker ons schaedelijck

3316 2177 2471 163 door het tardeeren want als de goederen over hollandt

3332 2259 2411 177 comen te arriveren, soo hebben wij die sonder faute

3340 2350 2374 187 hier op minder dan daeghen recommandeere ul.

3335 2491 2410 176 uytterlijck en dit gheval de prompte expeditie ende

3334 2573 2470 221 te sorghen om vergoedinghe van de beschaedighoe

3331 2692 2385 195 goederen te becomen sal p naesten een brief voor

3336 2819 2478 238 dh: ontfangher insluyten en afwachtende v l advies

3329 2945 1676 192 wat sal sijn ghepasseert soo Blijve

5014 3112 646 186 Adij 30 gber 1707

3106 3087 1380 265 Mechelen de wed. Bertram

3324 3243 2428 217 en twijffele n iet oft het packen met twee laeckens eenen

3337 3386 2398 185 desienter bay en eenen ghemeynen bay vrapper door

3336 3439 2491 240 ordre van dh. ul. soon op 24 court pr waeghens versonden

3268 3590 2420 209 ghemerckt. N.D: sal ul wel sijn gheworden voorders

3285 3708 2539 221 hebbe de de resterende vijfwitte bayen aen S. vervaecke

3333 3828 2288 271 ghelevert hier onderede facture bedraeghende

3334 3995 2395 189 wissel ghelde ƒ 356:- waer voor mij ghelieft te

3323 4114 2338 225 crediteren en in alle occasien liberlijck te
