6126 4434
731 58 2288 82 le rallot i'ay fait ouvrir touts les draps chacque en peaticulier et il y en a

737 86 2233 88 ou les  vers sortoient et s'en volorent comm sul sestoient de draps

740 141 2279 96 peetrees et vieux de vingt stas ily en a aussij qu'ils ont p. de dans de taches

728 202 2307 68 de fancs en sen onert honteu de ses voir oou faire voir et ie nu a pas en

757 249 2310 94 p ven dabble ne suis ie pas bien atteur mes challands ont tarde a

725 321 2326 73 pourvoir et ont attendue apres le dit Ballot qu ilavoient achepte sur les

721 368 2273 71 eschantillions et a la fina on le trouve en ntelestat j'en ay escrint e

726 387 2388 103 mon Amis a Rotterd. qui aven, et fait de charger en sa presonce le dit ballot

725 444 2372 113 parce que ien estois cy presse et il me marque pour resporzez qu i lx a trouve

715 479 2292 116 le dit ballot en le dechargant pr. dehors ien conditionee, si nenque moy le

729 534 2326 104 reccuant en ma maisson et que cela me doibt estre quarande comme ie vois

725 633 1816 71 la chose et comme i'ay examme le t out il estelase r que ce

2532 606 542 83 a ie va pas pou

723 645 2320 105 mon compte le battelier thomas odhe est parti de Rotterd. et ie me doubt

723 705 2291 86 point ou il sera des ia a Londres vous luysen pouvez parler ie vous salue

730 769 286 117 tat suiz

2453 800 565 122 Adj 6 Junii 1708

616 797 1137 158 London naries Ramillon

714 878 2336 153 de vul van 30 meert en 11 pasts hebbe ick wel ontfangen en alte die noodcloose

730 974 2332 95 expressien oock wel gereflecteertalhoe wel wesni sapropos coemen het is

720 1036 2307 86 fgciel redenen contste vanden om sich selve niet schien van aer heyt te

726 1029 2344 129 wissen excuseren ick tenne ul. voor een redelijck parsoon ende ick verhope

712 1110 2369 120 dat in de selve qualitydt bij ul insgelijckxx passeere ende dat ul. van in ugeen

722 1135 2317 138 opinie heeft dat ick iets soude pretenderen dat voor mijn risss souden

715 1202 2283 150 sijn voorgevallen ick segahe in confirmere l andermael dat het

716 1260 2271 147 om mogelijck is dat d' coschester bayen droogh en naer tehooren wet

713 1327 2374 129 geconditioneert op gepack connen sijn beschaedight daer den fardelure

699 1366 2348 159 en buyte cleederen welen sonder de minste schaede n e comen te

712 1427 2273 143 arristeren ick can ul. oock wettelijcke attestatie senden dat twee

737 1472 2292 159 packen in presentie van geloofwerdige en neutrale persoonen sijn

698 1566 2350 91 open gedaen en als meer mael gesert de buyten cleederen en terdelure

716 1618 2334 128 droogh en sonder schaede benonden ende de binnen bayen dochtigh met

714 1663 2346 151 schjjn mel placken ujt geslaegen ende gesticht dat niet can toecomen

722 1728 2268 129 al waerense ses gaeren aen boort als niet droogh naer vr. obligatie

705 1805 2366 124 daer voor te sorgen waeren opgepackt  wiet dat die voorde mer sjn

720 1851 2352 149 gedrooght ende dat sulcx naet eede middel om goederen naer behoopen

706 1920 2308 140 geconditioneert te leveren het en coempt by geen veranderinge

704 2006 2318 104 van prijs oft mert te pas maer het is   constant en seeken

706 2074 2373 114 dat door de toegecomende schaede het capitael op de helft en minder

714 2118 2327 121 is gecomen ende dat d'bayen noch meest tonder met hebbe bj die laute

727 2197 2326 122 niet sijnde te leveren nochte moogelijck te vercoopen ick en lan

721 2262 2360 103 niet meerder voorhouden send mj reken courtant en gelieft daer

723 2335 2350 107 bij te rabatteren voor de schaede dat ul. naer ul gemoet moet sel

735 2411 2307 78 vendeelen te convenieren geconsidereert hebbende het gene ul hiep

699 2457 2379 109 boven mentionere en mijne voorgaende largo genogensaem hebbe

727 2524 2211 126 gep en in genalle ben ende dat u l sich gelieft naer de reden ten

707 2605 2341 112 mijnder tequarde te stellen gelijck ick naer mijn gemoet ten vl

727 2650 2236 123 op sichte doen soo sal mij traghten te conformeren om bij het

714 2723 2351 117 toecomende van ul beleefde offres van dienst voor incoop van

734 2803 2378 96 goederen ul voor anderse et de voorvallen de ocrnsien te preferere

705 2854 2410 127 en soo slayte naer groeten isse en wensche van dit onsdifferent

725 2944 1322 116 a l'aimabse te connen adusteren

2726 2978 139 120 de

2408 2961 228 177 Ad

523 3038 1433 173 henot  Dapt De Sadelaer

753 3132 2308 179 hebbe ul aengenaeme van 31 past niet ontfangen met remisse van

730 3236 2334 133 merhoudent en taghentigh galdens neisselg op Bernart la blanche die

738 3266 2367 154 mij voldaen is ende ul. sdaer voor in reken gecrediteert het is my leedt

726 3374 2364 104 datter dan geen moddel is om mijn restantie van goederen aen de man

736 3432 2271 117 te brengen gelieft het canmosijn oock p al tijt te vercoopen

742 3517 2357 76 want mits laer  meer 16 a drap de damme heeft soo sal het haest

744 3560 2342 113 dan te neytde sijn en ut sal mij verobligeren mant wen scheseer

747 3623 2305 111 op die partije te connen adusteren en com met nieuwe rekene

743 3680 2258 110 en meerder an imo te moogen beginnen want by waerheyt ick

740 3724 2314 142 verliesse op die goederen gecondidereert den in trest ende het

725 3806 2345 143 tyt staen van tfeapitael inde pack laeckens en is niet meer te

722 3888 2368 100 debiteren ende seer rare vraege en ick en hebben geene bij mij

722 3944 2353 107 om het slecht de niet echter ick sal naer occasie soeck en en

746 4032 2332 84 adviseren eant ick en soude niet geerne vode moeyte geven

725 4058 2301 127 om eenige voore  reken. mij te laeten af senden als diet hier

742 4167 2248 77 moeten blijven segghen sal dan met verlanggen afwachten dat

2861 4160 272 99 onen senden

753 4199 2261 109 u het carmosijn sal sien te beneficeren ende de reken

640 4265 2453 105 sal eenighe schoene quarten swerte als oock drapde dames van cinele

3385 26 1530 128 prijsen 2 ee sten gebeet hebben en soo Beyste

3187 126 1052 131 Leed. homas Pcase

5037 128 765 156 0 Adj 11 junii 1703

3365 208 2382 113 op 24 past. ul. geremitteert st 200:  op 31  op 1 cour

3163 257 85 100 6

3381 294 2437 83 te8 110: - Ick verhope dat dese drij boven genetde brieven het de remises

3372 361 2431 55 glaet sijnen tijde welt sullen sijn geworden ledent geen van ul ontfangen

3366 386 2441 94 hebbe ofl met mijnen laesten  4 court at go gesohreven ve de yoe dered

3371 438 2400 71 te noeten de eneypacken Nn 4  67 en mijne intentie te kennen gelgeven

3331 478 2475 82 dat dae roiver niet wel satisfait ben alpade goederen niet vijalen als

3362 551 2440 69 die goordoneert hebbe aen uf p mijne brienen en aen mij pleter hencker

3364 571 2397 100 y Boeck honder hier te xplesetie, sijnde mondelincx ick hebbe ul oc

3362 615 2419 113 voor desen tot den selven seynde geschreven dat die soude voor . rekene

3359 692 2418 97 laeten als die niet achter vogens mijne intentie en ordre van

3353 719 2438 129 qualitijdt soude wesen dat voor dese reyse mette min wel wille laeten

3355 795 2472 81 passeven am ch te tewiyssen dat ick van mijnen cant ue wilte toe

3354 828 2385 125 wat moogelijck is om p teanimeren van mij wel te bedienen

3353 866 2456 120 ende daerom hebbe ick noch eens een de selve partije de now

3353 967 2456 79 ueor doncert oock met mijne n aesten van 4 corurst te noeten diet

3353 1018 2457 84 e, conde in coopen en ge reet maecken seitic halve p gevefde

3360 1070 2421 64 segghie 6o te neeten te peycken in twee packen ider vart 36

3342 1105 2502 94 tvee carseyen vrappers een pack met 1e hulve pr schoon seadtue e

3347 1130 2463 99 en 1e halve p. skie blyef het tweede pack, met 12 halve p schoonread

3331 1222 2270 85 10 halive p freca en 3halve pr. schgon geloenvan differente

3347 1273 2331 87 couteuren voordernoch een pace met dentigh halvenns ick oope

3338 1292 2471 120 eytte lerecken met twee carienen vrappens dat mt deien confirmere

3346 1338 2425 119 op conditie dat d' laeckens moete wesen van beteene qualitijsten

3345 1416 2375 87 van volcome en schoone breede  de doennen vent 15 9a170:-

3346 1452 2335 102 vallen oft dat die dan hier gearrigient wesende anders positier

3345 1475 2465 135 voor ull reken sal abandoneeren ick moete dalder beste qullityde

3363 1564 2348 99 van goederen iebben die den te becomen is oft anders en beggh

3361 1643 2409 76 geeige ingecognt t hebben hebbe ul oock versocht dat ul s in an

3345 1659 2382 117 dan twoort sonde noteeren wat men van bloune oft blije en oock

3345 1721 2453 78 ahoodoft eadp p soude moeten van verf hm darseyen betaelen

3368 1798 2431 91 dat te gemoet sien icke hope dat pscrsten ul antwoort sal connen

3366 1831 1343 127 hebben en die af wachtende soo blijve

5469 1931 149 100 d0

3171 1935 731 169 Leeds Ebbetson

5135 1953 227 122 2de

3362 2073 2420 131 hebbe ul. op 31 pasts langogep ende geremitteert  50:- op Jan

3346 2118 2323 155 lambert costy die verhopes ul wel salf sijn geworden en waert gen

3338 2155 2484 168 mj gedraege seedert sonder voordere van ul. aengenaeme, soo diens desen

3328 2240 2464 129 alsoon oal te adviseren dat de twee pasken aae 29 en 30 an mijn huys

3340 2257 2506 158 wel hebbe ontfangen ende dat ue niet anders en can segen dan dat versoeckee

3335 2354 2471 153 dat ul. mij gaen baeyen meer en gelieft af te schepen of te senden want

3337 2412 2455 117 i  by waet heydt geen van te gooederen meer debiteren soo mijne

3337 2464 2471 130 calanten die coement te sien genen aenstons vooran t woont dat dier

3342 2508 2476 155 =gelijcke bayen oft carseyen tot geen prijs en begeeren te coopen negeme dat

3340 2572 2486 162 het van te ssechte male qualitijet wesen, oock dat die veel mindert

3338 2626 2438 144 in gewachte sijn als daer gestaet en voorders te cont van maete

3342 2680 2481 156 ick en sal vl de moeyte niet meer aen doen van om een ige goederen

3338 2784 2446 101 te schrijven want en oicse mij daer iet meer mede bemoegen voor

5106 2869 68 63 25

3330 2838 2472 121 en alleer dat de negotie betoert ende oock dat de manugacteren beter

3346 2888 2448 125 van qualetyet villen mant het is seecker dat me moet constdereren

3333 2954 2438 119 dat de goederen goet coop wesen want sijn die nu monder in prijs

3347 3005 2456 139 susin oock naer propontie puym soo veel en meer lnter gu

3332 3096 2474 129 stjdt soo dat het maer een besoogh en is en anders niet ick sluyte

5504 3145 144 75 26

5482 3191 118 69 D

3342 3171 358 131 en Blijve

5191 3168 305 132 4 dij

3217 3236 1381 144 Rotterdam Johan vanderheyden

3351 3306 2407 135 ul aengenaeme van 25 past met d'oncost reken op de mer packen

3333 3381 2471 153 R n1N.1 67 daer by vermelt hebbe wel ontfangen en naermsien

3330 3426 2417 159 us aonsiert sich in de weerde restelt in rekene van de 2 packen

3328 3478 2497 175 nN67 weent 1400:  en pr uk aengenaeme van 28 meg

3321 3552 2509 135 gelieft ul met e noteeren dat in die heeft aengegeven meet 600:-

3329 3643 2495 116 bonen dien al brenght 2 pr pack proisie en noch eens 12 p. den=

3323 3704 2499 120 estra. ick can ul de missine thoonen van mr pieter hensckel ten dien

3327 3780 2456 108 tijde ge. waerbij hij mij alleen noteerde 12 want de prouwie 14:-

3317 3833 2489 130 En agotra 24 sonde oghaer de arsurantie van de seenne teloopen

3320 3921 2494 86 dat die gemejn goederen om mogelijck niet in connen draegen voorder

3329 3981 2341 87 a belast het pack met de witte laeckens n:5 weende  850:-

3321 4017 2410 119 gelijck ul. hebbe opgegesien dat het iet stt 85:- in coste 34 -

3295 4105 2519 96 eet wel dat men noydt de volle weerde den de clareert en daerom

3327 4155 2478 90 hebbe uk versocht te doen in alles als voor uul eggen de van titoor

3321 4215 2457 119 prspoort en ieden 2:18 is swaer en oock de raghten tidde gelieft

3320 4273 2459 94 alles eens naer te ien ende te considereren want gelijck en
