6193 4402
758 27 2385 137 dought en qualitut de alderbeste ƒ 24 wit minder soorte

2128 135 156 95 men

789 118 2296 181 ƒ23 en ƒ22 en dan in rectgent maer doncoste be van

1793 267 68 73 to

791 246 2339 143 verf ick hebbe een partije  inde vert van de alderteste

811 376 2194 129 soorte ue magh seeker wesen dat niemans in antwerpen

807 487 2222 143 ue beeter coop als ick en can dienen naer de denght

797 580 2294 168 van de goederen ende dat oock niemant in antwerpen

780 691 2270 195 meedere parteje nochte sohoender soortement biy hem

774 813 2267 180 heeft als ick dat ue sal ondervenden. als ue eens over

800 945 2199 178 comt en mij gelieft deer aen te doen van te coemen

804 1070 2169 170 besoecken het is seer wel dat ue mij het gelt voor ue

790 1194 2330 203 wissel sal toerenden sal ue antwoort verwachte om te

790 1357 2291 157 sien oft ue gelieft van eenen rooden carseiy en friscaers

796 1463 2195 202 gedient te wesen enot us noch ick voorders comt te

793 1587 2175 206 manckeeren en gelieft mede gesonde te hebbe blije

641 1750 1347 167 Dulisel den bode vander cammen

2447 1779 677 163 Ady 22 Augustii 1703

789 1901 2300 120 ick hebbe tot mijn groot leet wesen vernoemen vijt den brief van mons. P nijs

798 1979 2272 115 dat het paexke hem met het beurtschip toegesonden door de franschen is wegh

780 2051 2344 108 genomen ick hverhope dat hij met godts gratie aen sijn quarant sal gerelen

793 2109 2342 60 ende tot dien eynde en twijffele niet oft hij doet sijne devoiren met de voordere

798 2168 2320 112 geintreserde dat seer gene verneme hier ingesloten is een brief voorhem die

779 2233 2357 119 versoecke hem gelieft te doen behandighen ick magh ul. segghen dat het met soo

792 2292 2373 131 sen sibel is oft het mijn eijgen waere hij magh seaker wese dat heij sal omdervonden

795 2348 2324 114 dat hij ten mijnder requayde met een heerlijck man te doen heeft ende dat

779 2407 2364 144 altydts sal traghten hem die nst te doen gelijck ul. geseydt hebbe ins gelyckx aen

788 2462 1093 96 ul in alle occasien en soo Blijve

625 2525 1141 193 Loven Philippuo js

2514 2548 372 176 Adij 22 d

798 2669 2357 144 ick hebbe tot mijn seer groot leet wesen gesien bijue van 18 court uijt Brussel

792 2762 2342 134 geschreven dat alle het goet het gene ul. hebbe toegesonden door de franschen vyt

800 2832 2330 129 het beurtschip is wegh genomen ick magh ul. asscureren dat het mij soo

798 2891 2325 126 pensitel is ia meer oft het mijn goet waere het is een m alheur dat geen

776 2936 2357 141 mensch heeft connen voorsten oft verhoeden ech ter ick wille verleopen

785 2999 2389 170 dat ul. tot ul. quarant sal connen geraecken benevens de andere geintreserdi

791 3058 2365 128 dat van herte wensche Godt wilt geven. ick en twijffele niet oftes doet tot

801 3114 2349 138 dien eijnde syne devaren en sal noch tot brussel wesen versoeckende dat ul mij

793 3192 2341 120 eens gelieft te schoyven hoe het voorder daer mede is af geloopen. ul. heeft

794 3233 2336 136 de goedtheydt mij te segghen dat op een eerlijck man soude betrouwen waer

792 3313 2361 124 aen geensins en twijffele ul. magh van mijnen candt ens gelijckx verschent

791 3373 2382 87 wesen ende dat alelydt alles sal doen wat mij mogelijck is om ul. behulps aen

793 3431 2345 132 te wesen ende dienst te doen Godt salt aen ul voorsien en soo blijve

793 3495 2392 168 en afwachtinge van een letter antwort vant gene voorder is

781 3548 400 98 Geparsvart

593 3612 1145 153 London Livinus de Dorpere

2632 3660 369 181 Adij 23 d

793 3803 2253 131 ul aengenaeme van 20 pasto hebbe wel ontfangen die laecte van occasie

794 3874 2262 131 on beantwoort is gebleven. sedert ben sonder voordere van ul. aengenaeme

793 3936 2354 121 de wissel blijft hier noch al 33:3 niet tegenstaende de veranderinge cortij

792 4019 2349 120 ick en manckere niet continnell te vigileren tot onse beste a

797 4079 2347 123 mogelijck en heden iets geresconteert heftende tot ƒ33:2 soo remittere

782 4133 2347 108 ul het selve ingesloten voor ons beyde reken als uen den voet

795 4204 2373 99 deser versoeckende ur. ins gelijckx gelieft te doen nopu remisses sal prompt

784 4280 2342 52 altejdts weder remitteren als ul. bekent is ende wolle no grcie en

3418 0 2342 126 passeert niet en soo weeynigh de biet hier te kande als oijdt genen

3407 78 2370 105 is, ia soo verre datten geeen intrest van ticapitael aen te becomen is

3403 134 2346 103 gecondedeveert den borghen viyt staen vant gelot ick groete us en soe

3382 159 303 102 Blijse

4165 159 1662 123 vooris gegaen orederc overt van Joff. de wed: sheodor

3415 210 599 90 reuises st £150: -

4259 228 471 102 Broockmans

3449 267 71 77 d

3220 271 880 183 henet Jacob Baist

5068 293 683 170 Ady 23 Augustie 1708

3417 392 2398 164 ick verhope de continuatie van ul gesontijdt ende van geheelde famillie ick

3397 526 2428 55 moet de libertijdt gebruycken ul kennisse, te geven hoedelt op 15 court sacons ten

3393 584 2432 84 tes hueren opt in comen van de Brusseische vaert het beurtschin door een partije

3379 612 2452 109 is gerescontreert geweest ende de meeste paert van de laedinge daer vijtt genaelt

3383 659 2321 105 o wat reden en weete niet echter imant heeft miy soo aenstons comen

3381 739 2459 104 adverteren dat die goederen costij souden sijn opgetrocht ben daer bijgeintre

3389 749 2449 128 =seert soo dat ul in p uytterlijck sal ue voblegeven in gevalle ul met daer in eenige

3374 798 2437 114 daenst can doen en geliefde daer naer eenste informeren ickten twijffele t

3383 847 2438 102 niet oft jjn eccellentie den heere graet van bergijcz sal daer ken nijne van

3368 920 2410 110 hebben. het is meert in lansche fabrieque die geen contra bande n mers

3384 962 2422 138 en can wesen. aenden voet deser sende ul. den in hout van t pacocke daer

3373 1019 2311 100 sijn noch by geweest eenige stofkens die voor andere gerien den hebbe

3373 1101 2447 89 moeten in packen het is mij lecot dat vrienden moete moegelijck

3375 1152 2401 49 vallen maer wat wilt men doen het sijn present drouerijden voor

3373 1203 2351 89 negotianten principael ick wensche d'occasie te hebben van 8l

3589 1255 2180 84 ins gelijck de te connen dienst doen en vr sal mij altijdts beninden

3383 1255 2388 143 omn ingrest waer te nemen pardonneert delibebtijdt aen die

3391 1351 318 112 Bluve

3207 1417 513 167 Leuven Buys

4734 1434 746 147 Ady 26 ditto -

3397 1495 2312 216 ick hebbe op gisteren avons een brief uyt brussel van mons.

3384 1665 2394 120 terreau ontfangen die aen hem desen avons sol beantwoorden

3380 1724 2361 184 en hem toesenden een copije van een brief van mijnen vrient

3377 1864 2444 143 uyt ghendt op dat hij naer advenant mesures can nemen. heden

3384 1949 2456 167 middagh becoeme ick nu ue aengenaeme van 24 cour. uyt loeven

3392 2056 2366 139 het is mij leet dat ue soo veel moyn moet nemen Godt wilt

3385 2172 2452 107 maer verlienen dat ue eiyndelijck aen sijn quarant magh geraeken

3380 2253 2419 139 ick en hebbe alhier niets vernoemen nochte gehoort waer de

3384 2362 2361 126 de goederen sijn gebleven soo dat het at te vergeefs is, wat ick

3390 2454 2416 153 doen. eenige persoonen hebben mij geseyt dat de goederen tot

3384 2549 2352 149 g hendt sijn opgebracht ende daer op hebbe aenstons aen

3385 2649 2392 174 mijne vienden geschreven tot ghendt en aen hun de facture

3382 2738 2317 177 van ue goederen gesonden opdat sij souden devoiren doen

3368 2859 2281 180 myn vorent heeft mij geantwoort gelijck ick ue ingesloren

3375 3007 2449 131 conge sende den oock sal doen desen avont aen mons. terreau

3363 3079 2274 120 ue can naer advenant sou mesures nemen. het en is niets

3395 3178 2412 133 waerschijpelijck, gelijck ue gelieft te segghen dat de goederen tot

3379 3278 2449 138 diest oft thienen soude vercocht wesen want eene fransche partire

3359 3408 2447 139 en sal daer immers niet coemen en ick en mijne oock niet dat

3340 3482 2470 126 het voleurs gewest hebbe soo dat bij naer niet sonder reden oordeele

3352 3588 2480 163 dat u op die cant verlooren arbeyt en moeyte doet nemt pa

3367 3696 2480 139 tientie en maeckt goede courage godt sal in icks anders voor

3359 3810 2480 130 sien en ick van mijne cant en sal niet naer laete ue dienst

3350 3915 2486 95 te doen daer het mij sal moegelijck wesen want ick niet luvee

3349 3999 2482 120 doen als met heerelijcke lieden handelen en die voortshelpe waer

3368 4094 1507 143 op ue magh verlaeten en soo blijve
