6235 4426
799 86 2217 132 om winter provisie te coopen dat sal afwachten

790 186 2220 124 als mede d'eere van ue antwoort niet twijfelende

768 312 2322 132 oft ue sal mij dien oft d'ander paxken ordenneeren

773 425 2208 124 afte senden want ue en can ie pimer meer beetor

801 542 1728 104 con bedient worden en soo blijve

2540 601 652 185 Adij 6sber 1705

771 636 971 133 ottterdam Jacques Meyers

807 721 2301 120 ul aengenaeme van  N.140 en 28 pasto. hebbe wel ontfangen conform

798 831 2351 89 oock detwee packen IMna en longge voor de oncosten deter op gereven hebbe

798 852 2322 131 ul conform gecreditteert ƒ86:1 ende oock voor derreur dat ul mij aenwjst op

809 922 2332 136 de voor gaendde reken ƒ 13:16 sijnde met de voorgaende ƒ1029:18 nt met

780 979 2283 100 da ccort ƒ1043:14 in gekolge ul. versoeckt soo sende de notitie ingesloten

808 1045 2354 128 te rugge met versoeck l: de ingeleyde op engelandt gelieft voortsganck te

792 1092 1255 82 gevenden soo Blijve naer groete nse

623 1036 1522 252 London Risper van den Busee

2493 1170 387 132 Adij 6 mon

2794 1219 252 119 ditto

807 1298 2301 117 mijnen laesten is 20 past. met remisse van 17d vsos op dh h furnesse costes

812 1359 2293 138 van stij £99:- die verhope ul. wel sal sijn geworden faute ingesloten den

791 1417 2282 137 seconde ben voorders sonder eenige van ul aengenaese nochtigen

800 1473 2342 152 hebbe niets van de london vloote vernoemen ick verhoepe die haest sal

801 1540 2228 129 opschieten ende dat den goeden goet die sal saluobrengen hebbe een

798 1604 2349 146 brief van 1t £ 200:- 16 coult vervallende op mess. michelen fin lay met

790 1662 2364 161 costis die ul. ingesloten afsende om ten vervaldaege geen p reeditie n

808 1710 2254 152 leyden ben aen mijn vyient int noorden mr. Sames &bbatson van

807 1792 2358 149 aeeds schuldagh en com de corten tijdt soo en derue met adroitur afsonden

796 1840 2367 168 hebbe de libertijdts gebragcht aen emr. Ibbetson mijn assignatie te senden

790 1900 2351 146 oft ordre 16 court door ul. te betaelen van d st £200:0 dat soo gelieft

783 1952 2364 169 te doen in gevalle ditto assignatie vl in tijdts vertoont wort gelieft die

803 2011 2303 163 in te trecken ende mjn wisselbrief in betaelinge tegelien en

798 2070 2188 142 soo het p in alheur gebeurde mijn assignatie ul. bj tijde voor den

802 2121 2348 166 ver valdagh van den wisselse. niiet ter handt quaeme gelieft de weerde

809 2182 2325 171 van d' wislels, in te voorderen en mijn assignatie te betaelen en r

803 2234 1274 122 sal mij verobligeren en soo biijve

591 2237 1027 192 Leed. James Bbetson

2544 2366 388 141 Adij De

786 2430 2378 186 mijnen laesten aen ul. is 17 pasté met versoeck ul. mij gelieft reken cour

803 2508 2319 159 te senden dat sal afwachten sedert become  aengenaeme dat o 4

807 2560 2363 199 past hier en passeert naets ende is een ellendigh leven voor alle menschen

795 2605 2370 214 door den bedrachten en langduregen oorsogh dat godt gelieft in een vaste

796 2689 2357 126 vrede te veranderen sende ul ingesloten mijn assignatie van ƒte £200:-

798 2754 2345 175 op Thr.  vanden Baussche in London myn vrient 16 deser te betaelen

803 2808 2349 180 die gelieft te doen in voorderen en mijs daer voor te crediteren en soo

789 2872 270 120 Bijsel

600 2942 1184 184 Mons Ka. Creufve Masson

2571 3036 495 138 Adij 2 dittos

801 3107 2370 195 i'au bien receu l'honneur de la chere vre du 28 du passé pour responce ie vous en voyeray

802 3201 2363 135 p. la premiere barque pour Bruxelles vre p. de drap de damme entiere au prix que

804 3259 2336 134 me mandes. aussij de uex soi de flanelles d blanches une moindre et vre finne pour la

797 3302 2338 87 finne pour vendre blanche ie ne croy pas que vous en souhaittes &ne ertisee. ie

790 3359 2378 149 le rolleray ensemble et laddresseray a l'ordimair a la faiste d'ory ie vois tolontier que

803 3408 2362 148 vous ester n'intention de faire le voyage p. iey. ie vous prie de prendre atre loge

780 3464 2359 147 =ment chey moy et ie vous feray vois le peuy beau sortement de toute sorte de

799 3513 2368 150 marchandises tant d'Angleterte d'hollande que de nre fabricque qu'ily a dans

813 3579 2332 157 tout le pays et ie ne manquerays pas a vous se rvir touiours a luste prix, ie

799 3628 2358 165 connoutbien ce so dogne de mallenes que vient icy achepter ces draps au blanc

803 3685 2355 162 mais il n'est pas capable de vendre de si belles marchandises au prex que ie

815 3726 1161 94 le pais faire ie vous salue et suis

579 3813 1054 122 Ath Joseph Vaulmerie

2590 3870 464 147 142d1

821 3909 2347 201 pour responce a l'honneur de la chere vre du 26 du passe ie ne vous puis

790 3994 2344 130 rien dire d'auantage touchant les draps blnats que ie ne vous e

814 4067 2295 143 dit p ma precede nte de vre vie vous eracez eu, n achepte de

792 4130 2349 138 mellieure qualite a 45 pattars et ie vous le lase a 42: en fiu

799 4214 2358 54 ie vous en fait le iuge quant vous les aurez reu cies vous et ie m'en

798 4264 2368 99 receveray goinet la valeur de mes freres pour vous tes noigner que

811 4297 1912 70 lagis a la bonne fois et que ie ne souhaitte qua vous

2711 4319 160 57 dn

3397 0 2400 127 e  e e e  e ee e   alse. 5: ::15:1:5 ele eee elien en

3386 80 2427 93 ne fera i'ay un assortiment de bayes deventer de toutte qualire

3383 126 2384 88 et N25 de 12 a ƒ93 m a vs pouit 30 ie vous serviray d'one tre

3377 196 2374 71 son ne sorte commo vous en estez accoustume d'aicvifacsy lais

3375 222 2393 94 de tres belles car vre blanches et tientes toutte sorte de coulou ns

3377 240 2471 124 a iuste prix et toutte aultre sorte de marchandises a vre service

3387 334 2331 89 ie me dit de tout mon coeur comme a pay mois. vre espouse

3226 390 1769 159 Brussel Joff Janssens geestelycke dochter

5254 392 570 128 Adij 2 sber 1703

3384 513 2429 100 ick hebbe een brief van mons. nicolas van den berge van halle dat

3368 588 2481 111 op ul voor syne reken soude trecken ƒ600:- wisselge en alsoo op heden

3384 651 2430 84 giet daer toe occasie hebbe gerescontreert soo heefbe sulcx waerge

3378 710 2453 92 =nomen op sicht dat is op ses daegen naer dat ul. m ijn en wisselbrief

3382 756 2449 96 sal sijn vertoont aen d'ordre van ooff de wed. Th Theodor Broeckmens

3363 794 2419 110 die versoecke dat conform gelief titte verheeren daer ul can dienst

3369 853 2456 133 doen gelieft maer te commanderen aen die naer groetenisse bliijve

3830 889 170 63 de

3217 890 1046 169 Brussel de wed. Alexis

5197 952 484 107 Adj 2 ditto

3374 1035 2423 130 ick en hebbe voor heden op u niet connen trecken het restien

3375 1105 2428 114 van £35:9 sijnde op sicht te betaelen aen d'ordre van joof de wed.

3396 1134 2413 136 Broeckmans dat dan con form gelieft te verheeven ick en soude

3367 1176 2473 177 ul met port van den brief nietchargeren maer hebbe voor leden

3387 1276 2496 122 reespe gasien dat het ul intentie is datt ue daer van advies geve en lj

3370 1336 2433 105 uet sijlet en hebbe niet willen mankeren ick verhope dat ul

3377 1381 2435 101 int cort al eens sal overcomen ick hebbe schoon sortement van

3383 1433 2486 117 alles en recomandere mij ten vyttersten ick sal alles doen wat mij

3366 1480 2440 114 moogelijck is om ck goeden coop te bedienen en bidde gelieft by n

3375 1531 2437 131 het eerste naer te comen het gesicht heeft ul voor niest en nder

3371 1584 2430 135 cemant in Antwerpen die sjn vyterste deuort sal doen om u

3373 1636 2457 141 calandisie te hebben soo sal ick het doen mij is geseght dat ul een

3375 1674 2411 152 soon heeft die de selve affairens doet ende die cortelin hier

3378 1747 2413 147 over heeft geweest en hebbe aen hem geen kenisse doch voort

3379 1803 2342 131 toecomende soo versoocke u hem mij gelieft te recomanderen

3376 1861 1667 128 van eens te comen besoecken en soo lijer

3273 1929 56 57 6

3229 1912 1016 154 Tuse . vanden Heck

5092 1979 470 133 Adij 4 ditto

3364 2040 1425 104 op onttanck van ul. aengenaeme van m

4727 2071 1122 125 deser soo hebbe ul goet op gepackt en

3382 2112 2385 64 in gevolge ul. ordre op gisteren met het beurtschip at gesonden en tuwweet packen

3383 2137 2464 155 gemerckt T.D.HN.1. 22. de packen hebbe gecomandeert inden grondt vantschip

3370 2209 2407 133 te segghen. voorts heeft mij den schipper telooft met pasport te sullen vaeren

3383 2264 2457 133 ick in can niets meer doen en verhope mett godts gratie dat het wel sal arriveren

3383 2297 2453 164 ende dat alles naer ul. contentement sal weesen want niemandt in antwer=

3360 2358 2464 139 pen can ts schoonder goet leveren noch beter coop dienen waeraen noeyt

3366 2414 1738 120 en sal manckeren en soo blijve naer groetenisse

5817 2450 71 102 dij

3272 2405 1162 224 Brussel Nicolas Douwedan

5235 2547 463 127 4 dit Ditto

3369 2591 2438 152 ick en twijffele niet oft de reden ip ul. bekent dat uk aengenaeme van 25 past

3358 2658 2462 84 niet eerden hebbe beantwoort ende den bay met het wist carsc niet hebbe afge-

3363 2695 2438 146 =sonder doordien de beurtschepen nieten hebben connen jaeren. hebbe het

3357 2764 2470 145 selve op gisteren gedaen in een vollcken gemerckt. M.D. dat verhoepe ul. wel en

3369 2823 2373 124 tot ul. contentement sal geworden al over comende bidde mijte commen

3350 2868 2443 159 besoecken oft meerder nooodigh hebbende mij te commanderen. sal ul. ten

3374 2906 2257 170 uittersten wel traghten te bedienen en soo blijve naer groetenisge

3419 2968 1035 90 1 witten carsey Joseph Rilley a ƒ 23:10

3431 2995 524 105 1 witten baj  17

4203 3017 239 74 „35:-

4186 3078 288 86 ƒ 38:16

3215 3217 1408 126 Rotterdam John vander heyden

5231 3250 478 128 Adij  dittn

3355 3302 2496 166 by manckement van tijdt en hebbe de gesondene oncost reken op de packen 1N n°8.9

3348 3398 2443 127 en 10 bij ul. aengenaeme van 14 past. niet eerder connen naersien doch evinde

3339 3442 2543 151 daer bj mercktelijck enreur. hebbe ul immers geadviseert op 30 Augustie dat die

3344 3496 2479 149 van veerte sijn als de drit eerste met versoeck van voorder de ocorten te

3355 3553 2487 154 willen menageren ende ul chargeert de dese wederom meerder. en hebbe

3347 3595 2474 93 ul. oock niets geordoneert die voor resies te wesen ende dat ul. als vooren

3335 3638 2463 148 soo groote provisie xtra soude rekenen. d. goederen en connen soo veel

3335 3706 2541 132 oncosten niet uijt doen op soo een voet soude ick meer geldt tij legghen

3318 3720 2518 178 dan augneeren. hebbe de reken wijt den hollantschen tarief naer gemaeckt

3342 3786 2486 148 als aen den voete deser ende en can niet anders gerekentt worden als intge

3352 3847 2492 160 heel ƒ 122:16½ ende met ƒ 167:8 als ul. brenght dat gelieft naer te sien en ul

3355 3905 2490 137 sal het selve soo conform teninden, ende sal gelieven het ip mij te trecken

3223 3922 2634 201 alsoo geen occasie hebbe om soo een bagatelies te connen remitteren. in gevalle

3357 4020 2477 85 N. eenige carseyen de ilderbeste soorten en mercken oock faisaerden met de

3343 4066 2493 91 verwaght wordende hulsche en Londons schepen sijt hebbende die ulbij

3327 4132 2524 158 het arravement soude connen sonder on costen trans: toor senden gelieft

3335 4206 2446 65 het mij oock ten tijde te adviseren met den naesten prijs en conditieeen

3351 4263 2431 102 attel niet oft sal wel iets int cort noodigh hebben en contant betaelen

3351 4284 822 80 blijve naer groeten ie
