6133 4461
836 83 2330 164 qualetyt van schoone breede van t0 a lenghde sal ue leveren

820 210 2383 116 als vooreden jaer gedaen hebbe aend h Jacobs tot ƒ23 wisselg

828 282 2327 161 tot stuck mindere hebbe oock tot ƒ 22 als mode de ade beste

799 376 2399 146 soorte tot ƒ 25: tot ue dinste en naereijt voorts hebbe alderhande

808 493 2402 126 soorten van bayen en en gelsete maniefecture en weest verycke

794 555 2418 122 dat ue nergen soo goedere copp en sal ten rechten coemen connde

792 674 2239 117 reenende de qualitijt der goederen soo salt ue seer beven

798 756 2376 101 mentioneren geleeft ue de selve te doen ex emineretaer

798 822 2412 168 mjne diecctie te laeten is aen mij een en tot selve wert

793 932 2394 137 wel verseekert dat ick ue in alle occasies wel sal bedoene

784 998 2412 155 en heeft ue anigepennissse om gaederen m te laeten mee

771 1094 2405 196 man soo sellen wij maldanderen wel verstaen aferwachtendr

793 1177 1404 178 deere van ue antwoort soo blijve

2319 1231 534 182 11 xber 700

629 1296 923 138 Londen Livinus de dorpere

786 1361 2402 160 verhoepe beyde ue  meijne van 27 en 28 past ue wel sullen

795 1458 2418 121 sijn terhant gecoemen met den eersten temse van st noo van 27 d'utoso

767 1540 2431 128 le chevalier h furnese waer van bij faute ingesloten seconde brief des

795 1605 2343 119 tot couvert van andere remise op 3 sicht op m  Jokn

801 1693 2372 158 baeker van st £100 waer voor ingelijck gelieft het noodigh te

791 1777 2418 140 besorgen en mij te crediteren het pack af 13 hebbe wel ontfangeen

796 1890 2401 138 wenste wel het resterende oock hier hadde en met eenen hadde

803 1972 2378 122 connen vertrecken alsoo met dit winter soudoen den rescc Jan

790 2056 2330 169 groet is en trijfee aut oftie heeft vernoeme dat de sehootsche

785 2168 2320 125 vloete meest door fransche copers op de custe van fallant is

802 2228 2396 130 wegh genoemen ende verstroyf over sulckx versoecke ue tortelij

802 2317 2396 176 het resterende paxke met een goed sp en bestende

774 2423 2418 151 af te laeder en mij toch tijdelijck daer van advis te geven op

802 2528 2389 141 dat ick i cas von noode voorde affuratie can soorge draeg

786 2607 2405 158 en sal mij huer op verlaeten recommandere ue ondermach

782 2732 2414 142 op de aldomieu te moede couleure reslere te nemen goet

782 2803 2411 189 op de goede qualitijt der goederen want de tijde sijn pres

789 2915 2404 163 seer mogelijck om onse affeirens te connen onderhoude hebbe

776 3000 2422 186 p mine laester over het hooft gesien dat ue mij de 100 0 5pe

768 3088 2438 155 le heeft in f 13 af gesonde en hebbe die imomers no t ver

786 3194 2371 135 socht maer ter contrarce p voor gaende gecontramandeert

803 3283 1652 180 blijve in af wachtinge van ue antwoort

2210 3346 402 143 11 xber

582 3317 1040 226 Brusselen Der gremberge

782 3427 2428 179 op versoeck van mons 2 vanden berge van halle gebrugte

790 3543 2372 142 andermael de libertyt van voorhem heden p beurttchop

802 3613 2395 163 ue te addresseren een poscke gemerckt NP6 dat uel ter herte

799 3724 2403 148 versoecke hem sito gelieft voort te sende alsoo hi mij notey

783 3811 2400 153 daer by verlegen te wesen hebbe ue ue dick mael geme

781 3910 2419 165 deert en wenste wel vervolgens d'occasie te hebbe om ue

771 4014 2418 181 oftes famillie te connen dinst doer in weest vors eek dat

776 4147 2378 138 mij aengenaer sal wesen deere van ue coonmande te

770 4235 734 168 ontfange blijve

4681 90 722 151 11 xber 1700

3218 86 1084 168 Julle Nicolaes van den berges

3333 149 2444 196 hebbe ue aengenaeme van 8 deser wel ontfange en vervel gens

3350 277 2366 160 soo hebbe ue dahh naer middagh met het beurtschip ep

3346 369 2516 153 oissel toegesonden een pascke gemerckt N.V:D:B: geaddresse

3373 504 2483 96 aen de gremberge inde stoffen halle hebbe itto jaer heden

3358 556 2431 152 daer advies vangegeven en gerecommandeert het selfde

3361 646 2425 155 ue soo haest moegelijck toe te sende de fargevn mjn

3379 720 2457 136 laeder sijn daer bij gepackt op de staelen die ue my hef

3395 830 2414 143 gesonden endie die ick hem hebbe ter kant ysloort

3370 951 2470 121 sjn daer bij eenen twaeren offe bay eenenooden soo als

3351 1019 2434 133 ue laest heeft gehadt a 63 lanck eenen fijnen witte 5

3360 1157 2507 134 glverfde corseyen en 2 laeckens in gevolge de prisse die

3360 1249 2444 137 ue mij noteert en hebbe die op ue stael soo naer uyt gij

3340 1286 2514 202 socht als die moegelijck hebbe gonnen vinden en twijfele

3356 1425 2464 133 niet oft ales sal ue wel aenstaen en contentement geven

3331 1512 2545 182 den appel bloesel snsaelt enden swerten bij volgen r naet

3373 1622 2385 147 occasie want daer het quaet faisen soo ist omoegelijck

3351 1723 2493 137 tot goet present drogh te wjgen sien dat den gesonde

3352 1818 2529 161 swerte flanel te cort moet dat is in de verf ingecrone

3357 1946 2512 119 ue en moet voor geen fute betaelee oock niet dat te cort

3324 2025 2543 138 meet ingesloten het fackeerijke ende recomondere m mae

3334 2157 2536 139 te comanderen voor het gene voorders van ue dinst magt

3363 2212 2500 158 voorvallen heeft ue eenige laeckens noodigh ick sal ue geen

3220 2322 2652 163 de staelen over sende ende dinst doan mele het gaen

3359 2432 2437 207 moegelijck is ick groete ue nevens mijn heytvrouwe en sc

3360 2569 1769 134 ue bminde ende sul fauillie en blijve

4826 2682 140 101 2

3229 2663 1103 168 Mechelen Carlo bestram

3305 2684 2563 230 hebbe ue aengenaece van 6 court wel ontfange oock de 2 fise

3348 2829 2520 154 de die ue mij heeft terugge gesonde sal die op de reck afschrjie

3339 2918 2532 177 het soude mij seer leet wesen dat ick ue niet eenige goed s

3348 3002 2379 118 des belasten die ue het dinstigh sijn daer  en sullen wy

3337 3076 2458 195 noyt geen questie hebbe want endesireren niet andees as

3338 3163 2429 186 aen mijne calauten vale genoegen te con geven

3335 3249 2536 197 sulckx sal sijn e oock in alle occasien onderoet der bodde

3345 3369 2507 137 mij maer te favoriseren ende te comender in alle dat

3320 3476 2556 102 varde famille dinst magh voorvallen hebbe tot mijn leak

3322 3536 2434 117 wesen vernoemen dat ne jouffr ue moedee crancke

3244 3655 2592 97 en al soo sedert ue aegenaeme met swert pen toe gef

3351 3705 2480 165 gelt soo hebe achterdenck dat der seer van het gedis

3328 3798 2500 136 poneert haest in welcke geveelle godt de siele wille bern

3341 3893 2489 124 hertiech wesen ende anderr sijnde haere verrege gesent

3323 3958 2524 205 hijt genenen tot to cobertement van d' familliuer

3351 4076 1706 185 nache salghyt blijve met nesnecht
