5962 4388
1827 83 468 126 3 sber 1707

452 52 909 203 Gent J:B Desaedelaer

623 190 2458 163 hebbe ue aengenaeme van 18 passato het sijnen tijde wel ontfange

633 307 2434 189 ick holpe dat ue diens volgens occasie sult gevonden hebbe tot incoop

625 418 2437 147 vande geordonnerde sijn waeten voor den amen ende dat die mij

614 500 2415 157 noch intijdts noch sullen connen toecomen dat gerneveneme

623 617 2437 153 voorders sien dat het costij soo slecht gaet voor de biet vande n

868 666 202 81 geverde

644 706 2449 199 lantse goederen door oorsaeck van de voor gevallene affaiten

630 829 2444 139 van de ck daar en is niets tegen te doen dan patientie te nem

619 908 2346 119 in hoepe dat het eens sal beteren en niets altijts deren en can

627 1001 2412 132 mijne restanten onder ue en sijn soo groot niet oft ue can die ten

616 1131 2453 154 minster aenden man helpe want draps de dannes is altijdt

612 1213 2449 135 willigh ende carmosijnen die sullen der het eerste nodigh neem

621 1311 2458 196 ick sal alles doen wat mogelijck is omdaer een eynde van te maeck

617 1394 2477 218 bidde gelieft de hant mede daer aen te houde want het is selfs te te

615 1508 2462 162 gelt om gelt te vercoope als met tarderen noch meer te verhet

618 1598 2377 202 ditto negotie moet nu wat stel staen want ick hebbe een elen

617 1724 2369 207 caloullaseken gemaeckt dat ruijn meer aen den intrest tcort

603 1853 2466 174 come als aen de goederen mach wesen gearanceert en daerom soude

604 1953 2474 193 geerne die reck te saemen eens slugten hebbe schone partije presen

631 2055 2306 143 van alle geverfde carseyen ue daer occasie met dot winter

620 2155 2402 145 fauven toe hebbende ofte tot enige andere goederen sijn tot ue

621 2284 2430 154 dinst ue gelieve maer te commanderen die naer cordicele

623 2369 716 167 groetenisse blijve

2049 2423 439 151 15 sber 1707

428 2467 1020 197 Brugge Gelie van Coppenolle

611 2556 2445 179 ue aengenaeme van p court is mij wel geworden waer bij hebbe gesiit

616 2665 2365 165 dat ue besigh was om mijne goederen adroitiuer af te schepen in een bin

632 2782 2327 93 lander die ue alleen aflaedt bij provisie vrienden alhier hebben advis

630 2861 2411 97 van s'rentergem dat hij oock eenen binlander adroiteur heeft afgelaede

637 2956 2458 113 die op maendagh gepasseert van costij soude sijn vertrocken van de ue eon hebbe

626 3043 2462 123 noch niet vertrock nomen soo dat seekerlijck wij wederom in den apressullen wese

618 3113 2461 172 daer is nu in de maes van londen gearreveertn de goederen sullen lanck voor

621 3212 2375 139 die van costij wederom hier wesen dat ider en particulier costij quansuys

641 3295 2446 113 wilt alleen aflaeden dat veroorsaeckt maer tardement te meer ende het tarde

637 3392 2440 156 ren geeft weijnige couragie om de route over oossende te gebraycke hadde ick mijn

646 3484 2443 129 packe al hier ick soude die connen leveren en vercoope sijn andere vriende nu

644 3581 2428 113 voor het sy langhs costij oft van hollant soo moete ick die occasie verliese dat

643 3660 2443 121 ue oock wel can considereren ick en tweijfele niet oft ue sal goede sorge hebbe

643 3720 2437 127 gedraege dat den sy schepper met goede en suffisante frange pas port salwek

631 3826 2456 106 voorsien gelieft hem tot hent te reecommanderen mijnen tolbrief aftehaelen

642 3891 2403 152 bij dh J. BB saedelaer wat ue gelieft te noteren dat niet aen Dh delcampo

649 4027 2412 135 soude schrijve wort geobserveert mits ick vergoedingh becoeme het is mij het

625 4108 2456 181 selve op wat maniere waer in mij dan opue verlaeten die afwachte advis

627 4182 440 149 en soo blijve

4382 31 439 118 6 sber 1707

3097 40 910 130 Meydern Jacques Le Beuf

5022 118 68 47 mee

3320 100 2473 210 een hebbe noyt d'eere gehadt ue te schrijven alsoo coortelinckx different

3320 207 2421 168 occasien gehadt hebbe en groote vraege voor leydsche swerte, blouwe

3308 304 2492 175 en carmosijne laeckens als oock drap de dammes soo soude resolverer

3319 411 2494 150 om daer mede eens een proeve te nemen ingevalle ue soude

3310 498 2430 169 inclinneren om my een partijcke in commissie voor ue niet te

3310 593 2459 246 senden het gene versoecke mij in antwoort gelieve te adviseren ue

3322 687 2468 253 magh seeker wesen dat ue intrest als eygen sal beherigen die blijve

4555 857 471 166 6 sber 1707

3126 884 1213 177 Mons La veuve de J: B: Masson

3292 946 2513 227 Jay bien reuu la chere vre du 29 du passé j'ay vs ay envoyeef la derneire

3342 1105 2403 130 barque de marchande le drap verd la baye de 3 & la baye rouge et

3339 1171 2481 137 cariseez rouge et bleu dans une ballo marque M a l'ordrnant

3334 1296 2464 149 a l addresse dhonoy de Paus a la faiste d'or que j'espere vs pour

3336 1412 2486 127 viendra bien la baye bleus nest pas encor accomode p les pleus

3330 1503 2471 117 continuilles q ie vs envoyeray pr la premiere occasion ie vs le

3334 1623 2455 122 mette tout au mesme pris qe mons d'aoust et boautres m'ont

3357 1718 2455 113 achepte et e ne vs puis pas dire d'avantage que je ne fait pns

3333 1832 2480 117 prexedentes quant ve q: souhaitte de vs verur voir vs aurez la bant

3329 1916 2418 168 de prendre vre logement chez ns et cela sans eremonce vs

3340 2015 2433 125 trouverez de marchandise en abondance et tout est a fors bon

3321 2131 2509 148 marche ie vs souhaittez de bayes deventer ou carisees blanches

3302 2217 2481 192 tientes de touttes sote de couleure a ƒ26- blanches a ƒ 23 ou

3321 2328 2511 171 quelques autre soute de marchandise q v: q prourvois avoir besoinag

3326 2437 1690 170 il vs plaira de me commander qui suus

4439 2525 532 134 6 sber 1705

3153 2503 1093 165 Brussel hendrick de pauso

3301 2621 2518 169 desen tot advis dat gisteren de libertyt hebbe genome van ue

3338 2733 2477 150 wederom een paxke met het beurtschip te addresseren voor rest

3335 2837 2489 159 van Jouffrouw de wed Jaen Bat masson gemerck V:SM tot

3306 2976 2499 87 berge dat gelieft aen haer p eerste occasie voorts te senden en

3336 3032 1401 157 us sal mij verobligeren die blijve

5162 3106 638 153 Adij 7 xber 1707

3092 3113 1694 210 was muyster nicolaes Raem donck

3359 3263 2455 182 hebbe van over eenighe weecken al verwaght het gheluck

3348 3395 2454 166 van u.l. hier over te sien dogh vernomen dat u loeijt beletsel

3344 3508 2440 171 van u.l affairens noet en can comen midts dat het

3350 3633 2443 152 saisoen begent te avanceren ende dat verhope datten

3332 3742 2409 180 wat de het is soo come ul. andermael p desen

3329 3881 2402 133 mijnen dienst presenteren hebbe n een seer

3318 3959 2498 212 schoone partije frisaerden carsegen die ul. tot 2

3323 4123 2434 197 witt can ghenen als ul. een partijcken saude
