6264 4467
2084 74 934 182 Adij 24 April 1709

682 78 783 173 Brussel S. de wiste

848 169 2278 223 tot antwoort op ue van 22 cour hebbe hee schrontte

846 318 2246 153 sortiment van ni euwe moede coubr. spaensche laekens

830 442 2235 164 die men sien can van alle prijsen. maer het sij

849 540 2140 226 om moogelijck ue de staelboscken te senden want

848 664 2074 211 hebbe die present alle daeghen noodigh in mijn

840 761 2240 247 packhuys. soude het anders met veel plaisir doen

825 887 2135 224 gelieft ue over te coemen ue sal buijten mijsel

794 1009 2326 229 sijnfsortiment ten uytersten vinden. en ick versechere

840 1139 2182 215 ue dat mijn de voir sal doen om ue calandisis te

838 1235 2127 213 connen hebben en beeter coop te bedienen als ue

833 1385 2215 166 ergens sal connen te recht coemen het hulsct

850 1518 2107 170 convoy is godt danck oock gearriveert en

860 1583 2248 251 verwaghte die goederen mede hier tegent het

871 1732 2327 157 eynde vande tockoemende weeke tot ue dienste

855 1869 1195 179 blijve in alle occasien

2462 1941 584 225 ady 25 d. 1709

689 1961 1425 228 Rotterd. John vanderheyden

845 2126 2345 234 ve aingenaeme van 8 februari laest is mij het sijnen tijde geworden als oock

865 2275 2344 154 nu van 23 court met advies schipp haven salvois gearriveert. hij heeft

858 2380 2243 135 voor mj in wederom twee packen M n°13en 14 ider van in houten

853 2520 2324 107 weerde als de twee voors aendel die nu cito gelieft te depescheren

844 2579 2351 175 ende de oncosten op t' nannoste te menageren soo als ue mij belooft

858 2676 2313 171 heeft waer op mij sal verlaeten verhope dese twee packen niet

857 2796 2344 159 sullen beschaedight wesen. gelieft die eens te doen besichtigen

858 2887 2328 170 int over staen want hebben sedert sber aen boort geweest

874 2994 1205 184 waghtende advies soo Blijve

1034 3124 168 98 im

2345 3096 497 198 adijde

819 3131 919 186 otterd. I Meyers

832 3247 2372 202 tot antwoort op dte aengenaeme van 23 court hebbe ue conform

866 3384 2332 210 gecrediteert ƒ61:12 voor de gedaene asurantie ende en twijffele

857 3519 2299 152 niet oft dese schepen met het trans port convoy staen alle

848 3617 2338 133 hueren te arriveven. Godt danck de hulsche vloote salvo is. dat

848 3755 2224 105 ue de noodige ordre gegeven hadde om mijne gearriveerde

857 3839 2313 168 packen te depescheren is mij seer aengenaem en verwaghte

857 3923 2143 182 tegens satterdagh di'afsendinge daer van te vernemen

833 4044 2369 187 verhopende soo fatall n iet sal wesen als met de vooorgaen

847 4182 2315 117 ade daer is noch een pack DC N22 met 28 dosijntiens

854 4267 2296 109 in sontheran weert ƒ600:- met 83 carseyen vrappers

3356 0 2450 167 det mede wogehest te versonden hercont   el de

3361 77 2308 193 John 2untre is achtergebleven. moete patientie hebben

3364 199 2458 196 het soude wel connen gebeuren datter meerdere packen voor

3350 320 2537 193 my souden sijn gearriveert als d n°23 24 en 25 daer eens

3360 451 2233 138 belieft te doen naer informeren maer en hebbe geen

3366 501 2428 166 voordere connossementen als van de packen waer van ue

3361 604 2489 220 mulde declaratie heeft gelieft de in geleyde voor engelandt

3364 721 2484 182 voorts ganck te doen geven en naer ninsaeme groetenisse

3349 859 571 189 soo Blijve

3279 954 1175 241 London S et stock date

4987 948 718 234 adij 25 Avril 1709

3368 1115 2447 183 i'ay bien receu les agreables vres du 29 du passé et 5 du court pr. la prem=

3375 1261 2406 143 chere vous m'adviser qu'aucez des la achapre 12 p de colchester bayes a

3359 1355 2529 158 13½ et 320 p. p. de plus ce qu'il est bien surprenant de voir 12 st plus -

3357 1463 2524 157 que les dernieres que m'lauez envoyée au tel prix il n'ya pournet moijen de

3358 1555 2414 196 d'en faire mon argent et laurois cent fois mieux souhaitte que

3336 1640 2443 229 n'au rez rien achepte principalement quant vous voyez avancer=

3351 1745 2531 192 la marchandise en prix tout ce que ie vous ay recommande estoin e

3348 1850 2530 189 de prendre toutte precaution possible car il ny a rien qui presse, et

3357 1980 2423 164 ie ne vois pas que les fabriques peuvent rencherir. touchant le

3347 2009 2505 285 prix de smanskins bayes ie ne peu rien dire car vous ne me marquez

3358 2180 2385 212 pas les marques mais si elles excedent aussy a celles que m'auly

3354 2292 2456 150 envoyée l'Annee passe et que ne pouvez accomplir mon ordre

3345 2383 2496 188 au pied du bas prix ne faittey plus rien ayant reccu cette la mienne

3343 2489 2470 182 i'ayaeosy donne ordre a dauttres, mais  il n'y a parsonne qui

3323 2592 2459 191 at achepte si cherque ce la. touchant la vre du 5 du court il va

3332 2703 2499 203 bien que ma remsse de  £210:-:- est acceptee oultre ie craigne

3340 2775 2515 258 fort que ie ne sera encor rien du convoy d'ostende et pour cette raisson

3346 2898 2424 218 ne chargez poinet pr. cette voye ou il fauit estre asseure qu'ils

3338 3009 2480 235 parteront comme ie vous ay recommande. aussij qu'il n'y eu

3336 3132 2451 215 poinct de grain au bord et non plus qu'on ballot dans chacque

3349 3219 2471 212 vaisseaux. i'ay pour le present bien receu vos trois ballots IMN1:23

3336 3330 2453 187 l'esta mineray les draps et ie vous en scauray dire mon sentiment

3337 3417 2174 245 entre temps ie me dit remise op h surnite ste £120:

5048 3568 423 192 adiy 25 d

3245 3565 1116 228 needs W. et S. Coohson

5796 3610 82 163 1

3330 3740 2555 184 ie me referere ales miennes du 811et 17 du court asteur i'ay bien receu

3338 3850 2501 145 la chere vre du 2 du cour faissant responce a la mienne du premier

3328 3933 2401 161 d il va bien que ma remisse de  £200:-:- sur le cheuallier henry

3311 4039 2540 194 furnesse vous soit bien parvenue. i'ay pris notice de la facture de

3326 4166 2460 150 caresces du ballots n°23  mais ie craigne que les

3333 4298 2464 77 tvois ballots  n°23. 24 et 25 seront venne trop tard A n°23
