6133 4461
784 79 2390 150 ende de carseyen van dit jaer alsemael soodaenigh

746 200 2389 172 datter niet ean p van vercoght hebbe½ voorders

744 335 2409 176 soo vraeght ue mij remises dit is redelyeker als te

770 417 2345 237 vraeghen mijn orders en sal traghten p eersten ue

737 515 2396 224 heb restant te remitteeren soo als met dest 90

725 668 2419 264 pr imyn voorgaende gedaen hebbe. sien wat ue

745 779 2305 232 mij leght van de geverfde laekens wilt ue mij

750 903 2346 180 een paxke tot een preuve senden van 30 a 40

755 992 2415 253 halve p. te weeten 2 have  in een toillet opgedaen

748 1155 2429 177 soodat die het dobbel sps maer in een toillet moegen

769 1240 2261 199 wesen ben te vreden van de alder beste loorte

769 1380 2281 172 maer en vallen die naer mijn goustie niet igt

761 1493 2273 204 sonde die voor ue reken laeten sij moeten

748 1590 2314 164 soo breet wesen sonder te raemen ofte te syn

765 1715 2236 145 gerocken als dit coordehen de ordinaidsche

731 1839 2358 157 breede van de dofsens van 25 rouw want die

780 1963 2352 126 worden alhier ten arivemente noch eens nat

773 2059 2326 185 gemaeckt en gecroempen soo dat ue sich

767 2165 2311 153 daer in niet en moet batteeren versoeke: s

711 2304 2465 173 dobbel B illeat op dit stael: 5 dobbel Baurore on

723 2402 2377 135 dit stael 5 d green oft groen schoon couleur

771 2546 2386 130 5 ditto Sead bleu te saemen 20 dobbele ps sen

764 2626 2168 188 een spack met vier carseyen vrappers wel

766 2739 2315 124 bewonden dat men aen de laekens niet en

758 2844 1233 176 can becoemen blijve

572 2920 845 205 Brussel Scharghens

2162 2877 889 264 aAdj 12 gber 175

782 3006 2374 278 verhoyte ue goet retour. hebbe ue goet met dat van

758 3171 2406 258 Lindesens te saemen gepacht en gemerckt IH: uytge

747 3329 2375 152 nonen den fijnen deventer bay die is in dat van

759 3415 2387 228 van der Borght het paxke sal morgen scheytgaen

756 3574 2334 180 en verhope het ue tot contentement sal geworden

775 3651 2274 181 want weest verseekert dat ue bij niemant in de

761 3771 2339 203 weerelt beeter coop als bij sult conen coopen

764 3875 2392 174 en sal in alle occasien alles doen wat mij moogelijck

755 4000 2242 206 is om ue wel te bedienen. oock alser iets van ue

771 4121 2270 145 dienst coemt voor te vallen ende dat ue daerom

787 4244 2314 154 iast niet en soecht overse coeman gelieft mij

3339 103 2421 216 het te ordonneeren en ue magh sich genoech op my

3353 222 2330 182 betrouwess. de facture heeft u aen den voer deser

3349 340 2390 257 bedraen en de wisselg ƒ 432:17. hebt de goetheys van

3335 467 2364 252 met het gene noch open staet daer voor briefkens

3339 626 2309 211 te maeken endie my te senden soo als ue my

3341 797 2229 175 hier synde gepresenteert heeft versoeke het

3306 854 2451 242 selfde au sr. findekens ue swaeger went famire

3302 1025 2533 208 hier oock is ingesloeten en aen wie mijne offres

3332 1150 2423 160 insgelijckx doen als boven voor alle occasien

3331 1265 2395 222 de ƒ400 wisselgelde hebbe op sicht getrocken

3343 1383 2310 242 aen d'ordre de wed. Broeckmans en blyve

3206 1523 1496 196 Brussel michiel vander Borght

4965 1564 696 160 12 gber 1709

3334 1650 2320 221 verhope ue goet retour. het goet dat ue bij

3319 1769 2488 248 gecoght heeft hebbe gepacht en gemerckt . salt

3318 1905 2512 282 op morgen, scheep doen. de facture bedraeght

3330 2005 2504 268 als aen den voet deser in wisselgelde ƒ572: waer

3343 2174 2491 191 voor mij gelieft t a 2 briefkens te maekenen

3353 2305 2445 240 miy te senden soo alst ie goet vint en twijfele

3339 2398 2453 258 niet eent oft ue sal volle genoegen in het goet

3323 2511 2492 215 hebben want niemant in de weerekt en can ue

3332 2637 2438 212 tot dien prot bedienen verhoepende dat het sal

3306 2764 2329 176 aenleydinge maeken om voorder hemiste te

3325 2895 2394 187 maeken en meer saemente comen handelen

3317 2974 2448 266 verseekere ue dat altijdts alles sal doen wat my

3320 3106 2436 257 moogelijck is oock watter van ue dienst can

3308 3220 2444 221 voorvallen gelieft mij maer te schrijven en

3316 3335 2477 258 ick sal ue soo wel dienen al oft ue hier present

3306 3470 2158 175 waere an naer groetenisse soo blijve n

3213 3528 1119 201 mill fan thomas Martin

4981 3614 667 161 13 gber 1209

3295 3644 2480 271 iespere que ma derniere du 9 du court vous sera bien

3295 3790 2535 169 par venue avec la remise de  £250 sur le chevalier

3294 3901 2476 217 furnese faute cy incluse la seconde depuis i'ay receu

3276 3993 2465 233 les trois ballots N1:2:3 et ie les ay examine ensuitte

3297 4180 2466 151 et ie vous prie de ne plis rien acmpter ou m'envoyeer

3304 4253 2458 152 car ie ne liace pterey pas pour mon compte Monsieur
