6100 4440
2120 50 429 153 29 ditto

541 71 1030 184 Brussel Chrissiaen Jegers

744 195 2213 165 hebbe ue aengenaeme van gisteren uyt vilvoren wel ont

754 296 2197 175 fange ende diens volgens in het pack van mons ou s

746 409 2104 120 en ue de 2 deventer bayeen en 1 ander syen gegonde

746 492 2233 161 met het beurtschip hebbe het den facteur doen afwrage

756 606 2180 215 of het een brussel schepper en of he behoore lijcke seo

761 686 2231 269 tificatie heeft als ue mij nostert en heeft mij geantwor

759 839 2238 205 rosihf van ja ick en can net meer doen vernogh

743 909 2227 251 het wel sal arriveren om ue te thoeren dat ick

746 1042 2281 198 ue en alles wille voldoen ick hebbe de  baey

760 1153 2210 241 bj gedaen ue magh seeker wesen dat daer geltae

755 1294 2330 274 toe geve soo wel als aen de deventer bayen s willen

745 1417 2222 244 en andere connen ue tot dun prjs vercoope het

732 1538 2257 233 moete minden soorter en qualityt wesen oft mocte

725 1672 2197 290 selfs bekenon dat daer by verlooren wort en als

727 1826 2213 237 onse vrinde geen destingne in goederen meer en

706 1921 2253 302 gelievete maecke ende het beste goet voor willen

721 2032 2256 293 ten prijsen als de gemeijne soorte soo en coan het

711 2166 2266 246 niet deeren men can wel iets uyt consideratie die

722 2319 2298 210 maer tot schaede te vercoope op die oete en can

735 2476 2243 188 niemant continiueren ick sal voor ualtijts doen

725 2610 2364 226 wat moegelijck is om ue calan de sie te moegen hebbe

720 2721 2384 227 daerom en gelieft mij maer te commanderen ue een sece

730 2845 2343 212 wesen dat bij fadoen ue niemant biter goederen en sult

738 2991 2312 174 vinden nochte beter en conde bedent woorden ick hebbe

736 3086 2206 218 aen mons russel 6 carsijen van stantfels tottene

735 3220 2351 185 Sreuve gesonde tot 23:10 ue can die selve sien beter coop

745 3364 2259 211 ben secker dat ue noyt diergelijcke goederen en sult

730 3478 2255 226 connen coopen gelieft den ingelijde en mons russel

746 3600 1823 184 te behandige en naer groetenisse blijvve

2233 3690 333 192 29 ditto

581 3743 1389 164 Brussel de weduwe van delborght

741 3803 2309 221 hebbe ue aergenaeme van 22 court wel ontfange en hede

750 3924 2226 202 occasie gevonde op ue te trecken de geordonner de ƒ300

751 4033 2327 174 wisselgelde in sbrief op sight aen dordre van jouf de wede

737 4159 2264 146 broeckmans die gelieft te vereeren ick en wete nmet

3350 38 2462 139 wat rede ue can hebbe van te claneg dat ick de groten

3349 119 2388 165 reck niet en wille slayte hebbe sulck aun mons  ue soun

3349 220 2409 187 vrendelyck versocht om rede dat mijne bocke soo veerre

3355 307 2371 158 ten achteren staen door mijne continuelle occaptie

3350 402 2336 185 die ick moete oeftenen ten denste van den ame

3353 504 2375 232 en dat het mij opmoogelijck is by naer mijne dage

3361 623 2321 259 youde affairans te ressenen het is mij leet ge

3344 715 2329 222 want ick en doen liever als asjusteren en effe

3317 849 2410 246 niet houde daer en is immes geen abus oft dessu

3330 944 2331 236 cultijt en ben me alle daege berigh met aencomen

3320 1055 2422 279 lange avonde mij bocke by te houde haelen en sal

3321 1209 2429 276 ue dan van selfs schrijve ofte overcomende daer

3335 1301 2462 268 sprecke de rede van ue claege moetmen het lecht

3329 1434 2356 260 debit en quaeden tijdt toe eygenen en dat ue is wist

3311 1563 2388 262 hoe het nu met ons gael een ider moet doen wat hij

3323 1688 2428 240 can maer het is in einceritijt waer dat men daege

3318 1815 2453 278 lyck gelt toe geven en soo voort gaende sullen noe

3308 1919 2455 252 te uyt scheyde om behoude te blijve ick hebbe presente

3310 2033 2461 257 het beste sortiment van carsenen baeyen laecken devere

3318 2212 2407 211 ter baeyes colchester bayen en flanelle dier in antwer

3322 2299 2442 258 pen te sien sijn en laestaen mons ue soen hier sijnde

3306 2423 2490 237 wille laeten en vercoopen tot schaede selfs om mee

3296 2563 2450 195 collandisie te blijve continueren maer als men geen

3286 2699 2454 183 distinsie meer en gelieft te maecken tussen gemeijn en

3294 2789 2447 315 het alderbeste en die te villen hebbe tot den ps als de

3294 2919 2441 260 gemeijne soo moct men wel patientie nemen tot dat het

3290 3054 2483 264 godt gelieft in beter te verhenderen ick hebbe sijne baey

3273 3151 2511 249 van 16 & die ick niet minder en can geve als 4 sonder

3304 3252 2482 286 delb ick ben genege om ue te dienen en sal altijt doen

3281 3409 2451 271 dat moegeljckis blijve aen ue en ue famille in alle

3292 3636 376 125 occasien

4779 3615 430 209 29 ditto

3193 3651 1188 199 Brussel le omardies de witte

5676 3795 113 75 aente

3309 3692 2469 194 tot antwort op ue aengename van gisteren en can ue anders n

3295 3812 2488 196 segge dan dat een prister niet d van die heer die de ordone

3292 3922 2475 164 moet betaelen mij heeft geseyt die ƒ60 geriet waeren dat daer

3288 3996 2405 186 maer om soude sende met de quittantie ende ordonnantie als ue

3285 4039 2472 176 mij gelieft te caemen besoecke ben seeker dat ue alder ande

5638 4158 139 53 onna

3955 4211 108 48 gen

3889 4211 50 53 os

3269 4189 2488 165 goederen sal connen bedienen oock als ue my iet gelieft te ord

3288 4280 1612 84 dat ue soude comen te ontbrecken blyve
