6133 4452
2205 78 852 207 Adij 8 gber 1700

616 99 958 176 Mons wed. JBmasson

824 184 2299 186 ul cault que la chere vre du 30 du passé a tarde

799 357 2216 97 en chemin puis quelle ne mest rendue j'avatt hier

792 394 2388 194 ie vous surs infiniment oblige pour l'information de

771 533 2279 192 B. ie veu bien croire qui fautt un peu du

780 596 2305 226 temps pour le remettre du suge ausy pour voir

768 741 2413 221 'assortiment quiil vous pranquera. quant l'occasion

755 888 2420 161 le presenteree soyes persuade, que parsonne au monde

777 963 2416 192 ne vous servira mieux m't plus iust prix ayaut pes

765 1101 2418 196 folie assortiment de draps su perfins et commans nouves

797 1182 2326 193 couleure a la mode de 16:12 jusques aƒ31½ draps

797 1291 2392 182 double presse de ƒ9 jusques a 36 pattart flannelles biane

790 1437 2400 188 croiscu et auttres ftannebles de 3a sarges de differe

769 1570 2412 198 prind bayes deventer de ƒ36ƒ42:ƒ45 ƒ54 ius ques a ƒ60:

767 1681 2359 150 carsee blanches et fusettes aussy tienmes couleur

777 1790 2307 226 fusettes et draps tienis d'Angleterre de bas prix

793 1923 2237 192 aussy totis assortiment de draps nous et bleu et

790 2025 2281 185 etlarlatt dhollande et de nre fabrque mais des

799 2116 2382 200 rattinmes d'Angleterre ie n'en vende pas cependant

779 2241 2416 158 si vous souhaittes m'en envoyéer quelques eschantile ion

791 2402 2399 168 et me marques a peu pres la largeur qualire et prix

798 2518 2339 144 d'auray soing de m'en informer let vous enseigner

771 2602 2390 192 on vous les trouverez au plus iust prix ie vous suis

761 2737 2374 165 oblige pour vre bonte de me touloir preserer a

759 2789 2404 242 D'aultres et ie vous asseure que n'aurez jamais bien

767 2944 2397 127 de vous en pouvoir plaindre est autt comme a

791 3038 2077 185 toulte vre famille en touttes occasions

2189 3138 892 196 Adij 9 gber 1709

587 3163 1006 169 Mons Anthoine he foust

788 3215 2404 251 pour responce a l'honneur de la csere vre du cont

787 3384 2400 164 i'ay envoyee la lettre de change de ƒ800:- poir en avois

799 3490 2386 212 acceptation. la marchandise que m'ordonnez de vous

789 3615 2394 148 envoyeer sera dans la premiere barque me rctredy asvenr

765 3748 2428 199 porr Brusselles a lladdreste ordipaire dhenry de Paui

787 3894 2407 166 mais comme cet homme manque a son devoir et quil

768 3976 2369 179 est sij tardit comme nous sommes en perimentes

710 4129 2474 157 plusieurs fors :4 fera mieux demployeer que y. austre

709 4215 2382 130 ponr l'asvenr ie ne doubre pas ou nous ferons

776 4241 2409 158 solus p ensemble que du passe et faittes compte que

3320 83 2299 200 que ie vous serviray tousiours a s: que

3337 180 2385 240 parsonne au monde ne fera austy que vous avez a

3326 287 2425 252 faire avec uu homme pour donner touttes sorte

3337 434 2377 178 de contentement a let fmis. les manufactures

3330 531 2341 219 ne sont que trop bon marche pour le present et

3343 648 2475 214 il ny a presque nien a gaigner desseit in pour nous

3343 764 2232 223 1n pour vous auttres cessendant ily a grande

3287 943 2530 183 disti netion dans taitte sorte de marchandise ce que ie

3354 1023 2388 233 vous feray voir a sa premiere occasion que v:g

3336 1158 2398 183 le transportera p. icy. mesme icela m'embaratte

3362 1280 2418 237 quant on in ordonne la moindre chose et que

3343 1414 2388 233 les parsonnes ny sont pas presentes comme astent

3349 1522 2323 245 rouchant les causeires flannelles croysie et bayes

3351 1640 2417 242 colchesiel. il y en a de different prix et ie ne seay

3325 1762 2392 217 si vous ne souhaittes ct quil y a de mellieur ou

3309 1926 2410 198 de sorte communne cependantie tacheray de

3350 2002 2524 218 vous donner du contentement dant ce que m'aves

3329 2111 2510 235 ordonne mais touchant les draps dousins brun l'oultre

3345 2261 2550 236 ie ne let peut envoyeer avant de voir vos eschantillios e

3337 2380 2360 165 i'ay toutte sorte de marchandise en abondence et

3328 2494 2395 205 ne vous mettes pas en peinne vous en trouverez

3336 2577 2363 189 tousionrs vre assortiment chez moy de draps

3334 2754 2309 163 de livrce comme   est at en palblu brun

3326 2869 2499 178 bleu, rouges et verds j'en ay prest mais de faudne

3323 2992 2460 216 et aufore doibt estore tient expres ie vous salue

3314 3073 331 181 et uy

3252 3119 972 214 add M.W Ibbettson

4745 3118 1030 273 Adij 9 gber 1702

3317 3276 2414 216 beyte ue aengenaeme van 8en 12 deser hebbe wel

3319 3383 2490 223 onffangen met den eersten soo seght ue dat gesooveel

3307 3497 2454 248 packen voor mij siet argaen. ick ben blijde dat ick soo

3286 3616 2564 218 goede reputatie hebbe maer dat en sal mij echter niet veel

3310 3729 2374 208 en caste brengen want ick en geloove niet datter

3293 3874 2446 198 mant en oute quastieren soo weynigh als ick dit

3292 3961 2339 185 baer geordonneert heeft ick hebbe het ue nu soo

3309 4108 2478 181 dich maels geschreven en ue blijft bij de sefde opinie

3305 4182 2159 178 wat sonde ick ordonneeren daer eet

3333 4312 2406 86 packen van vvorleden sae noch gesloeten staer
