6133 4461
747 96 2368 101 oock sor als deere gehadt hebbe ue mondelinckn te vorr

753 145 2410 147 seekeren dat neet van hien dinst maghvoovallen sij maet

765 251 2271 127 en geleeven te schryven ende dat alles op mijn evort sal

745 328 2200 140 uytsoecken en af senden al oft sij hier mesent waeren

747 415 730 156 wsser mede blijve

1959 444 486 134 2t gber

574 494 1015 203 Brussel N: doeese dan

710 471 2447 296 Ick hebbe ue coortelinckse soo veel reijsen gescheven

739 613 2407 240 en immers soo veele schoone prisesctatien gedaen al

739 682 2324 249 genant inde wercet van sijn eygen bloetver wante

740 746 2420 306 soude connen verwachten en salx niet niet voord

724 878 2426 309 maer met oprechte meyninge op dat ue gyne vervalle

739 982 2410 291 affairens soude connen her stillen en ue als vooren, wedere

732 1129 2417 217 maintereren niet tegenstaende en hebbe daer nogt van ue

736 1212 2406 230 antwoort over becomen ue heeft mij belooft gehadt at

713 1338 2332 213 den eersten het syn vervallen briefken van ƒ 279:1½

729 1427 2399 223 wisselg te voldoen bj provisie op neck ick wens te wel eens

721 1567 2415 165 te sien neciproquelijck dat ue genegenthijt hadde voor mij soo

730 1666 2410 168 als ick hebbe voor ue ende dat met dat begenil selkx eens

731 1758 2427 188 geliefde te toonen ende ick sal ue naer rato wederon en

741 1869 2382 204 dit geven en goederen leveren die ue cano magh noodegh

723 1978 2401 205 hebbe om ue calanten niet toe laeten verloopen oock ist

732 2067 2426 219 ue te lastigh soo een somme ien seffens te betaelen betael

724 2169 2439 204 niet meer seffens alsteue gelegen comt oprick van dat briefken

720 2270 2405 174 aen dh Peeter van doch mijn voint ick bidde geeft mij maer

691 2366 2441 221 hier op eens een letter antwoort en weest verseekerti dat cont

721 2508 1075 169 staet maecken op die blijft

2177 2553 323 143 25 sber

547 2620 699 149 Leyden Le Poetre

712 2604 2448 236 bijde ue aengenaeme van 15 en 19 court hebbe wal ontfange ende aende ere

717 2763 2436 155 diteere voorgedraege waer op die een convocasie hebbe doen leggen ende

724 2851 2426 150 daer bij geresolveert dH vermoclen en ƒh: dekens naer brussel te come

714 2921 2429 204 teren alsoo ick onmogelijck niet uyt de stat en coste op hun retour is

721 2995 2438 193 wederom biy comste geweest endoor de presenten gere saveert aen de biut

720 3077 2425 198 het vrij geleyde soo veel in hen is voor 2 maenden toete staen inge va

712 3171 2442 182 het alsoe aen sijn magesteyt gelieft ditto resolutie is door dh vermoclen

728 3267 2403 166 aenstonts aen de gecomitteerde tot gent geadverteert en oock paert

723 3374 2440 140 van gegeven aen di secretais van den heere ge dapateerde tot brussel

717 3460 2372 177 en wort nu schriftelijck opgestelt sijnde aen alle de crediterere

689 3571 2392 185 gepresenteert om te teeckenen soo die in de condocatie present els

701 3701 2460 139 absent sijn geweest gods verleenen dotter mogen expedient en midde

691 3769 2456 138 ken uyt gevonden worden soo alsue ad gelieft te molden om den boede

702 3898 2450 104 ten eijnder te brengen ue inclose voor mechelen is proms voort geene

704 3924 1933 130 gegeven en naer minsaeme groetenisse soo blive

2316 4010 312 127 25 gber

575 4029 719 167 Rotterdam D: Jonth

688 4066 2473 187 Ick hebbe ue aengenaeme van 29 passato met reck van oncosten beloope

691 4184 2448 126 de ƒ 149:13 wel ontfange oock dien van 22 court waer byt ue quanseys

691 4255 2457 112 abus toont van ƒ4118 soo dat het soude alleen wesen ƒ144:15 ick wint

1005 4325 2140 71 a te habte om die ba gatelle ue te betaelen want het en comt de

768 4347 89 47 1d

3343 97 2464 135 op niet aen maer op soo een manuse bedient soe worden en is

3354 149 2414 181 mij de intertie niet in welcke gedachte ick vl hebbe geffriseert

3336 238 2489 159 afle mijne comissien te geven ick wete wel hoe het met het

3349 314 2488 204 verclargen de goederen a costy toe gaet ende datter geane beter

3332 402 2501 192 neotie op saleten voet in is al die als men maer commisse

3331 489 2501 189 en genoh en can becomen andere vrenden dienen n

3339 595 2503 212 des en ue rack schelt vwy aende heerne ick en can ue nic mar

3334 666 2501 250 seggen als ick gedaen hebbe gelieft ue redelijck te wesen sal

3349 764 2499 199 alle mijn spacke met een onbekent merck int toe comende

3344 869 2456 178 doen merckenen aen ue van alls mijne cmisseegeven

3343 955 2446 214 en soo ue niet en gelieft soo moe ick patiente neme

3342 1054 2488 229 en har op verwachte naer den ue conlcatie van reck

3343 1145 2499 236 en ue ed antwoort en hebbe geen advis van des packe N4en

3339 1248 2480 200 s als alleen door ue dat die soude wesen gelaeden int schip jona

3306 1332 2499 234 that Baghwell maer hoe die staet maeckte met londons con

3339 1465 2446 172 voy over harvoick af te coemen en com niet bediencke alsoo

3320 1540 2438 254 hes convoy van londen  a costy geerreveert is of he

3321 1639 2473 233 moet het volgende afwachten ick hebbe oock vernoemen

3334 1719 2490 264 datter present veele vijentlijcke capdrs in tae wesen godt

3314 1840 2490 270 gelieve een ider voor onteyl te bevrijden doch voor mijn

3317 1938 2513 198 deel ick hebbe geconditioneert met im thomas marten voordere

3326 2032 2518 240 partije wegens a ssuranteerte mocte in staen alsoo het eene

3320 2112 2518 283 preuve is en noyt d heere gehadt hebbe met semte handile

3326 2228 2231 217 atwachte deere van ue antwoort en resolectie soo blijvee

4633 2378 387 143 23 gber

3220 2418 919 159 als fax thomas marthin

3314 2406 2445 234 de oe toute ullement en la meenie du 9 du cout vs sera

3314 2499 2534 198 and ie avec remeesde &  284 sur le vallur famere

3311 2645 2521 122 austy celle de 13 avec seconde lettre cependart je nen as are

3314 2716 2446 178 des vos nouve les ou advis demis vs aurez veu p ma demire

3326 2842 2435 145 & jay receu les s premiege lallot N12 3 avec les darisces et

3321 2921 2399 177 Javx de bayes les quelles jal examinez et trouvecaussey a

3327 3006 2328 194 telle sorte de marchandise ne me conveent pas il est en

3321 3108 2508 174 consiece q je n'an as jemais au de si mechant laisne et quali

3329 3212 2499 176 te demes ames de leede m envoyent ils les sont encor une fois

3270 3319 2559 123 adressa et s' ils les bayes de famuel lord q devs ay ordonne

3338 3418 2505 168 dachepter sont de cette calite je vs prie de nre les pas envoye

3309 3511 2460 154 prs gouune cette sorte de R N1C et  21 John maede

3329 3640 2459 98 et henry hirchan je ne les ve pointt cest une pacuxe as

3323 3704 2466 131 peuxe pr la premice sois je vs y dit et je vs dit en cor

3323 3810 2507 153 il one faut de la meillieuer marchardise et laine et bie

3328 3893 2511 134 tine et dres quil y a a trouve dans le payes autresnai

3323 4005 2513 128 il ne m'en fait pas jay eu de bayes de m Cockson de lads

3323 4081 2498 168 de herkan et samuel lord de 8 36 a N42 quelles vaillent

3314 4163 2470 171 bien N60 a l advenant de celless  vs m'envoyez m

3311 4262 2540 139 ene espricuve j'avoir fact venir nes chalands qu
