6222 4449
786 55 2281 68 au premier jour mais re ie n'escay si v& desire trois ps entieres

777 122 2343 86 on trois de me pr v ce que ie vous prie de me marquer siux toutte

783 168 2274 68 ie vous asseure quil n plus  proffitte a faire que gans

770 191 2328 104 nre mannfactures de draps 8b0onairs at bleu aussy drap de dames

761 257 2343 98 car de vre d'homme il n'ont estes a sibas prix et en consequence ien

763 304 2246 98 fait bon pronition pour vre seriice vo ordres seront toujour

744 374 1634 101 punetuellement observe de celluy que ce dit

555 441 1238 115 Rijssel angenegue domesan

2423 426 669 147 adij 11 xbre 1708

769 577 2346 75 comme il yaura sans doubte plus de correspondence et negoet pour la reu

765 602 2355 136 sur vre lle auce nous et n'ayant point TAmis pour m'Gadd resser ie prend

777 693 2252 74 la siberte de vous addresser cette la mienne p recommandation et

755 730 2317 104 toubs convert de mon oncle le Sr Jean Bapt. vander  pour vous

764 803 2336 110 prier de m'informer des marchands soit en dros et en detailtr

756 857 2227 102 trafiguants en vre visse en manufactures de draps et s'il y enk

756 935 2352 102 de vre connoiss ence d'avoir la bontte de les addresser chez moy esper

762 988 2370 128 =ant cette faveur et l'honneur de vre responce ie me dit en parcelles

764 1043 939 127 et touttes aultres occasions

2428 1132 573 145 adij 11 ditto

572 1048 1366 244 Mens Plopse de Codnt

766 1247 2293 104 auant receu l'honneur de la chere vre du premier du courant caufait

763 1348 2312 74 connoistie au Sr. Jacobs ce que me marques anvoy les fraix quee pisauce

768 1397 2302 96 payce pour sortay d'affaire mais ie n'en ay encer pau net responce ie lus

753 1437 2331 114 ny baursy  or donner de vous envoyer p possitle le drap escarlate

771 1497 2349 107 ce que i'espere qu'il aura faiter que vs & l'aura receuspour le present

768 1556 2327 89 ie n'ay poinet de flanelles confor im aultrement ie vous en aurez en

762 1635 2299 78 voyeme en mesme temps  pour vous faire vois que ce n'at este

771 1681 2265 74 g'den claer abus le ballot quirest a brugeelles est aussy marques

759 1704 2346 135 T.D.P. si bien que ce luy uavez chez vous et cela est arreze pr. la negli

752 1813 2336 75 =gence et faute de t Sr. Jacobs comme ie vous ay escript p. mes pre

764 1840 2351 114 bcedente a cause quil m'avoit ordonne de mettre la marque d'en

741 1912 2336 96 des mes ftinie de mons aucerme addresse pour mons. ie ne scay a

771 1985 2171 83 quel dessien. cependant le rien qu il estont marque avec vre

765 2056 2302 90 marque est parte d'ien 20 jours au paranant le vre et lucq ila

756 2087 2305 106 laese le sien a la pasle sans en auoir soing us ques a cxre le

757 2178 2380 91 vre y estoit arrive aussy. apres irestant teuts deuox et d'ne mesme

756 2220 2367 117 addreise le chartierat amine j'un pour l'aultre et voila latfaire

756 2270 2330 115 astair vre grace me marque que vous estes content de prendre

764 2337 2333 87 les ditt dreps, hormes les trois demie p. de pal bleu et la baye pour

748 2383 2355 92 avoir fin d'affaire et me faire plaisir que peut il faire denepp lus

757 2440 2333 94 ou moins, prin eipalement dn si bas prix comme ils sont et d'in

759 2527 2246 59 si bon marche que vous n'en aves eu niveu de vre vre et done

752 2562 2327 87 couleure que est touiours demande principalement a la courque

745 2616 2330 103 vous avez p. chez vous. laissez les partie dans son entrer et ie vous

740 2667 2374 98 en voiserra de tres beauu draps veorde sur vre responce ausit vous plaist

763 2737 2342 90 il me commander en mesme temps si vous avez besoingd aultre

753 2779 2321 101 chosse ie vous aussu pr. la chere vre suy ditte que s'on vous fait oftre

754 2857 2370 100 de tout sorte de mar chandisse a i bas prix mons. vous n'ignorez

779 2914 2311 77 par a moins que ie puis donner et faare ce q'unaultre faites

736 2958 2367 94 donne mais il ga grein de diferen  entre la qualite ie vous pait

757 3017 2373 109 aussie serevir de toutt prix baises deventer de ƒ32:- ƒ34 ƒ36 ius qiues a ƒ60:

775 3085 2333 88 la p bayes de 3 a larges de ƒ 38 ƒ 110 iusques a ƒ48 carisces blanches de ƒ22:-

770 3143 2336 85 iusques aƒ 25:- aussy tout sortte et sprix de bayes commanes surrtont

760 3219 2289 75 ie vous puis assurer que les draps du pays comme noirs et bleu et

727 3249 2364 111 drap de dammes n'ont este mellieur parche de vre dhomme que

752 3331 2376 74 pour le present et qu il u a du protset a faire a u mettre sonargent

771 3390 2348 79 ie vous ay prie et ie vous prie encor d'en prendre re espreuve et ie

764 3441 2349 87 les ferav accomoder et pre parer eppres et vous trouverez que ie vous

756 3479 1737 124 au re bien consiellie qui sues parfaittement

2459 3573 465 126 adij 13 ditto

534 3548 1237 178 Mons Caveufre Masson

757 3647 2333 109 apres vous ayois escript le 10 du court. que i'espere vous sera bien parvenue et

770 3731 2354 93 dont i'attend l'honneur de vre responce pour faire tiendre ci to les 3 ps

763 3802 2367 93 de draps couleur de vosse ne scaschant s'il se doibt estre de presces entiere

949 3850 2141 78 I demie piesces i'ay re ceu la chere vre et ensigitte i'ausfait partir

751 3877 2352 99 . la barque marchande pour Bruspeles a  addrezee de la taiste

758 3951 2361 90 dior a ordinair sept p de draps de pre les deux de mie p auroie

747 4022 2320 82 que sont preter ensemble et nel parroisent a vre pr et re finne

734 4052 2377 106 f lanelles bipene croise dans un ballot msarque d. ie me peu

742 4136 2274 68 mettre l'addvess que e. qm'ordon ne parce que lest pour les

787 4152 2317 124 militantez et de pour quil n'g eux de difficutte a la sortie de

800 4239 2287 83 r  plaira a vre grace de donner ordre a le intl

744 4284 2327 75 citto possible rour la sortie et au eh artier d'aller prondre

4465 0 94 59 290

3348 5 2401 118 edit ballorqe, je me daubre poinet ou rldera de main, je soir a mee

3276 79 2467 71 Rouxelles p. la grace  deu vous poiuvez en mes me temps donner

3326 120 2423 87 d au dittchaptier l'addresse a sons le Baron de qie pour mon

3323 180 2379 75 sper a lentrie de mons ma is quil ne le montre pas a la sortie

3308 214 2488 121 de Bruscelles ie vous prie aussey de prendre escard que le ballot d

3226 286 2439 97 et seulement marque M a ge devsien, et pon pus comme les

3322 324 2392 105 auttres 1.B1 sur vre responce sauraes bon soing pour les draps

3331 398 2367 87 couteut de vose et aeneralement pour tout qu il vous re

3306 421 1646 121 plaira commander estant de bon coeur

3397 498 1278 116 Brussel Henrj de Baun

5056 513 676 115 adij 13 xber 1708

3317 590 2380 116 hebbe ve 3 court gen wegens het laeste paexke gemerght V.B.1B voor

3327 656 2420 102 rekene van de e masson tot Berghen dat eenige daegen al hier heeft

3314 741 2404 62 getardeert ont oorsaecke van de vijaeden die op de vaekt en ronts om

3315 791 2436 87 Brusselen waeren doch dat is toten vertrocken soo als ve hebbe geadvi

3324 850 2432 72 =seert en n iettegen staende hebbe brieven van bergen dat het ver

3305 881 2460 80 wejnige daegewat daer noch niet was aengecomn verhope dat ue

3315 938 2414 88 daet voor de noodige sorge sal hebben gedrvegen ende dat het selve

3315 1010 2411 72 goor na tot Bergen sal wesen ne hebbe te op gisteren wederom

3324 1072 2423 68 met het beurtschap een pasxke af gesonden ooc voor reken van

3332 1111 2420 75 off de wed. masson doch en is of het gemerckt alsoo voor geaende

3320 1149 2467 97 dah alleen met een groote t bidder de daer op genieeft te tetleetele

3281 1231 2464 83 eren en soo spoedigh mogelijck voorts te senden alsoot sij daer jten

3299 1262 2486 97 vyterste veriegen is ende presseert ie sal met verobligeren de blijve

3182 1317 718 182 Ath. f. Lison

4978 1383 569 124 adus 17 ditto

3331 1425 2416 158 nay epte raui de voir p. la chere vre escripte de Brubelles du 16 du passe

3315 1531 2427 113 que . q u estoit bien arrive avec la marchandisse suns aueun peril. 'as

3306 1606 2478 110 Cappresble mesme peu de jours a pres du chartier a qu'il il ma fallue payerd

3324 1658 2452 122 pour la voiture a l'advenant de  1246 ƒ 12:10 argent conf me divante

3317 1707 2456 133 qu'il na de charge la marchandise au pardque sealon l'ordre de mons.

3316 1767 2428 123 ore  15 qui l'y 'at a mene. oultre qu'ila plus merite que son accord, a

3301 1821 2484 144 cause qu'il a pour suivi le voyage ius questdans Brueelles n'on obstant que

3300 1887 2409 116 les aultres ne sont peu faire et sont trouve obhae a de charger dans

3317 1947 2466 128 in voorden de puisscomme ie n'ayt eu aucunne de vos noilvelles i'esper

3319 2009 2431 132 p. la grace de dmeu que vous serez arrive de mes me et avec le mes me son

3288 2039 2458 157 theugs chey vous aussy que pour l'avenir nous n'aurons plus iey troubles

3304 2109 2479 170 ansle commerce a quoy la prixe de lille pourra contriouer

3309 2174 2440 140 beaucoup ce que Dieu vieulles. le princi pallsweet de cette la mienne

3293 2200 2431 153 esponr vous prier d'avoir la bonte de me renvoyer le pasport avec vre

3292 2285 2452 134 ae quit quela marchandisse est arrive chez vous pour me pouvoir de

3300 2346 2468 123 charger a cause que ie suis oblige de le faire voir au bout du mois ou de

3317 2400 2448 95 payer les droite de ssortie comme il rous sest commie depuis vre de part tai

3301 2455 2476 131 receu les deux ballots de carisees tients bleu et rouge tienture d'Ang leterre

3311 2518 2423 106 ns frise contenants cents p. que ie vous peu vendre pour 129: etant

3291 2585 2462 136 bleu que rouge. J'ay aupu receu vre bonne partie de bages de venter de

3293 2636 2492 70 cas priex ausse encor uelques ballots de draps pour le reste il n'y a poine

3280 2664 2502 103 dassorti ment qu'il me manque comme q aveu estant ce ie vous

3300 2759 2428 110 prie seulement me commander en touttes occassions et me croire

3285 2788 2434 135 que parsonne au monde ne fera plus son de nrque mon ponr vous

3293 2869 2487 114 bien sererir et pouvoir confinner a vous vendre destant de bon coeure

3447 2907 140 90 s

3301 2955 2026 90 s'il ya quelque couleure de draps que vre a  souhaitteroit

3300 3027 2001 89 bien avoir pour le prin temps ie vous prie m'en envoyer

3270 3069 653 106 des eschantillions

5132 3131 517 133 adij7 ditto

3186 3093 1583 186 Brussel Josephus vander Borght

3295 3224 2411 116 Ick hebbe ue aeggenaeme van 13 court wel ontfang oock hebbe het geluck

3296 3316 2482 82 gehaet van Jaffeue hem inde ten mijnen huisse te hebben ende verhope

3299 3382 2457 69 voor nn byrte sal wet sijn gearriveert hebbe naer van al derhande sorti

3283 3430 2346 74 mente laeten sien ende daer op heeft sg eenige stucken uijt geletet

3291 3457 2485 105 ende midts door het toewaeter geen beurtschepen conmen vertrecken

3291 3532 2454 93 heeft mij beloeft ue rapport te doen ende dat ue mi sal schrijven

3299 3554 2479 121 ende obdonneren wattre gelieft gesonden te hebben hebbe sortens

3299 3643 2367 87 van alder hande mode con ieure laeckens im perganne en gemeyne

3283 3702 2498 75 suaensche laeckens oock geperste noortsche en dosjnnen baesen van

3295 3759 2494 87 ilderhande genrichten carsegen, frisaerden colchester en deneter bayen

3284 3801 2495 93 en gelocke gewegtde laeckens van aider hande conleuren soo als aen

3292 3872 2491 83 ue huysetremcie hebbe staelen mede gegeven die maer geveret op tenn

3280 3915 2501 73 pat a con dhe commen ick sal seer cmeren d'eere van ue catan

3279 3985 2516 91 edisie te mogen hebben ende ve magh verseekert wesen dat niemant

3288 4041 2398 84 int geheel nandt te beter nochte beter coop als ick en sal bedienen

3293 4076 2479 106 int en inste dat ue noodigh heeft gelieft mj maer te comman

3287 4144 2305 89 deven ende ick sal alles soo awiel doen al oft ue hier present

3286 4226 2463 69 waere. bidde oock overcomende me gelieff te commen vesoecken

3291 4289 2290 75 ende ue salaltijdts iets vinden dat le sal aen staen die s tijve
