6060 4445
678 67 2353 109 Brusselles vre piesce de flanelie blanche superfinne croisée

696 151 2226 84 et une baye fine denesster portant en semble re change

670 192 2363 160 ƒ121:3½ de ces basyes commphes de menter ie ne n ax plus et ie

650 265 2379 146 n'ay pas aussij de fianelles tientes covre engetillon puis

668 368 2363 105 que ie n'en at passles draps les prix de slane les les carless est

677 428 2301 132 a 26 pattars la les finnes i'ay aussij de superfinnes bayes

664 497 2397 182 de wemter large a 144:- pattars la piesce ir:9 en au oit besoing

664 624 2342 129 comme aussy touttes sortes de carizces blanches couleures e

661 681 2268 149 bleu et rouge comme aussy de baves et frisettes a tres bon

667 731 2281 160 marche et tres belle marchandise j'ayaussy on bon

664 845 2380 150 assortiment de draps commins de toute sorte de couleures

667 920 2395 178 et prix aussij de draps fins i'au pour le present vne ou desix

677 1013 2373 164 piesces de draps gris de fer blane conform vre eschantillon

651 1066 2359 169 de 11 l'autle i'ayansay enchemint de draps verd ausne

653 1180 2435 168 bleu et pas bleue du prix d'unesceu a ƒ9 aussy en assortim=

634 1289 2407 130 =ent de superfins draps escarlats noir blen et drap de dames

643 1352 2280 161 d'hollande et lespere qu'il y aura cette saison bonne

657 1435 2364 185 debite pr. vos carttiers ie suis mary que vous n'estez pas

658 1543 2235 126 contente de bayes commines que ie vous ay en voyée

661 1617 2417 146 cependant ian fait tout mon possible et pour le reste c'est

661 1675 2361 207 n'est pas vre affaire de consequence vous pouvez estre

665 1770 2413 182 asseure que ie fait et feray toutt mes devoirs pour vous bien

684 1879 2279 152 segens en toutes occassions et attendant l'honneur de

675 1947 1285 135 vos commendements ie me dit

2140 2009 52 93 d

2289 2065 580 152 Adij 17 gbre 1707

425 2051 998 172 Leeds n et S. Coocksont

660 2195 2388 121 ma dermiere vous fut le 20 du passé avec remise de £ 130 sur henges furneze

652 2262 2378 93 que i'espere vous sera bientrendue faute ey incluse la seconde depais i'au -

654 2341 2412 115 receu la chere vre du 11 du passe pour responce ie trouve que se lon mas livres

654 2429 2245 97 il vous reste pour salde du compte o £410:9:3 que ie vous remette cy

664 2492 2412 97 incluse comme au pied de cette cy annere ausy extraiet de nre compte com

662 2583 2375 83 ie le trouve ne donbtant pointt n vous en lerez contents et ferez le salu

670 2642 2338 95 auce mois sur vos livres conform adiustante iusques a ceiour ce qu'il

672 2710 2375 103 vous plaira m'adviser ie ne vous rabatte que quelque fraix particuliers

663 2779 2391 94 que trous me portez sur le compte courant pour le reste toutes des parties

665 2842 2348 114 sont lonormes et vous le trouverez ainsy il est asseure que mon quis

531 2907 2461 148 a dattere  a charge mon compe bien 4 nour cent d'auarie sur les

681 2988 2329 113 Ballots en dommage comme ie vous ay advise en son temps oultrez

673 3064 2388 120 i'aj des draps gattee mr. Wellens at eu dans ce mesme convoy aussy des

659 3146 2319 127 ballots en dommage et encor d'aultres et  m'on dit qu'vs les ont

662 3223 2394 110 toutes vendue a prix court pour compte de leurs tmis qu'ils estoient

665 3282 2341 137 oblige pour l'Asseurence comme vous cependant ie ne l'ay vou liu

672 3365 2379 123 faire carie ne souhaitte que de  d'agin avec mes stis comme

671 3444 2332 125 ie souhaitte qu'ilss font aussj a monesgard pour moy de plus les

655 3536 2354 109 premiers ballots de draps dont achepte fort cheres comme vous

668 3608 2283 124 so seavez et dont ie perderay gros apreset ie vous puisdire de

661 3718 2406 99 mesme de ballots de carisees et bayes carelles me restant touts

662 3789 2372 96 sur les bras et il est vray comme iie vous ay det asteur sourent

671 3865 2347 93 assez ie n'ay veu de selles vilainnes marchandises de ma vie

670 3947 2316 102 parlonnel n'enoreut achepter et outtre queie n'en peu pas

659 3990 2406 145 debiter il est cause que ie perde ma reputation et mes chalands

662 4131 2332 92 dians toutes les cariscez que vous m'avez envoyee mesme de

642 4159 2347 142 ceux de 34:6 qui est cher assez il ny en apas vre pies a

657 4296 2292 78 propre pour vende blanches elles sont d'vre de l'ouwne

3359 6 2390 142 wonser elst de ne a le sacrre en qle es pout ss case du d e preie ce

3353 60 2421 156 tellement conditionée que l'on n'estt pas capible de distinquer le de

3356 177 2431 96 dans hors les dehors en  mot eet c'est generalement ne fabrique

3347 277 2381 74 qui ne contrient point d'estre envoyée dit debite dans es ps icy

3353 313 2356 93 que voulons nous cossa faita non est re medie. vosue havez bien lqte

3348 402 2440 72 m wellens fait grayn de di ficulte ance m. bbbetson et qu'il laisse

3365 434 2363 101 toutes les balliots de bayes et surisces qu'il luy of envoyée pour son

3348 499 2424 93 compte et qu'il ne pretende d'en accepter aucun moy comme vous

3350 582 2437 90 voilez ie fait le contraire et ie ne sot faitte que de continnea nre

3350 633 2372 94 coresponse nre et stonitie et finir a la miable esperant que vous

3354 689 2323 125 preederez esgard a  toutt ce que ie vous dit tey dessus et que

3351 766 2443 101 vous aurez bon soing et esgard pour me quarantie et des int reser pour

3343 818 2431 103 l'avenir dien reculle que nous pourons commencer le compte

3326 898 2468 105 nouveau poux l'Anne a ven irrance plus du succez i'espere que

5521 954 89 62 m

3363 946 2428 128 vous ne parderez pas dans la derniere flotte de Rotterd: quelle

3353 1060 2403 107 af este a macheureuse et le bon dieu den consoter les intresez

3348 1105 2443 118 et sur faire gaigner le double i'atten de l'honneur de evre responce

3354 1176 404 110 et mo det

3339 1196 2410 147 remisse de  £110:9:7 a sences sur le s henry furnesse in

3330 1314 2006 139 London pr salde du compte cy dessus mentionde

5056 1479 614 119 Adij 17 gber 1707

3134 1434 1029 201 Leeds James Gbbetson

3339 1602 2418 111 hefbe ul. op 20 past. en 7 court largo gheschreven doch tot noch toe gheen

3361 1676 2415 87 van ul. aenghenaeme becomen ick en twijffele niet ooft die sullen ul

3347 1716 2447 128 wel sijn gheworden ende ul. sal daer oyt hebben mijn intentie verstaen

3347 1800 2471 120 ick moete ul noch andermael pr desen seghen dat om de menighemt dighe

3362 1890 2443 85 clachten die over de goederen daeghelijckhoore als mede die due ghelijckx

3347 1947 2459 86 voor mijn ooghen hen dat te mede ben genighe goederen te ordoneren

3356 2007 2443 102 want het is seecker datter noudt soo slechte goederen als teghen woordigh

3339 2086 2431 96 naer dese quartoeren en sijn ghesonden ende ten sij sulen doorlen

3347 2156 2415 94 andere vrienden conditite worde gheredreseert soo hebbe liever en

3357 2217 2446 106 veele met mij de negotie t'abbandoneren de facture van de packen

3355 2278 2422 103 onyen door ul ghesonden hebbe naerghesien  dochen kenne gheen

3349 2348 2462 108 van de mercken oversijleminde met nhenoodtsaeckt ul t'adverteren

3347 2424 2468 105 dat ul. die niet en ghelieft af te senden ten sij dat het de alde rbeste

3347 2507 2474 105 soonte van bayen is ghelyck nu voor desen plachten t hebben want

3341 2563 2425 100 ghelijck ul. hebbe gheschreven sande andersints verobligeert sijn

3330 2659 2471 126 die voor ul recken te laeten want ghemeyn en slechte goederen

3346 2719 2458 103 en can ick niet vercoopen ul weet wel wat die cultijdt en questie

3336 2785 2483 141 dat er met m. wellens heeft tot mijn leedt raen en can met mjne

3347 2850 2384 126 vrienden soo niet ageren en daerom wille ul. van te vooren

3334 2935 2480 117 adverteeren want ick en soecke niet anders als met ul. te handelen

3337 3018 2477 121 ghelijck ick wille dat ul. en alle andere vrienden met mij moeten

3308 3077 2499 162 doen ick en dencke niet dat ul can qualijck nemen dat vl large

3340 3171 2418 128 mijn intentie te kennen gene sijn de bayen wel die ul ghecocht

3330 3260 2492 126 heeft ghelijck mijn ordre en intentie is aet die pr eerste ghelegh=

3328 3344 2474 121 eentijdt ue comen en als ick ondervinde dat ul. mij wel bedaent sal

3329 3396 2357 121 me ul sontinneren en vooders ordre senden want ben ul

3353 3465 2468 157 partienlier gheneghen en soecke hever met ul- als met andre

3350 3567 2453 96 te negotieren doch ul. moet selfs tekennen dat het redelijck

3347 3650 2493 119 is dat men sijn intrest daerby moet vinden men seght dat de

3348 3719 2428 108 en perientie doet leeren ende dat hebbe ick dit jaer wel

3329 3843 2431 87 ondervonden het en is neet ghenoech te noteegen dat de

3340 3896 2453 127 goederen tot soo goeden coop en prijs bennen in aen dan

3333 4017 2421 86 behoorde men te noteeren de qualitijdt  de

3323 4087 2508 115 goederen als mijne vrienden imij adviseren dat de goede

3316 4165 2455 111 tot soo laghen mert wesen en dat ick mijn ordre sende

3333 4254 2341 114 dan verstaen voor die prys goedten denghsaem goedt
