6126 4434
2334 55 674 144 Adj 13 Juliu 1709

613 64 1315 178 halle nicolaes van den Berge

802 142 2320 150 ick verhope de continnatie van ul. geson tijdt benevens van hoff

801 260 2282 116 hem inde ende gheel ul. famillie ic hebbe ul. op 24 meglaest sar 20

781 304 2263 143 gesp wegens de comissie die ul mij hadde gegeve om eenige wee

781 369 2361 147 pennengen in te voorderen als daerbij vermelt ick en twijffele niet

781 473 2297 95 oft d mijnen brief sal ul. wet syn ter handt gecomen habbde al

787 507 2298 139 verwacht dat helft ul. Bem inde oft is al eens soude hebben over

777 583 2377 125 gecommen te can wel considereren dat de legers die in ul. quaertier

768 669 2389 96 geweest hebben sulcx hebben belet p dedre heeft mij op negen

763 708 2410 135 deser voor ul. reken getelt eenhoudert drij en negent ign geldens seven

778 823 2295 83 stuyvers wsselgelde en gevolge de quittatitie hem mede gegeven

786 891 2272 80 ick hebbe ul daer voor en reken gecrediteert ick wille dencken

754 944 2295 103 dat uk oft isa  sen inde nu voor het winter sasoen niet en

768 1021 2304 120 sal ovefcommen mijn huys blijft eens voor al de presenteert

780 1083 2329 104 voor logement doch in gevalle ul middelertijdt eenige soorte

784 1137 2295 150 van goederen quame te mankeeren bidde laet het mij weten

776 1249 2288 82 can et present van alles dienen want ben en st

785 1306 2370 107 wel voorsien van alle soorten van versche goederen versooge

792 1350 2131 113 oock tegens dat ul. overcoemt mij van te vooren te willen

762 1412 2285 146 advertteren ende te schrijven wat geneorde goederen en wat

780 1520 2301 94 couleuren dat ul sal noodigh hebben sal dan van d'alder beste

794 1600 2281 97 soorte van goederen doenverven en op ul. staelen appaert

797 1628 2150 129 houden mant het goet dat wij op den coop gereedt hrden

777 1734 2349 80 maecken en doen verven voorden gaenden man en is niet

787 1764 2342 112 van de beste soorten omdat de menschen tegenwordigh maer al

754 1852 2365 124 den goeden coop en soecken en die de slechste gooederen heeft

777 1912 2288 121 en maer goeden coop en geeft die can het neest vercoopen

788 1980 2361 119 en ick ueere wel dat os sulckx niet endient ick sal in alle

795 2072 2314 113 occasien toonen dat mjn uytterste beste doen om ul ten beste

788 2133 2203 143 coop mogelijck en opt uytterste wel te bedienen en naer

792 2223 1563 120 cordiaele groetenisse aen vr et blijve

1996 2254 772 161 Ady 16 ditto

565 2285 772 166 hier Jan de sinder

786 2324 2307 218 hebbe ue brief van 14 deser ontfangen met een briefken

764 2461 2279 170 van ƒ 350 colurant op de wed. ocqueel die het selve heeft

771 2590 2327 123 voldoen en hebbe ie daer voor gecrediteert de rest advis

779 2679 2357 164 dat weele versche goederen hebbe geariveert en presentatie

794 2783 738 149 van dienst

2125 2853 302 148 16 dito

600 2887 1092 169 mechelen de wed Cangeraens

775 2932 2360 218 tot antroort op te aengenaemen van 12 court ick hebbe ue voor

788 3045 2327 160 heden saterdagh gesonden met het beurtschip op mechelen een

781 3166 2308 146 parcke gemerctW:L daer in eenen rooden frisaert een roct

778 3225 2323 199 carseij een blouw ditto en eenen coffe bedraegende te saemen

761 3359 2321 165 en wisselgelde ƒ146:10 als aen den voot deser ick verhoepe

771 3484 2294 178 dat ue het selve wel sal hebbe ontfangen en tot contente

798 3559 2339 197 ment sult bevinden ick en hebbe ue geen baey gesonden wan

792 3666 2298 184 at want ick en magh niet dan met den gheele stucke

790 3822 2355 163 vercoopen en daerom hebbe den rooden frisaert moete

804 3935 2315 165 sael senden belieft ue eenen sweerte ende eenen geelen bay

782 4011 2331 173 gelieft het mij te schrijven en staelen te senden sal die

602 4176 2565 144 seer net doen accomo denen oock oft het gefriseert moe

785 4232 2380 141 wesen ofte met ue sal caltijt onderv dat ue nn i

3393 74 2412 99 beter  goederen en sal senden ende naer de qualit

3392 125 2393 216 tijk dat ue oock niemant beter coop en sal dienen hebbe

3386 258 2414 213 goederen van alle prijsen ia selfs carseyen die wit niet

3366 361 2463 202 minder dan ƒ25 en vercoope de coulura ƒ 28 de roode

3381 475 2461 223 ƒ33 de blawe ƒ23 maer dat is exellens goet soo van schoe

3403 579 2328 212 die breede als van deught gelieft ue soo eens eenige

3362 697 2460 254 stucke met gelegentheyt tot een prieve ue sal selfsmoe

3381 829 2375 212 ten bekennen dat die soorte meer het gelt weert sijn als

3392 954 2383 241 dat gemeijn goet als ue iets noedigt heeft gelief mij maer

3368 1102 2463 230 te commanderen ende  schrijve en ick sal altijts mijn

3363 1211 2480 240 beste doen om ue wel te bedienen en om ue calandiseete

3375 1345 2330 267 moegen hebben den boeden h. hewell heeft mij de ƒ 68

3371 1472 2442 267 russel gebde geteft in gevolge sijne quittantie die hem

3371 1623 2000 261 hebbe mede gegeven ick blijve naer groetenisse

3260 1761 2066 254 Londen Japer vanden Russche 16 Jul„ 150

3388 1919 2382 206 bij de ue aen genaeme van 21 meiy en 15 pas syn ij

3347 2032 2467 249 het sijnen tijde wel geworden met den laesten een remise

3372 2153 2445 194 van 1 £100 op william de febere gent in antwerpen e

3350 2294 2480 177 betaelen van 15 pas  acht doegen waer van de acceptata

3345 2377 2477 201 hebbe becoemen de wissel op costij blijft hier sedert een ge

3368 2499 2351 200 repmen tyt op  33:5 yos in amsterdam en is mede

3362 2633 2406 210 geene  betere avantagie soo dat wat aenien om ick

3361 2752 2460 221 af te geven in de wolle goederen en is geene avantagie

3377 2836 2413 200 te venden van met hier niet en can debiteren al stot

3370 2968 2432 210 schaede daer en is geene occasie om te versenden want

3344 3130 2488 170 wy wjonge ste den aen desen kan hebbe en het lantwort

3345 3239 2476 214 gans bedorven door de machtige leerger van weder kant

3330 3345 2501 177 het is bij ons eenen beduckttijt en seer slechte negotie

3345 3461 2335 218 geverael in alles dat wenschemagh beteren blive

4598 3577 730 180 16 July 1706

3219 3607 1087 165 Rotterdam Jaques meyers

3321 3704 2482 180 sien bij ue aengenaemen van 13 court dat ue mij dige

3342 3829 2336 182 arriveerde packe par different schippers op het

3319 3961 2478 140 spoedighste sal toe senden dat ue p desen andermael

3345 4058 2484 114 vor man dinen en versoeck alsoo der eenige by provite

3329 4124 2488 133 vercoght hebbe en moete leveren voorders datter dit

3338 4249 2229 117 terente boorte onder wesen die mij mancken
