6133 4461
825 94 2337 159 ce quiil s'offre pour p service ie vous prie

778 183 2420 235 me commander et attendant responce touchant

783 336 2373 195 cet deux pieteet de draps rouge et verd ie me

805 510 2329 172 dit vous souhaittant les bonner faisses

2207 576 980 187 Ady 22 xber 1209

588 590 1331 226 Brussel Joannes Beeckmans

786 692 2408 243 igh en twijfele niet oft mijn brief van 26 gber sat

783 833 2434 167 ue het sijnen tijde wel sijn geworden. oock het paxke

806 937 2395 231 met de dry spaensche lasekens ende den bay ue den

799 1057 2395 207 20sten ditis met het beurtschip afgesonden ende dat

796 1175 2418 215 ue die naer syn volle contentement sal hebben

779 1315 2398 172 bevonden want het is de sleur up alle mijne

785 1441 2341 201 packen uytgehipt dat voor niemant in de

749 1551 2446 163 weerelt  soude willen doen dan ick verwaghte

790 1708 2314 118 en hoepe dat het in leydinge sal geven om

800 1775 2284 209 verder kennisse te maeken en meerder te

792 1908 2409 153 connen handelen sijnde in alle occasien tot

788 1991 2356 200 ue dienst en ue verseekerende dat ick altijdts

779 2164 2436 138 alles sal doen wat ue van een heerelijck man

780 2278 2439 127 soude moogen oft connen wenschen om d'eere

793 2346 2403 167 van ue een ue vrinden calaudisie te moogen

782 2504 2400 166 onderhouden biddende maer in alle occasien

776 2572 2194 184 mij te cmmandeeren ende te coemen

800 2678 2313 183 besoeken. hebbe ue met mijn boven  brief

782 2781 2391 188 versocht van voor dat parteyhen iusgelijckx

789 2900 2416 193 gelieft een briefken te maeken en mij tocn

687 3010 2520 187 lenden dat ue andermael van herte versoeke

794 3143 2414 167 om alsoo mijne boeken met de se heylige daeghen

798 3258 2401 129 eens connen over te setten ende te advisteeren

751 3354 2188 186 het versochte afwaghtende soo blijve met

758 3459 2443 189 wenschinge vant saligh aenstaende hooghteydt

772 3568 2436 200 en nieuwe jaer met balle soorten van segen

795 3687 2025 214 tot contentement en saligheyt

2467 3815 441 144 23 xber

571 3783 866 217 Leyden de Poetre

797 3892 2376 247 sijn Ed. aengenaeme van 12 court en is mij maer op

776 4043 2413 152 20 desavouts behandight, daer op is gisteeren eene

788 4176 2413 97 convoeatie der generaele crediteuren beroepen ende

780 4257 2425 143 aen de present wesende, sijn ed prissive voor gedraeghit

3273 109 2502 179 die geresolveert hebben en gecommitteert t Jacques

3333 237 2436 162 cloegh om naer ghendt te vertrecken met de puck

3315 318 2432 214 te spreken endessich te informeeren ofter middel

3337 475 2505 181 En d de ick tot een accort can uyt gevonden worden

3327 527 2410 205 ende soo met dat men op syn weder coemste aen de

3329 651 2502 176 marestijdt requeste sal presenteeren tot ontslaeringhe

3317 761 2470 189 van d'en bergh van Bermertigheyt soo als syn dp

3303 870 2559 203 sijne midtue gelieft te melden can sulckx geobtineert

3281 1002 2549 218 worden soo sal die affaire haest een eynde connen

3314 1108 2543 236 hebben doch de vrinden van hollandt moeten de handt

3322 1224 2381 212 aent werck stellen principael omdat acces bij sijn

3327 1348 2499 231 enee. den hiere haer hooghmoogende gedepsteerde

3325 1472 2305 184 van den Berghen hebben die wel principael dat

3283 1594 2400 194 faveur aen de geintresseerde can obtineeren

3328 1711 2442 173 dande re spunites van de procuratie iute trecken

3335 1817 2464 242 gesaementlijck en vier nieuwe gecommitteerde

3304 1952 2515 186 tot ghendt te stellen syn mede overwoegen en veele

3308 2110 2493 169 hebben daer op geantwoort dat sulckx de affaire

3330 2201 2261 183 noch meer soude connen brouilleieren en in

3313 2301 2526 217 proces brenghen. voorders de Buck in den winckel

3305 2410 2540 230 onder toesicht te stellen soude mede alst voorgaende

3326 2549 2532 171 wel dienen rjpelijck en met goeden raet overwoegen

3321 2633 2432 203 en geconsidereert te worden naer ons duncken

3294 2757 2382 199 als de generaele crediteuren soo van hier als

3301 2850 2344 213 helandt malhanderen verstaen wilen ende

3306 2945 2456 194 gesaementlijck de handt aenhouden ende een but

3291 3069 2477 201 voornemen dan is het waerschijnelijck dat men

3330 3190 2331 135 daer noch een goet eynde van te verwaghten

3321 3276 2427 188 heeft dat anders alles sal onveer loorsen ende

3335 3408 2367 139 toft niet coemen het werck sal veele moeyte

3330 3490 2312 166 costen ende daer dient met groose toesscht in

3314 3628 2551 125 voorts gegaen te worden ende omdat te beloopen

3314 3711 2440 159 moetter nootsackelijck een persoon aatgevonden

3320 3832 2529 133 worden die de eapaciteydt heeft ende mede den

3310 3890 2461 212 tijdt om het selfde te achter volghen want temant

3290 4014 2574 142 die in affainens is en can sulckx om moogelijck niet

3326 4105 2530 159 ten rechten brenghen. ick wensche ue het saligh aenstaende

3335 4201 2504 147 hooghteiydt en nieuwe paer met alle soorten van enedictie

3340 4283 1278 107 en blijvee van hebten
