6225 4452
1270 84 81 84 Els

2141 61 862 198 Adj 16 xbroi 1709

628 79 1089 161 tournay madmon de Baste

814 170 2251 155 le changement estant venue plutoss: q ois avons era lors q ns avond

835 323 2301 115 eu l'honneur de vs voir p' icy au mois de may pour va sans doute eon

833 366 2229 120 trebaer a renouveller la vielle connoissance et corres pondane et

813 465 2250 150 come v: q a bien voulu m'assurer et me persuader en ce cas la

813 543 2197 129 de me recommander a vos amis et d'autres tratiquants e

820 594 2286 171 maniuffactures de draps je prend la leberte de vs en faire sou

794 714 2205 161 venir p cette la mienne aussy vs prier me voulour faire le

810 775 2220 198 plaisir de me donner p notue les amis avec les quellee

809 902 2243 175 pourroit negotier sans crainte enfin q je leurs peu faue

816 999 2223 134 mes complements et offres de mes services vs 4: mobligera

800 1061 2230 220 fort et en touttes occasions q je vs puis estre ietile p aes

810 1150 2247 188 q uartiers di g pourra panellement des gooser de sonsar

819 1266 2271 172 viteur yestere, q le bot dieu vs aura preserve du donmage

822 1351 2208 199 et malheus aussj le famille et conserve en bon ne sante de

817 1497 2071 152 q me fera tres agreable d'apprendre astart de bon coeur

1933 1570 468 131 6 sber 1709

610 1610 514 119 Mons masson

806 1615 2109 220 lagreable vre du 4 court mest bien parvenue la pies ce de

820 1746 2213 132 colchester baye est payeble a ƒ 38 et ie ne l'ay pas mis sui ue

806 1853 2210 115 compte come v g m'at ordonne il est vray q jestois surpris a

812 1917 2220 166 v: g. ne tire pas de marchandise car cest contre vre ordenaire

809 2003 2234 168 pendant cette saison e seay fort bien quil y a peu de debit cepen

805 2072 2184 157 dant il manque de temgps en temps quelque assortements dans un

799 2223 2232 118 boutique il ve de mesme p icy ns somes sans negoce et l'argent

793 2272 2257 135 ne roielle pont non plus en un es on p'a veu de vre dhoonne

815 2364 2238 111 un si pau vre temps a moins q le bon duuns donne la paix et

805 2475 2216 145 of le pays se remette ns some ouinie ter touts touchant les lettre

802 2566 2246 136 de change sur paris il est presentement a84 p icy vayez £:219:

779 2684 2252 124 pries faire compte ce vs prie de prenre esgard q ons ne pouvous

795 2731 2320 130 nesotier de lettre a moins quelles sont faittes payallle enes pece

818 2818 2251 138 dor ou d'arsent et point de tout en billeett de monoye jay re

803 2901 2244 110 ceu encore partie de draps nouveieux superfint eto ommans

798 3000 2282 119 de touttes sorte de couleures et jay un assortiments de touttes sorte

807 3114 2319 114 de marchandises q je nen ay encor jamaisee pareelle come

808 3155 2307 157 ay marque p ma presederte en sin il ne me manee ren ala

803 3248 2266 125 bonne debite et l'honneur de vos commendement quant t' occasio

804 3361 2210 155 se presentere vs assurant q pus serviraz tousjours a si j

799 3433 1816 173 pris q persone d'autre ne fera je vs salue es suis

817 3514 2351 143 ayez la bonte me marquez en amis comaent quil vas avec bas cou

777 3610 2396 120 letre je lus pourroit donner du pre dit ar il em ordonne une pastie

811 3698 1944 142 de marchandises et je nay encor jamais fait avec les

2047 3758 495 131 6 sbre 1708

605 3753 601 147 Mons bassecourt

807 3838 2355 143 je vient de recevoir la chere vre du fcourt avec une eschantille on

803 3908 2368 152 cette cxcleur doit estre teiite expres et jay de drap au blanc tous tous

791 3994 2364 145 prest ala vat a N9l a et il faut quatorze jours p cette faison tout

807 4059 2266 126 au plus ie les donneros en tientue pr demain touchant le prie de

795 4176 2365 118 caresces il ost le blanches de ƒ22 a ƒ 23 jusques a ƒ24 las super

786 4230 2180 131 fines les bayes selon leur poid et qualité allis de  48 a 50

3378 70 2484 120 ƒ12 moins q la lievre les fennes les comues ƒ 14 celles de

3385 140 2421 121 st a  to ƒ10 moins les finnes et communer ƒ12 celles dels

3366 254 2494 116 38 a  36 ƒ8 moins les finnes et communes ƒ10 celles de  30

3369 310 2440 116 a  28 ƒ6 lesfinnes et communes ƒ8 bayes deventer de tout

3375 420 2396 164 prix selon leur qualite il y en a de ƒ 3642 ƒ48 jas quise

3376 497 2457 176 ƒ54 flanelles de 30 ordinaire a ƒ t0 mandres a ƒ38 et sups

3361 608 2455 194 finms a ƒ48 flanelles a doubler les plus ciuncuses et super

3384 695 2473 204 siennes a 14 patarte moindres a l'advenant flannelles

3367 823 2437 172 finnes croisces de 20 pattans jesques a 24 patars tricettes

3390 864 2455 230 de 9 patarts pesques a 10 les meillieurs jay un si beau asso

3362 984 2469 189 timents de toutte sorte de manu factures quil yat a voir dans

3363 1077 2496 225 tout le pays aussij de draps superfines nouv elles couleure al

3362 1216 2463 146 ode de tout prix de ƒ 6:12 ƒ 61 ƒ5:10 ƒ 5: ƒ 4:10 ƒ4: ƒ3:18

3370 1292 2403 174 13:10 ƒ3:6 juiques ƒ 3 mais il mest imposible de vs en en

3371 1401 2391 174 voyer les eschantillions car gay j'en cy besoing touts les jours

3365 1517 2310 155 jaj aussy de superfins double presse de 5 4 passars et 488

3372 1592 2442 184 drap de nord de 44 et 42 patars draps dousins de 40:38: a 36 dres

3355 1731 2442 146 golue ie ne daute pas ou p la faison dhiver v:g: aura besong

3370 1801 2391 207 de quelque provision it & conse quice q je pourray avoir

3351 1863 2501 225 l'honneur de vs voir q ics entre temps il vs plaira me com

3353 2015 2434 144 mander de ce quil vs manque je g dimeure vis avis dela

3353 2150 2487 136 porte a la ries de hiddonp et je vs prie de mettre sur les lettres

3365 2218 802 172 cette addresse je suis

4765 2285 366 142 6 osber

3253 2318 1155 150 Mechelen Francois bosselaer

3334 2402 2512 160 gelijck, het wenter jaison nu aen comt ende datter buyten twijffe

3340 2492 2497 98 van tot tot tijt al iets van ue dienst sal voorvallen soo come ue

3334 2591 2491 126 adviseren dat alle de versse goederen gearriveert wisen ende dat uk

3334 2656 2529 160 van alderhande soorten schoone partje hebbe ontfange soo spansche

5770 2763 95 78 ƒ12:17

3342 2755 2498 138 laeckens als geperste frisaerden carseyen en bayen van alle gewich

3352 2870 2496 120 deventer bayen en colchester van alle prijsen ue sal buy teshrijff

3360 2942 2478 141 al eens over com n ick verseekere dat ue sijn sortimen

3345 3064 2396 123 bij mij sal vinden evenwel oft ue midde lertot icts te var doen

3326 3150 2462 132 hadde gelelft mij maer te schrijven en iet sal in alle occasience

3337 3222 2008 117 viel en ten uytersten goeden oop bedienen die blijve

3243 3317 521 149 Leeds Coockson

4865 3313 315 155 9 sber

3297 3401 2559 159 je ne doite nullement on ma derniere du 21 du passe as sera ber parsencee

3333 3504 2503 187 en son temps avec la remite de  200 seconde lettre la prenmie de a

3347 3572 2498 140 te es maine mess jolye Bassoline payable le 10 cour estant de main depu

3352 3641 2491 165 jay recu la chera vre du 3 r pr la quelle ie vous q vos amis nont astire

3322 3670 2478 189 les 200 ie vs prie a donner cette ordre ayant receu cette la miinne

3335 3780 2500 117 il na faut pas a usaree mais quil tirent a veu come ont fait mes ames

3332 3852 2491 128 de londres q les derniere lettre a 3:9 car il est jelus praisonnell

3320 3922 2459 96 q je ve pourvois dargent mais je ne peut pas faire ce  e soufaitte

3327 4009 2512 145 bien carsi ie vs remette ausence il ny a point de lettus iy moins de 89

3338 4083 2526 147 tellement quil faut ieux q vs faisiez tirer a veu as  £200 of entre rempsie

3334 4164 2436 104 ie puit tout ce q ie peu  trouver de lettres ce court ter me mais le

3304 4250 2500 41 change est presentement doit desavant agieux icy sur touts qualcere

3341 4292 2395 94 ce quil procinne q l'abordance de grai q l'on tire dhollande
