6269 4449
2220 0 200 77 210

918 65 2317 102 soo dat wel geerne soude deantwoort hebben oft uel daer iets van

909 116 2205 56 is aenstaende want het soude mj eedt sijn dat die sonder vercogp

903 161 2276 87 hebben als uedaer mede can dienst doen. ue maegh seecker weten

909 213 2280 93 dat ue niemant beter nochte beter coop in alle occasien en sal

907 258 1095 121 bedienen als ick die blijve

2504 319 695 141 edtt 30 Januare 1709

667 322 1248 198 Drussel Guilliam egas

901 431 2272 111 iIck hebbe het sijn en tyde seer wel ontfangue mijn ltydts aengenaeme

915 466 2315 131 van 19 sber 10 gber laesten 25 court tot antwoort wat wilte ick seggen

914 524 2293 127 o de claght en die ue gelieft te doen 2 het en sun niet dan de ghaede

907 584 2073 116 tijden ende het stecht de biet die daer oersaecke van wesen

889 639 2242 138 voor waer nij sijn soo imiserabelalove can wesen want laet mij

857 686 2240 158 doen wat ick witse ick in can den intrest van mijn gelet naet

900 778 2287 98 ninnen het gekepert fian is in senvern met den deven ten

899 807 2245 121 bay geaccordeert a 19 st smcant ick mede immers eenen gulden

898 869 2293 125 hebben ende daer op seyde dat dan het een met het ander soude

881 969 2296 108 laeten sijnde eenen stuyver minder opt flan aengaende den

878 976 2245 160 rooden frisaert dat is niet anders als het abus dat de corte

890 1044 2280 133 geerden gestelt sijn in plaetsche van de lange soo alsve noch

891 1134 2245 130 hebbe ges voorders ue moet maer sun maete hebben ende

893 1160 2249 154 ick maigh ul segghen dat op de risaerden altijdts hebbe geldt

880 1230 2310 150 toegegeven ten sjde tijden beteren soois het om mogelijck

879 1296 2343 140 dat mij de negotie sullen connen onderhouden tet antoort

895 1359 2310 169 nu op ve laesten soo hebbe op 27 court vanden boede vander

896 1430 2110 145 cammen o ontfang ƒ100:- ingevolge mijne quittantie

900 1493 2249 150 hem mede gegeven, ingesloten soo sende ue wee staeltiens

905 1559 2303 137 van crepers te Raeckens accorderende opve stael a 48 st hebben

902 1617 2319 153 oock witte carseyen ontfang van Joseph di seer schoon

903 1689 2224 130 en fijn goet van schoone breede in lenghde tot ue dienste

892 1773 2186 113 als voorders alle andere goederen daerten vttersten

880 1809 2293 135 eel van voorsien ben, ue moet geassureert weden dat ick

894 1862 2271 162 alles doen at mij mogelijck is om recalandisie te connen

897 1963 2304 115 onderhouden ende dat ue niemant in het handt soo goeden

893 2033 2307 113 coop en can nochte en sal bedienen als ick doen over sul

889 2062 2305 139 heeft ue eenige earsegen noodign aft tetsanders gekiefel

888 2123 2141 165 mij maen te ordonneren hebbe ovek carsegen van

882 2194 2265 148 blans taeld doch prefevere die van Joseph Rilley voor de

889 2294 526 132 beste Bljve

2584 2378 545 137 adis 30 ditto

765 2370 1244 190 Mecheten p. oodogne

890 2475 2255 138 ben verwondert te sien byve aengenaeme van 28 court dat ue

897 2561 2243 111 esaeght oneer de drij laeste gesondene carseyen hebbe die af

873 2611 2299 108 gelanght nt den koop daer ue eenps heer sijnde heeeft wert

882 2700 2283 93 gecopen ende mijn volck heeft die soo op een geroltten dde

882 2781 2320 99 versonden. het gebeurt wel, dat d'een stuck som neyten nat

899 2858 2217 77 malder valt als d'ander maer dan sijn de selve wederom

890 2925 2323 96 wat dieker. het waere mij leedt dat ue op mijn goederen

881 2971 2298 119 soude schaede moeten doen als ue op dat blovne carsey

893 3040 2336 114 en can te recht commen een stack is enmers geen affairen

881 3114 2290 95 iet sullen ma let anderen wel verstaen want ue het niet

866 3184 2236 97 dat ick genereus genoech handele want de blouee

874 3232 2349 116 car seyen en gelsche verfve die ue tot ƒ 27:15 hebbe vercoght

894 3292 2295 118 sun ommers meer neetst ende ietten avaneere daer op

889 3379 2248 120 geen int rest van mijn geldt om ue aen te taelen n

882 3450 2265 101 werder kennisse te connen maecken sijnde in alle

886 3519 445 128 occasien

1541 3578 145 85 de

2549 3601 445 140 ady Ditto

675 3629 1434 152 Mecneven de wed. Betram

894 3706 2351 110 tot antwoort opue aengenaeme van 26 court wegens het carmosije

889 3806 2348 82 laecken en hebbe in scteer itijdt geen m inder ordre om te moget

885 3847 2349 76 laeten als de ƒ5:12 sijnde den naesten prijs die mij gelimiteert is oft

894 3904 2308 103 soude anderts de restmoeten op te ggien op dat d. ue soont

890 3955 2208 96 mij gerecommandeert hadde de braeten hem ter handt te

873 4041 2208 92 telen met de prijssen sou als die te eenen oft te laeten

902 4057 2316 127 saude neeten, soo hebbe het alsoo gedaen ie waert dat die

893 4148 2354 100 minder hadde moogen haeten soude het hebben gestelt want

898 4200 2327 91 ick sal mijne calunten immers prefeveren daer ick maer

711 4254 2495 103 en sigh pel prouisie van trecke om ue voorders te

3434 64 2363 72 vol doen, ick sal met dierste gelegen tijdt aen mijn grient op

3427 103 2314 98 hollandt schrijven dat mj soe veel voot dat laecken geboden

3411 132 2448 116 wort ende dat geen cans en sien om daer meerder van te maecken

3418 199 2429 103 en ingevalle hat daer mede te vreden is, salt ue in sin ceritijet advis

3418 291 2385 59 =seven en soo opve reken stellen ick en can im metsn het meer

3420 296 1448 115 doen alsve gelieft daer te commen

5015 303 811 91 bidde met d'eeve aen te

3415 377 2435 109 doen van naer der te commen ue sal altijdts schoon sortiment

3411 431 2441 103 vinden, ook het in inste dat ue noodigh heeft mit maer te comman

3412 466 2445 138 ederen sal ue altijdts ten ujttersten wel traghten te bedienen

3409 539 2456 132 recommandere my in velgunste en naer cordiaele groetene

3418 620 444 135 soo Blijve

3763 688 116 77 j6

3417 684 2392 150 den bode coulemans comt mij aenstons seghen hij mij voor ue rekene

3418 797 2413 92 sal betaelen ƒ 300:- sal hem quittantie reven en den ve verobligeert

3421 853 416 117 van herten

5097 870 643 139 adit 30 Januari 1709

3307 850 1352 254 Mons a Veufre Masson

3422 1006 2419 120 iresipene que la prienne du 26 du court vous sera bien parvenue p. la

3430 1063 2407 126 quesle ie vous ay advise que vre remese de quatre cents escus sui m

3411 1102 2348 136 madmois hulet ne servit poi net acceptee in payée, comme l'est

3409 1153 2401 127 asteug en effect ce qu'il m'att oblige de la faire predtester et vous la ren

3400 1201 2442 145 vouer en incluse jpuis quelle me voulort en cor delaycer disant quelle

3405 1249 2421 131 en dauntescript et quelle de voit avoir responce ie vous ay marque

3422 1301 2221 148 pr. ma derngere que ie me donnerois l'honneur de vous faire

3380 1323 2520 190 respon ce touchant la marchandise dont 89 se planghe au premier e

3399 1426 2356 142 les flanelles, ie vous les au mes en comote acon prit que ie ne les ay

3410 1446 2427 170 encor vendue de maale pour ceste de 3a large superfinne Elle

3400 1524 2459 149 faut plus que  prixa l'esgard de commnnes et n'est en conse=

3413 1608 2404 122 dien de que ie n'enais ven due essas vre p mesme iey a la ville a

3419 1637 2348 144 mes mellieurs chabands moins de ƒ48:½ celte que e g at eu

3417 1696 2391 137 d'on auttre marchand a ƒ142:½ est la qualite que ie vous ay en

3393 1733 2506 159 voyc a ƒ40 et moy mes me ne les vend p. tout aurs y a ƒ 42au drap

3389 1802 2414 131 rouge de 39 ie n'esprofite non plus que deux patars a l'aulnel

3396 1871 2473 161 il est par fadttement bien tient d'on claire couleur et differe beaucoup

3332 1938 2458 123 en larggns et qualite a ceux don escu il estcertain ane pouvez

3393 1999 2453 121 estreasseure que ne pouvez vous addresser a vre parsonne quiait

3398 2055 2428 116 plus d'en vie on du soing pour vous pasfaittement brien servir

3400 2124 2457 116 que moy. i'ay on soing tojors pour faure choie comme s'il seroit

3395 2175 2366 113 pour moy mesme et pour mettre se tout au plus iuste prix

3398 2231 2268 139 possible comme s'il m.& seroit ioy presente ie ne peu faire

3394 2274 2456 144 d'avantage ie suis cary que ie vous doibt renvoires la lettre de

3390 2378 2378 100 change en protest carelle m'auroit bien venue a propos a

3343 2412 2460 135 causes que ie doibt laire grosse remisse en Angleterre pour les

3394 2494 2416 125 nou velles marchandises pour  le pasques et carcomeque i'ais

3402 2533 2407 133 or donne et que i'ais en them in. sespere que ie vous pou xrais

3401 2585 2329 138 envoyer astelir en peudepours le r aps couleurose et sit

3401 2657 2431 128 entre temps ilys peurr avoir quelque chose de vre service ie

3393 2707 2429 134 vous poie me le adviser et commander i'ay assortement de

3400 2784 2469 97 toutte sorte de marchandise et i'ay aussy vre nouvelle partie

3419 2854 2429 85 de draps noirs et blen et superains et commans ausoy drap de

3397 2927 2432 85 dammes pour le caresme en trantare a vre service ie vous

3386 2975 627 123 salve et sut

5159 3001 533 147 ady 31 ditto

3253 3012 1385 197 Loridon Lunnus e aspere

3381 3116 2459 107 mijnen laesten is 24 court daeer op gisteren over ostende ontfangen ue aente

3381 3183 2485 129 enaeme van 11d beantwordende gleen de mijne van 3 en 7 court oft ul voorder

3385 3249 2469 110 van te vooren oner hoslandt heeft gep en can niet weten alsoo got die brieven

3401 3293 2394 112 voor vrijdagh oft satterdagh niest sulten becommen ick hebbe ue 17 en 24 xber

3395 3397 2363 75 gerd met den eersten gesonden 10 wissesbrienen om te laeten accepteren

3392 3363 2461 153 ende ter dispositie van de secondes onderve te houden met den tntieden het

3381 3509 2301 75 selve geconfirmeert ende ue en maecht van beyde dise brieven geen

3372 3494 2445 126 mentie deen cke echter niet of die sullen uer niet sijn gewonden het is

3392 3554 2467 138 mij laet  mijn neuselbrief van 1t £110:- ue wel is geworden, oock dat

3377 3617 2448 123 ve sal ssorge dr aegen tot hett volbrengen van mijne ardres wegens de

3386 3684 2397 124 spaensche laeckens dat ue ten uyttersten recomandere voor de goede

3392 3730 2412 143 qualitijet ende goede en clejn gemengetde conleuren daer moogen met

3386 3818 2472 103 denige goede bruyntiens onder wesen op dit nenen gaende stael sien

3386 3855 2350 126 dat ul het eerste geordoneerde paocken van 12 p op mijn gesonden

3379 3897 2470 140 staet conform sal gereedt maecken en p. 2otterd convoy afschepen

3384 3952 2438 168 dat wel is, doch ue schijnt van intentie dat het noch wel wat moghte

3392 4022 2460 137 aen loopen al voorens nn convoy voor de maese sullen hebben ende daer

3392 4098 2297 120 toe geeft ue mij advies dat het fregatie van Jan Claessens van

3396 4150 2327 122 ostende p. eersten verwaght wiert om cate eder te heeren

3369 4227 2409 139 op ostende. de dobbele vraght goeden en sijn geen affairen
