6225 4452
741 68 2301 244 aederhande prjsen. oock schoone buynesens daer ue oop

785 180 2175 178 gelieft pesseetie te nemen. posirief ensoche geene

783 299 2166 188 quijten sende ue eenige ssfaeltieus tot ue peeu lande

758 416 2286 190 doch iets raerders vindende en rescompeerende gelieft

810 515 2173 254 at selfde waer te nemen. ingeslooten remite van

788 669 2162 215 £90 van 27 court isos op shi furite d'are

792 802 1913 183 van ue antwoort afwaghtende soo blijven

798 901 2199 180 in dese staeltiens en sijn niet gevoeght bruyntiens nochte

839 1020 2177 149 de rechte soorte van pin couleure soo als die desireere

821 1143 2221 140 dat laete aen ue direcke maer geen laekens te coopen

597 1237 131 135 d

817 1254 2122 126 oft moeten van seer goede mengelinge weten tot ue

801 1353 425 176 naerright

1271 1345 1869 229 voortsgegaen onder couvert van de wed roeckmans

538 1499 1159 176 London Scaw en en Stockdale

2170 1501 789 190 Ady 30 mey 1709

780 1609 2230 156 J'ay bien receu les agreable vre du 1922 25 du passe et 6 court avec

789 1726 2300 136 facture de  bullos et connossement charge AM N4 en 6: p rosterram

789 1799 2321 136 D.MN5 en 7 p ostende lesquelles y sont bien preve selon quon m advis

792 1878 2297 171 dont le seigneur soit benit quant ie les auray chez moy je les examine

783 1965 2311 129 nay p oecasion mais ie fait venir cette sorte de marchandise pr les

780 2072 2333 184 quaider dans l'opinion du pouvoir profiter q p une paix avenir

814 2140 2260 169 ie ne marque que ne me serve pass au dernier prix car 2 en ay fait

782 2271 2258 147 venir et demander a d'autre que me viennent a meillieur avanta

781 2367 2305 111 et prix principalement les bayes colchester nouvelle fabrique

770 2437 2354 142 les premiere que m'avez envoyez vs les avez eu a 13d et 12 t f ot

787 2533 2321 137 de  surplus et asteur a 13a et 14 et 20N soyez assurez que se

784 2630 2293 127 ie voulois m'en de faire pr le present q'y devrois perdre apres

767 2721 2224 130 mess vs ne seaurois jamais croire come il vat pr le presant

787 2802 2246 110 avec la negoie de nanifacture q'icy a moins quon n'est

789 2878 2271 166 exactement servie il n'y a point moyen de profiter un suil

780 2987 2233 127 intrest de son argent je ne doute pas ou vs aurez teme aussij

787 3012 2296 144 des eschantillion de drap fins de SM N2 chez vs jen souhaitterois

1154 3145 101 53 deien

787 3159 2324 145 bien encor n ballott assorty de 10:12.13 n'excedant pouns le 14 &

793 3258 2300 119 charque ballot de douxe pieces et un de mey cotton pr terduleure

779 3324 2330 105 mais prinez veir gorde a les elles couleure tout les plus rares

799 3398 2311 136 quil y at a trouver bien et petit melange il ny a rienqui pris

800 3522 2311 109 vs avez du temps tant quil vs plaira ce pourquoz achapsez a ve

792 3591 2349 142 comodite sil ne seroit qune ou deux pies as a la fois  r avois

795 3680 2296 137 tout ce que vs oourrez trouvez de plus to les claires ou blanche

799 3759 2249 151 couleures ne sont pas di demande p icy a vre gouverne lon

784 3840 2261 137 veus avoir de couleures touttes ben me ange enfin tachez

772 3942 2309 155 de me bien servir ie vs remette cy incluse £ 150 du 27 cout

777 4029 2134 160 resence sur le che valier &: furnese je vs salue et suis

791 4102 2097 180 rootsgegaen onder couvert van de wed Broeckmans

3203 79 808 163 Brussel A. Ansillion

4554 83 1026 187 Ady 30 mey 1209

3366 217 2406 216 ie n'ay receu la vre du 28 cour que deiourd huy en suitte

3342 365 2369 199 ie vous envoye p messager van den wjngaert qui parte

3333 451 2484 215 demain a 5 heusep le maiin le 2 quarts de draps verdt

3330 559 2410 253 N 208 et N212 ettants d'eux freres. N214 ne Jaccorde

3321 692 2330 251 point. vq. le peu voir puss que vous avez encor

3310 804 2205 236 mis eschantillions. au pied de cette la facture

3314 922 2278 247 portant de change ƒ122:12½ priant m'eu crediter

3332 1034 2369 260 to uchant les draps rouges il n'y avieu a dire.

3330 1182 2299 233 en est la cauge. faittez un peu mettre a leau

3319 1331 2372 218 un drapsd d'Angeletterre mesme un super fin

3318 1435 2384 255 et voyez sil sera jamais possible a le remettre

3345 1543 2269 266 comme il au rat este auparavant: a ce prie la

3329 1672 2475 316 draps sont bons asses et lion len plaigne point

3332 1775 2493 329 cor i'en vend et ij'en ay veux grosse quantite et ie

3328 1916 2491 278 n'ett pas p. rapport au presit car z ay en a point

3306 2038 2396 274 mais leulement pour accommoder les gent qui

5773 2214 50 97 bupn

3300 2203 2528 296 souhaittent le bon marche j'aij quantite de toutte

3274 2309 2278 247 sorte de marchandises a vre service en touttes

3300 2415 2456 252 occasions il vous plaire me commander que suis

3189 2524 1095 176 middelborgh Roekens en sroot

4918 2597 653 182 31 ditto 1709

3289 2674 2452 249 naer dat ue 25 court hebbe geschreven die verhoepe ue wel

3281 2767 2287 247 sal weten ter handt gecoemen soo hebbe ontfangen

3250 2897 2455 255 omissive van selve dato onderteckent theodorust Booet met

3296 3026 2471 215 advies dat Lillis Brouwer a costy is gearriveert vertrouwe

3296 3142 2469 189 het van ue  i7. gelieft mij de vier packen N N14. 15. 1617

3306 3236 2503 248 transitoor afte senden en twijfele niet oft de goederen worden

3303 3354 2460 223 - costy als in hollandt aengegeven: den inhout en weerde

3198 3499 2514 152 aen den voet deser. afwaghtende soo blijve van herten

3214 3606 2498 200 1 N14 met 24 witte cottons a C to weer ƒ300 N15 met 23¼ d

3195 3685 2529 231 weert ƒ 300:- N16 met 24½ d weert ƒ 285: N17 met 22¼ d

3321 3783 2461 242 weert ƒ 285:- dit is de weerde soo als die packen in costen

3299 3929 2519 221 recommandeere ue de oncosten te menageeren want is maer

3298 4051 2499 169 eens voor eene procue soo dese rouse advantagieuter bevinde

3274 4160 2394 157 soo sal doorgaens mijne goederen op costij doen afschepen

4040 4293 90 79 2
