6131 4407
751 53 2326 108 pour les plus belles coleures possibles bienet d'une petitte me lange comme

733 108 2317 88 Jaussy pour le qualite de draps la saison et la prince pal debie va venir

734 187 2338 88 et ie souhaite d'avoir les eschantillions pour les pouvor presenter a mes

758 251 2320 72 chalands ie vous recommande les plus es le ballot de draps su persens

733 282 2403 111 de 12 a ƒ15 que ie vous au ordonne scar ien suis presse attendant l'honneur

740 348 1857 140 de vye responce et advis de ce qu'il sera passe ie me dit

506 456 1103 165 Mechelen de wed. Betram

2377 507 555 147 adj 7 meert 1708

2734 588 89 99 n

757 602 2265 149 tot antwoort op ul aenghenaeme het convoy op ostende en lotterd: en is

745 710 2160 94 noch niet ghearineert soo datter noch gheen versche goederen en syn

735 772 2346 91 aen ghecomen verwachte de schoonste partijen van spaensehe geckens

740 821 2390 113 superginne en andere pressen die vl. hoch soydt sultfghesien hebben soo ha

727 870 2345 129 alls diesghearineert sijnal mij d'eere gienen ul. sultsx te adviseren hebbe

751 954 2372 118 voor sede maendt p prousie twee packen bitfanghen doe h gheen superfijne

729 1006 2342 114 waer af ul. hiert nghesloten sende eenighe staeltiens soo Vl daer van ht

730 1095 2317 97 iedts genstaedt ghelieft mij te commanderen als oock in alles dat ul

735 1144 2317 108 saude mooghen noodigh hebben sal altijdts ul. trachten ten uyttersten

730 1225 2314 111 velen goeden coop te bedienen ul. ende de famittie wenschende den

736 1290 1563 99 qhelugkighen en salighen vasten soo Blijv

522 1341 957 193 Ghendt Jacob Baut

2458 1363 498 129 Adij 7 d. 1703

761 1534 2360 121 vmijde te beantworden ul. aenghenaeme van 12. 20 Jan u 18en 29 past.

743 1621 2354 127 met den laesten eene remisse van ƒ340:- op Capolus Leydeeker waeh

706 1718 2403 105 voor ul. hebbe ghecrediteert ul ende de familsie insgheljckx weteschende

692 1787 2091 86 den salighen vasten benevens mijn huysvrouw soo lijve

2079 1874 500 125 12 meert 1706

514 1850 1083 169 Leuven adriaen Everaerts

689 1912 2323 185 Ick hebbe ue aengenaemen wel ontfange ick ben blijde te say

704 2039 2321 172 dat ue noch op mj peyst ick hebbe nu soo lange devoiren gedaen tl

689 2129 2358 140 soo dich maeck aen ue geschreven en echter niets connen verco

720 2231 2255 174 dat verhoepen eens sal veranderen want ue magh seaker

717 2317 2319 196 wesen dat ue niemant bieteer oft beke coop als ic sal beda

694 2421 2335 170 nen ick hebbe een sortiment van alderander meuwe mode

711 2520 2294 212 couleuren spaensche geperste en noortse laeckens wel

704 2642 2383 182 2 ½a 300 stucken van alle prijsen ende voor de rest alle

695 2743 2412 209 forkment van goederen naer advenant het is mij onmoegelj

702 2845 2355 221 gelijck ick ue voordesen noch wel hebben geschreven daer

716 2960 2243 181 van alle staelen te senden heeft ue eenige couleuren

691 3089 2387 181 noodigh gelieft mij maer te schijven daer oft daer ontrent

706 3206 2350 177 ick hebbe oock al vernoemen dat ue hier overheeft ge

689 3302 2402 212 west nu en dat sonder b mpaens naer te coemen dat ome en

689 3424 2365 177 sible is geswest iet reecommanderen mij aen ue goede

698 3560 2401 177 genegentheet en sal alles doeh wat moegeljck is om ue al

686 3669 2071 183 tood grachten contentement te gevenen soo blijve

515 3802 1135 140 Leuven bartholomeus Corthoeet

2329 3800 651 166 Ady 12 meeyt 1708

738 3970 2369 135 ick hebbe ul. aenghenaeme van 6 court wel ontfanghen oock

732 4076 2388 108 de hondert en tijt guldens van den bode wjns daer bj vermest

724 4195 2311 105 inghevolghe mijne quittantie hem mede gegeven ul. en

693 4247 2228 118 moet ver ul betaelinghe gheen excusse maecken

3416 0 2415 90 ee e sery 10 pas a st en n 1e desie, mon duliende van de riet in een

3388 96 2425 111 ende dat ick ul. wat meerdere partijen coste vercoopen ick en twijffele niet

3395 178 2401 86 oft ul sal met den vasten enen wel al eens over coommen bidde doet mij het

3400 220 2392 105 faveur van maer mij eerst voor ul te commen besoecken en ick s

3397 251 2323 111 seer goeden coop betienen want hebbe seer schoon sortiment van

3371 269 2451 166 versghe goederen van laeckens en andre altijdts tot ul dienste ick groote

3374 354 551 135 en Blijee

3176 419 872 184 Loeds m. et L. Loock son

5230 466 550 141 Adij 14 meert 1708

3393 564 2374 148 depuis la mienne du 1 junner dernier ie suis sans aueunaer, de cheres vres ce

3393 671 2413 111 qu'il m'estonne quoy qu'il y a fort peu d'affaire entre nous pour le present vous

3383 715 2384 101 ne feriez pas mal de me donner advis de temps en temps de l'estat et pre

3393 782 2449 116 de vos anufactures pour me pouvoir resler a l'advenant il y a m. obetson

3394 859 2444 103 et beacoup d'aultres que m'esctivent presques touttes les postes et p la dernier

3381 922 2453 107 lettre il pie marquee quentre touttes les marchandises qu'il n'u a rien mellieux

3390 984 2422 110 marche ni a plus bas. prix que les draps melez et que lon peut avois pour le

3392 1047 2410 110 present la sorte de ƒ3:- aussj bonne comme on 'at en passe quelque pour

3366 1100 2453 128 14  ces advis m'ont oblige de cherger occasion pour me de fatire de voyrieux

3381 1185 2441 102 ballots que jas presque touts vendue a prix chert on chasun qu'il m'at offert

3395 1245 2338 108 de largent ehoit en et ie les ay laisse tellement que ie vous laisse a

3373 1334 2386 84 considerer que compte que cette partie me  peu rendre quant ag eauray

3393 1373 2452 137 fait la caleure il me semble qu'lira bien a  £200:-  de perte patfence

3384 1464 2425 93 ie J'ay voulu faire ainsi car ie ne pouvois plus long temps voir ce chagrin

3390 1515 2441 103 decant mes jeux en chacun de vos cartiers me fort oftre de leur service avec

3383 1596 2354 80 assurence de me servir a si bon marche et de la mallieure marchandise

3368 1634 2499 108 cependant ie souhaitte vous pregerer denant tout aultre comme ie vous add

3380 1720 2465 100 ay touiours dit esperant aue nous aurons cette Annee icy mellieure fortune

3382 1793 2437 94 pr ensemble avese la grace de Dien que dans le passe cetque vous aufes bon

3376 1863 2434 84 soing pour me mieux servir et soulager dans cette grosse rt perte

3375 1923 2481 111 que ie vient de faire pour vre espreuve et commencement vous poureze

3358 1982 2492 114 iachepter septante deux  dico 72 de draps pour en faire six ballotts ehacqueee

3381 2046 2320 124 de 12 p ailee vre du ou deux p. de carisees pour ferduliure scavoir deux

3369 2111 2434 121 ballots de ƒ54:6 a ƒ514:8 de ux ballots de ƒ4:- ett deux ballots de ƒ3 a ƒ3:3

3377 2190 2428 114 les draps ne peustent estre moins de 30 p. car il yat tant destrait p. iey sur

3379 2299 2391 89 vre P. de 25 qr. que sur vre piesce de  30 a 23 a 35  il vous vaute auoir

3367 2332 2388 87 soing que les draps sont touts d'onne bonne lavre douce a la main

3377 2418 2435 102 bien tondue et apprestée oultre bien couverts que lonne voit pas la

3365 2474 2490 97 siliure comme on affait aux aultres car quant iouvrois les draps he pouvoir

3370 2558 2384 85 m ter compter spresque toutes les bilez en un mot ie veut avoir la

3366 2614 2409 115 mellieure marchandise qu'il y at a trouver et touts de belle couleures

3369 2675 2403 115 conforim les eschantillions que ie vous envoye ey incluse ie ne veu plus=

3377 2753 2409 96 de scouleures jausne ou qrix blane marix de more si brun mes draps -

3378 2839 2431 92 grie conform mon eschantillion que ie vous envoye oultre ayez bon soing

3350 2876 2444 125 que les df aps soint bien et d'one petitte ma lange et que ne m'envoyez pas des

3359 2929 2348 137 et tr aua gantes couleures dorresnanant jauray bon soing pour vous faire

3358 3058 2315 76 remises en temps et ce pourquoy que vous pouter prendre vos messures a

3363 3076 2323 142 ladvenant a me servir le mieux et a mallieur prix possible ie vous

3359 3161 2389 117 recommande done mon intrest comme le vre propre celle cu pr ostende

3353 3252 2476 94 et de main ie confirmeray cette la mienne pr. hohande cavee les eschantiz

3335 3286 2351 112 llions payce que i'est me la routte d'hollande plus seure attendant

3365 3353 1159 100 l'honneur vre responce ie me dit

3176 3439 1070 183 Mons Anthone D' Houst

5022 3404 421 209 d17 d.

5595 3499 220 142 „ 1708

3370 3588 2337 167 pour responce a la chere vre tou vous plaignez que ie ne vous ait pas

3361 3702 2462 115 envoyce les draps blen que y q m'at ordonne j'en suis maru cependant que

3347 3814 2407 88 voysez vous que ien fasse je les ay ordonné depuis le man de gbre passe et

3360 3869 2475 113 encor ie ne les ay pas receu les marchandises d'Anglettere viennent p mere

3355 3942 2466 115 et non p. terre ef on ne peu faire fand la dessus si ie les avois ily touts

3373 3993 2425 118 les draps seroient vendue et sily n  aurois en de cette sorte dans

3362 4071 2419 112 la visse i'en auvois achepte et vous envoyée mais il n'y en

3341 4155 2444 102 ve pas ne fault il pas mieux de vous escrire la choze comme

3359 4223 2138 98 il en est que de vous envoyer de marchandire plus chere
