6235 4426
2535 49 522 122 Adij 4 sber 1703

608 55 887 114 Reeds homas Peare

823 117 2303 140 hebbe ul. gep: 13:19en 20 past. met remisse van ste £101:- waer van ingeen

811 197 2353 108 den seconde op h. furnesse verhope ditto drij mijne  boven staende messiues

816 261 2356 104 ul. het synen tijde wel sullen sijn geworden  sedert hebbe becomen uk aengenaeme

814 306 2246 100 van 8 sbber boant wordende den mijnen van 6 ditto. u¼ sal voor uu dan de

800 368 2281 75 weerde oft montant van de packen 1Mn° 8.A. 10 hebben becomen raeckende

825 406 2334 102 K n°11 en 12 met de geierfdel carseyen en hebbe noch niets vernoemen den goeden

813 473 2347 88 goot wiltse salvo senden als wances ul. oock prompt het montant sal remitteren

793 520 2334 92 maer soo sien can uyt de monsters soo moet het een seer ssechte soorte van

824 542 2356 124 goederen wesen dat mij niet wel en sal bevallen voorders de oncorten van de

815 610 2300 90 sierf beswaeren seer als read p. p met het persenen op doens 9:6 men can

826 641 2343 126 die hier voors a8 alle geacommodeert hebben oock de bleve voors 9a 10:73

808 728 2341 66 brenght oock genevael meerdere on costen als andere vrienden hebbe het

805 769 2387 123 pack Mno9 met de seed en skie bleve laeckens acopent ende naergesien maer

805 804 2362 128 wat ul gelieft te schrijven oft niet, ick moete ul scaghen dat beteere soorte

806 883 2353 100 voor die prijssen van London can becomen ende dat die hier te lande niets

810 928 2347 112 te debiteren en is als voor de militairen. d Laeckens vallen te smal

799 982 2365 98 te cort van langhde ende te veel gerocken die ul. mij in reiene brenght

807 1012 2340 116 witt het dobbele p a £8en 4 van gul die sijn ordinaer van London q56

817 1065 2343 120 dat mij veel inde maete differeert en merckelijck beter van qualitijt comt

821 1136 2311 109 soo dat het mijn int rest miet en is van ul voorders eenige coms ie te geven

825 1183 2318 109 want hebbe met ul. nu op alle manieren geprobeerten ick en can daer

811 1217 2296 117 mejn geldt selfs niet uyt maecken verve van daer dat een stuyver soude

817 1290 2313 99 cesfaneeren ick seggh recht vjt dat de ses packen M n°5. P.7. 3. 9 en 10

807 1328 2368 130 meest noch onder mj hebbe ende ten sijmet het winter saisoen ick occasie

812 1358 2352 151 prezen teert om demglitaire te leeden dat ick die niet en sal connen

789 1399 2378 151 de biteren ende dat ick groote schaede sal moeten leyden soo wel als van

804 1472 2115 86 de packen met carseyen en dosens die ick van pl. hebbe gehadt he

2904 1511 248 86 ebben de

797 1530 2357 101 van allesde goederen die ul. mij gesonden heeft noch geen s £100:

799 1574 2247 92 ontfangidet is nn tot twee regesen qualijck jt gevallen voor de

809 1635 2378 114 geceenfde slaeckens daer nochtans groote ogcasien voor hebbe als die vande

801 1682 2377 122 beste qualitijet vallen en staen nu seer verlegen want hadde ick die van

810 1712 2294 129 mijne conenden van London geordoneert soo soude ick die nu sorti

811 1783 2281 109 ment hebben en mijne vrienden connen bedienen daer ick nu een

812 1843 2332 63 eapitael geimployeert hebbe en sonder sortiment ben ick hebbe ul nu

816 1868 2325 99 soo de ck maels dien aen gaende largoge ende ten minsten salue nu

808 1952 2365 109 mijne in tentie verstaen daer om gelieft wel te letten ende mij voor het

793 1992 2346 119 voor gaende te soulageren en beter goederen te senden soo van lengde

809 2048 2356 129 als breede en gelieft noch eens gereet te maecken een sortiment van

817 2082 2357 148 60 halve piesies ende te packendertigh in een pack met doy carseyen

804 2142 2328 90 vrappers te weeten een spack met dertigh ½⅓ ps s sead bleue en 15 sull

799 2184 2369 156 bleust en een pack met derrigh halve p: te leaden 15 green p naesten

800 2248 759 103 breeder en soo Brisel

653 2332 1030 118 LLeds An mes orbbetson

2570 2328 504 131 Adij 11 ditto

787 2437 2259 110 hebbe ul. op p court gesonden mijn assignatie van ste £ 200:- op dh

815 2508 2319 101 hasp. vanden Bussche in London mijn vrient s court te betaelen

797 2535 2351 141 me verhoepe ul. wel sal sijn geworden ende dat uk die het sijnen teyde

801 2635 2350 97 sal doen en voorderen. sadert ben sonder eenige van ul. aengenaeme

806 2664 2366 92 in aevalle ul eenige goederen prin ci pael casseyen van goede mercken

802 2736 2369 104 encqualitijet en oock van goede prijs voor ul. reken op hollandt heeft

800 2769 2372 122 gesonden met dese hulsche schepen die niet twijffele voor nu vertre

803 2835 2337 123 rcken sijn en eerst daeghs met koots gratie tot Retterd staen te

798 2869 2325 138 arriceeren soo versoecke mij sulckx gelieft te laeten weeten sal

810 2948 2338 112 misschien wel van eenige packen carseyen connen disponneren

815 3013 2213 87 maer soo niet en soecke geenee voor mijne reken ingecoght te s

801 3021 2200 157 alsoo het lauven  verloopen is ende de prijfsen merckelij

810 3107 1903 92 dittereren en soo Blijve afwaghtende ul. antwoort

592 3189 951 134 Lierc Krancois Cocar

2503 3235 498 128 Adij 5 ditto

808 3304 2361 158 gebruycke p desen de libertijdt ul mijn dienst noch eens te presenteren ende te adviseren

785 3376 2367 152 dat een seer schoone partije van elderhande nieuwe modecoleuren spaensche

804 3467 2374 145 Raeckens van alle prijssen hebbe ontfangen oock geperste noortsche en dosmen

790 3495 2375 175 laeckens in engelandt gene ont blouwe roode guele, groene en licht blouwe

795 3571 2400 185 die maer op eenen patacon pr. sa en comen voorts deventer bayen ende andere

807 3619 2369 181 te meyne bayen witte en geverfde. oock frisaerden en carseyen voorts alderhan

797 3685 2310 150 bde goederen ul. heeft mij soo dech maels te looft van naer te comen ende

790 3744 2366 167 enguwel en heeft het  noydt gedaen dat mij verwondert ul. magh seecker

821 3815 2341 147 wesen dat ul in Antwerpen naemandt schoonder goet en sal leveren nochte

801 3843 2374 192 beter coop bedienen daerom versoecke ingepalle dat il iets noedigh helft

803 3910 2244 163 dat ue eens gelieft depreuve te nemen, en het van mij te onsrieden t

811 3982 2366 155 oner comende mij eens te comen besoecken en ul sal onder vinden datt  N 13

805 4032 2356 152 tot l. advantagie en beter coop als een ander sal bedienen waer op ul magh

787 4077 2351 163 verseckert wesen. woone int hiddorp recht over het post comptoit

801 4136 1825 140 en can niet manckeren blijve naer groeten we

5108 56 658 116 Adij 5 xber 1708

3213 64 671 148 mer R:Sorts

3383 177 2416 97 Ick hebbe ul. brieven van 18 en 25 sber het sijnen tijde wel ontfangen en

3401 255 2375 67 achter volgens het geluck van ul. hier over te sien om mij de twee wissel

3378 288 2476 96 briefkens saemen ƒ 500:- wiss elgelde te betaelen verwaght en de tot dat ode

3391 340 2432 101 deserniets vernomen het een briefsien is nu bij de twee maenden ende het

3383 404 2460 50 laeste bij een maendt verloopen dh muller aen wie ick het gelot over lanck

3381 460 2469 60 betaelt hebbe moet mij den intrest goet doen ende en i5 daer mede niet te vreden

3368 514 2485 86 soo dat ick ul. ander ingel come versoecken van mij het geldt te willen betaelen

3385 564 2460 85 ende daer ick ul met eenige goederen can dienst doen gelieft  maer te

3375 623 2416 106 commanderen ick sal ondervinden dat uk nergens betern coop als by mijden

3371 635 1023 113 sult gerieft worden Blijve

3231 731 1096 149 Leuven P. Schoonderhaegen

5164 787 407 126 Adij 5 ditto

3376 867 2380 123 ick en twijffele niet oft mijn brief van 31 fuguste sal ul wel sijn geworden waer bij ul

3375 917 2396 129 vriendelijck hebbe versochtt van mij te willen voldoen de £19:40 wisselgelde die u mij

3363 971 2476 131 schuldighes in gevolge het goet dat ul. hebbe gelevert int factuucken gesonden dat

3367 1026 2467 141 nu soolanck geteden is dat meer aenden intrest toegeliefals aen het goet gewonen

3384 1072 2414 132 hebbe oversulckx come ul nogh eens het selve versoocken vertrouuwende l nu

3374 1106 2436 145 niet en sal langerannt stellen ofte manckeren. het saisoen comt wederom aen

3290 1161 2535 90 dat een ider een wat van doen heeft ende dat ul wederom aleenige commissien

3371 1219 2445 133 sal crijgen ick sal ul. alles soo goeden coop overlaeten dat ul voor moeyte noch

3373 1271 2444 137 een stuurez sal connen acageeren. ick verwaghte dan op antwoort deser dat ul.

3358 1321 2352 140 mij hetfgeldt sal toe senden ende doen tellen en soo Blijte naer groetenisse

3199 1348 1061 208 Mechelen h. C. tandherbo

5205 1484 405 118 Adij ditto

3385 1538 2404 119 ick hebbe ul. op 31 stulgusti ges en laeten weeten dat een partije van alderhande

3365 1589 2450 142 versche engelsche goederen hebbe ontfangen als deventer bagen van alle srijssen

3370 1644 2441 85 superfijnne gecrugste en ongecruyste flanellen, drij a bayyen ende andere

3377 1700 2442 123 gemegne oock frisaerden ende darseyen witte bloude roode, ende alderhande

3372 1754 2432 128 coleuren, voorts superfijnne en gemeyne spaensche ieve mode couleure

3372 1812 2418 123 laeckens geperste noortsche ende dosjnen. livrije laeckens van engelsche

3364 1860 2488 141 vergve als roode giele, groenen bloluwe en bleeck blouwe die alle geverft maere

3369 1922 2456 136 op eenen patacon pr. aden costen oock intlantsche en hollantsche cat mosy

3373 1974 2461 141 nen blouwe en superte laeckens dra d dam mes van alle prjssen mitshet

3359 2034 2450 128 laisoen van de het aen compt soo en tewijffele niet oft h heefsal eenigh ½

3376 2084 2436 140 sortiment noodigh ende daerom wille vll desen andermael mijn dienst eens

3381 2141 2448 137 presenteren vreesende dat ul mijnen voorgaenden niet en sal sijn terhandt

3359 2182 2454 142 becommen dl. magh seecker wesen dat ul. niemant beeter in Antwerpen

3376 2219 2429 176 beter coop en sal nochte en can bedienen daerom versoecke in gevalle ul.

3352 2302 2435 158 gets noodigh heeft in van mij het selve te ordoneren en als ul. over comt mij

3369 2359 2426 178 te willen comen besoecken woone recht over het posthuys int siddorp als ul

3354 2393 1350 140 bekent is en soo Blijve naer groeten isse

3265 2473 1178 174 Brussel wed: van der Borght

4977 2473 745 216 adij 1 bri1716

3399 2652 2429 164 gesonden rekene court coemende tot dato heden p lot £62::10

3377 2723 2423 175 voorts offres van dienst met advies dat van alle sortimenten

3366 2843 1539 125 van goederen wel voorsien ben

4806 2946 470 99 7 xber 1708

3255 2925 842 137 Brussel Francois Jacobs

3363 3040 2450 138 verhope ue goedt net iun ende dat het paxk dat voorleder

3360 3164 2431 96 rondagh met het beurt schip hebbe af gesonde in gevolge

3366 3229 2462 130 iu ordre geaddressert au henrj de lauw int & alde hooft

3373 3331 2426 134 op de gracemert ende ge mock £3:5 ue se wel sijnge

3363 3474 2476 130 worde met 7 gevefde quaert en eene bay  30 tot vrap

3367 3623 2460 99 ner od hebbe ue susteren en een volle gesonde 2 swaere

3361 3697 2441 132 baeye van  48 gernerck a:¼ aen den voer desen van

3403 3778 2385 162 'een en dandene de facture bedraegende in wissel

3357 3894 2407 119 ƒ136:vler van mj gelieve te crediteren als ue eenigh

5769 3980 50 91 2l

3366 4002 2482 131 soortement manckeert versoecke van mij maer te ordon

3343 4106 2466 106 tlijke ue gesien heeft ben van alles ten uytersten wel

3336 4202 2481 111 voors  en sal ue altot alles dat ue noodigh heeft t

3341 4271 2347 93 cveel over laesin dat ue betee contintement soo
