<?xml version="1.0" encoding="UTF-8"?>
<alto xmlns:xsi="http://www.w3.org/2001/XMLSchema-instance"
      xmlns="http://www.loc.gov/standards/alto/ns-v4#"
      xmlns:page="http://schema.primaresearch.org/PAGE/gts/pagecontent/2013-07-15"
      xsi:schemaLocation="http://www.loc.gov/standards/alto/ns-v4# https://www.loc.gov/standards/alto/v4/alto.xsd">
   <Description>
      <MeasurementUnit>pixel</MeasurementUnit>
      <OCRProcessing ID="IdOcr">
         <ocrProcessingStep>
            <processingDateTime>2022-02-11T21:31:24.08+01:00</processingDateTime>
            <processingSoftware>
               <softwareCreator>READ COOP</softwareCreator>
               <softwareName>Transkribus</softwareName>
            </processingSoftware>
         </ocrProcessingStep>
      </OCRProcessing>
   </Description>
   <Layout>
      <Page ID="Page1" PHYSICAL_IMG_NR="1" HEIGHT="4406" WIDTH="5936">
         <TopMargin HEIGHT="0" WIDTH="5936" VPOS="0" HPOS="0"/>
         <LeftMargin HEIGHT="4406" WIDTH="0" VPOS="0" HPOS="0"/>
         <RightMargin HEIGHT="4406" WIDTH="0" VPOS="0" HPOS="5936"/>
         <BottomMargin HEIGHT="0" WIDTH="5936" VPOS="4406" HPOS="0"/>
         <PrintSpace HEIGHT="4406" WIDTH="5936" VPOS="0" HPOS="0">
            <TextBlock ID="region_1637330477561_802"
                       HEIGHT="4376"
                       WIDTH="2764"
                       VPOS="2"
                       HPOS="264">
               <Shape>
                  <Polygon POINTS="264,2 3028,2 3028,4378 264,4378"/>
               </Shape>
               <TextLine ID="region_1637330477561_802l1"
                         BASELINE="346,160 390,160 434,162 479,162 523,164 568,164 612,166 656,166 701,166 745,166 790,166 834,166 878,166 923,166 967,166 1012,166 1056,164 1100,164 1145,164 1189,162 1234,160"
                         HEIGHT="167"
                         WIDTH="920"
                         VPOS="48"
                         HPOS="331">
                  <String ID="string_region_1637330477561_802l1"
                          HEIGHT="167"
                          WIDTH="920"
                          VPOS="48"
                          HPOS="331"
                          CONTENT="Leeds Pames Ebbetson"/>
               </TextLine>
               <TextLine ID="region_1637330477561_802l2"
                         BASELINE="2494,206 2519,204 2545,201 2571,199 2597,197 2623,195 2649,193 2675,191 2701,189 2727,188 2753,186 2778,184 2804,184 2830,184 2856,182 2882,184 2908,184 2934,185 2960,187 2986,190 3012,192"
                         HEIGHT="166"
                         WIDTH="556"
                         VPOS="79"
                         HPOS="2474">
                  <String ID="string_region_1637330477561_802l2"
                          HEIGHT="166"
                          WIDTH="556"
                          VPOS="79"
                          HPOS="2474"
                          CONTENT="Adij 28 Juliu 170"/>
               </TextLine>
               <TextLine ID="region_1637330477561_802l3"
                         BASELINE="524,282 649,286 774,288 899,292 1024,294 1149,297 1274,301 1399,304 1524,307 1649,310 1775,314 1900,316 2025,318 2150,320 2275,322 2400,322 2525,322 2650,322 2775,322 2900,320 3026,318"
                         HEIGHT="161"
                         WIDTH="2536"
                         VPOS="212"
                         HPOS="508">
                  <String ID="string_region_1637330477561_802l3"
                          HEIGHT="161"
                          WIDTH="2536"
                          VPOS="212"
                          HPOS="508"
                          CONTENT="ick hebbe ul. op 21 court largo gheschreven ende gheremitteert brief van"/>
               </TextLine>
               <TextLine ID="region_1637330477561_802l4"
                         BASELINE="524,352 646,356 769,360 892,364 1014,368 1137,372 1260,376 1382,380 1505,384 1628,387 1751,390 1873,394 1996,397 2119,400 2241,402 2364,405 2487,407 2609,408 2732,410 2855,410 2978,410"
                         HEIGHT="107"
                         WIDTH="2487"
                         VPOS="307"
                         HPOS="507">
                  <String ID="string_region_1637330477561_802l4"
                          HEIGHT="107"
                          WIDTH="2487"
                          VPOS="307"
                          HPOS="507"
                          CONTENT="8 court av509 op lecheuallier henrij furnesse in london van 1 £120:-"/>
               </TextLine>
               <TextLine ID="region_1637330477561_802l5"
                         BASELINE="528,430 651,432 775,436 899,440 1022,444 1146,448 1270,452 1393,456 1517,460 1641,464 1765,468 1888,471 2012,474 2136,478 2259,480 2383,482 2507,484 2630,486 2754,486 2878,486 3002,486"
                         HEIGHT="151"
                         WIDTH="2507"
                         VPOS="373"
                         HPOS="511">
                  <String ID="string_region_1637330477561_802l5"
                          HEIGHT="151"
                          WIDTH="2507"
                          VPOS="373"
                          HPOS="511"
                          CONTENT="die niet en twijffele ofte sal ut behoorelijck sijn gheworden en waer"/>
               </TextLine>
               <TextLine ID="region_1637330477561_802l6"
                         BASELINE="548,514 671,514 795,514 919,514 1042,516 1166,519 1290,524 1413,527 1537,531 1661,536 1785,542 1908,546 2032,550 2156,554 2279,557 2403,560 2527,562 2650,562 2774,562 2898,561 3022,558"
                         HEIGHT="111"
                         WIDTH="2507"
                         VPOS="470"
                         HPOS="531">
                  <String ID="string_region_1637330477561_802l6"
                          HEIGHT="111"
                          WIDTH="2507"
                          VPOS="470"
                          HPOS="531"
                          CONTENT="mij aen ghedraeghe voorders van ul. nietts vernoemen inghesloten"/>
               </TextLine>
               <TextLine ID="region_1637330477561_802l7"
                         BASELINE="536,610 653,605 771,602 889,600 1006,600 1124,600 1242,602 1359,604 1477,606 1595,610 1713,614 1830,620 1948,624 2066,629 2183,634 2301,640 2419,645 2536,648 2654,652 2772,656 2890,658"
                         HEIGHT="179"
                         WIDTH="2386"
                         VPOS="525"
                         HPOS="521">
                  <String ID="string_region_1637330477561_802l7"
                          HEIGHT="179"
                          WIDTH="2386"
                          VPOS="525"
                          HPOS="521"
                          CONTENT="soo remittere   £90:- van 20 court 3os op John vallerin"/>
               </TextLine>
               <TextLine ID="region_1637330477561_802l8"
                         BASELINE="536,690 652,688 769,686 886,684 1003,684 1120,686 1237,688 1354,690 1471,693 1588,696 1705,700 1821,705 1938,710 2055,714 2172,719 2289,724 2406,728 2523,732 2640,738 2757,742 2874,744"
                         HEIGHT="138"
                         WIDTH="2371"
                         VPOS="616"
                         HPOS="519">
                  <String ID="string_region_1637330477561_802l8"
                          HEIGHT="138"
                          WIDTH="2371"
                          VPOS="616"
                          HPOS="519"
                          CONTENT="london waer voor ghelieft het noodigh te besorghen en mij te "/>
               </TextLine>
               <TextLine ID="region_1637330477561_802l9"
                         BASELINE="560,768 678,770 796,772 914,774 1032,776 1150,778 1268,782 1386,784 1504,788 1622,792 1740,796 1858,800 1976,804 2094,808 2212,813 2330,818 2448,822 2566,828 2684,832 2802,836 2920,840"
                         HEIGHT="191"
                         WIDTH="2393"
                         VPOS="706"
                         HPOS="544">
                  <String ID="string_region_1637330477561_802l9"
                          HEIGHT="191"
                          WIDTH="2393"
                          VPOS="706"
                          HPOS="544"
                          CONTENT="creditteren ick hebbe ul gheordonneert in te coopden drij hondert p"/>
               </TextLine>
               <TextLine ID="region_1637330477561_802l10"
                         BASELINE="544,850 666,852 789,854 912,856 1034,860 1157,863 1280,866 1402,872 1525,876 1648,881 1771,886 1893,890 2016,896 2139,901 2261,906 2384,910 2507,916 2629,920 2752,924 2875,929 2998,932"
                         HEIGHT="162"
                         WIDTH="2487"
                         VPOS="796"
                         HPOS="528">
                  <String ID="string_region_1637330477561_802l10"
                          HEIGHT="162"
                          WIDTH="2487"
                          VPOS="796"
                          HPOS="528"
                          CONTENT="carseyen van Abram Rillej en stansfield en die te packen in ses"/>
               </TextLine>
               <TextLine ID="region_1637330477561_802l11"
                         BASELINE="560,938 683,940 806,942 929,945 1052,948 1175,952 1298,957 1421,962 1544,966 1667,971 1791,977 1914,982 2037,986 2160,992 2283,996 2406,1002 2529,1007 2652,1011 2775,1015 2898,1018 3022,1022"
                         HEIGHT="168"
                         WIDTH="2497"
                         VPOS="881"
                         HPOS="542">
                  <String ID="string_region_1637330477561_802l11"
                          HEIGHT="168"
                          WIDTH="2497"
                          VPOS="881"
                          HPOS="542"
                          CONTENT="packen ider pack van 50 P j andere soorten en gheheynder en begeere"/>
               </TextLine>
               <TextLine ID="region_1637330477561_802l12"
                         BASELINE="542,1028 663,1028 785,1026 906,1028 1028,1030 1150,1034 1271,1038 1393,1042 1514,1048 1636,1053 1758,1060 1879,1066 2001,1073 2122,1078 2244,1085 2366,1091 2487,1096 2609,1100 2730,1104 2852,1106 2974,1108"
                         HEIGHT="197"
                         WIDTH="2467"
                         VPOS="961"
                         HPOS="525">
                  <String ID="string_region_1637330477561_802l12"
                          HEIGHT="197"
                          WIDTH="2467"
                          VPOS="961"
                          HPOS="525"
                          CONTENT="ick positieft niet want en can die iet debiteeren en saude die voor"/>
               </TextLine>
               <TextLine ID="region_1637330477561_802l13"
                         BASELINE="558,1116 677,1114 796,1114 915,1114 1034,1116 1153,1119 1272,1123 1391,1128 1510,1134 1629,1139 1748,1146 1867,1153 1986,1160 2105,1166 2224,1174 2343,1181 2462,1186 2581,1192 2700,1198 2819,1202 2938,1204"
                         HEIGHT="168"
                         WIDTH="2416"
                         VPOS="1067"
                         HPOS="541">
                  <String ID="string_region_1637330477561_802l13"
                          HEIGHT="168"
                          WIDTH="2416"
                          VPOS="1067"
                          HPOS="541"
                          CONTENT="etrecken laeten tot ul. governo. de carseyen die van ul. hebbe"/>
               </TextLine>
               <TextLine ID="region_1637330477561_802l14"
                         BASELINE="550,1208 673,1206 796,1204 919,1206 1042,1208 1166,1212 1289,1216 1412,1220 1535,1226 1658,1231 1782,1238 1905,1244 2028,1249 2151,1256 2274,1262 2398,1268 2521,1272 2644,1277 2767,1280 2890,1282 3014,1284"
                         HEIGHT="194"
                         WIDTH="2496"
                         VPOS="1129"
                         HPOS="536">
                  <String ID="string_region_1637330477561_802l14"
                          HEIGHT="194"
                          WIDTH="2496"
                          VPOS="1129"
                          HPOS="536"
                          CONTENT="in ane en 2 sijn te slecht ende en begeere sulcke soorten positief nier "/>
               </TextLine>
               <TextLine ID="region_1637330477561_802l15"
                         BASELINE="2420,1328 2454,1322 2488,1316"
                         HEIGHT="70"
                         WIDTH="108"
                         VPOS="1263"
                         HPOS="2398">
                  <String ID="string_region_1637330477561_802l15"
                          HEIGHT="70"
                          WIDTH="108"
                          VPOS="1263"
                          HPOS="2398"
                          CONTENT="hso"/>
               </TextLine>
               <TextLine ID="region_1637330477561_802l16"
                         BASELINE="548,1298 670,1296 792,1296 914,1296 1037,1298 1159,1300 1281,1304 1404,1309 1526,1314 1648,1319 1771,1326 1893,1332 2015,1338 2137,1345 2260,1351 2382,1357 2504,1363 2627,1368 2749,1372 2871,1374 2994,1376"
                         HEIGHT="182"
                         WIDTH="2480"
                         VPOS="1211"
                         HPOS="530">
                  <String ID="string_region_1637330477561_802l16"
                          HEIGHT="182"
                          WIDTH="2480"
                          VPOS="1211"
                          HPOS="530"
                          CONTENT="hebbe oock ghegnoteert te coopen een a twee hondert &amp; fayen doch"/>
               </TextLine>
               <TextLine ID="region_1637330477561_802l17"
                         BASELINE="542,1384 666,1386 790,1386 914,1388 1038,1391 1162,1394 1286,1399 1410,1402 1534,1408 1658,1413 1783,1418 1907,1424 2031,1430 2155,1435 2279,1442 2403,1448 2527,1452 2651,1459 2775,1464 2899,1469 3024,1474"
                         HEIGHT="167"
                         WIDTH="2514"
                         VPOS="1342"
                         HPOS="527">
                  <String ID="string_region_1637330477561_802l17"
                          HEIGHT="167"
                          WIDTH="2514"
                          VPOS="1342"
                          HPOS="527"
                          CONTENT="meerder dan hondent P. en wille niet hebben sijnde hondert p van"/>
               </TextLine>
               <TextLine ID="region_1637330477561_802l18"
                         BASELINE="526,1472 650,1474 774,1476 898,1479 1023,1482 1147,1486 1271,1492 1396,1496 1520,1501 1644,1506 1769,1512 1893,1518 2017,1524 2141,1530 2266,1534 2390,1540 2514,1546 2639,1550 2763,1555 2887,1558 3012,1562"
                         HEIGHT="191"
                         WIDTH="2516"
                         VPOS="1411"
                         HPOS="511">
                  <String ID="string_region_1637330477561_802l18"
                          HEIGHT="191"
                          WIDTH="2516"
                          VPOS="1411"
                          HPOS="511"
                          CONTENT=" 30. 26: 40 tot 48 a 50 ghesorteert ghenoech ende de rest contraman"/>
               </TextLine>
               <TextLine ID="region_1637330477561_802l19"
                         BASELINE="534,1560 657,1563 781,1567 905,1571 1029,1576 1153,1582 1277,1586 1401,1591 1525,1597 1649,1602 1773,1608 1896,1612 2020,1618 2144,1624 2268,1628 2392,1632 2516,1636 2640,1640 2764,1644 2888,1646 3012,1648"
                         HEIGHT="191"
                         WIDTH="2508"
                         VPOS="1476"
                         HPOS="518">
                  <String ID="string_region_1637330477561_802l19"
                          HEIGHT="191"
                          WIDTH="2508"
                          VPOS="1476"
                          HPOS="518"
                          CONTENT="dere pr. desen ul. ghelieve op alles te letten en goede sorghe te draegen "/>
               </TextLine>
               <TextLine ID="region_1637330477561_802l20"
                         BASELINE="536,1658 657,1662 779,1666 900,1670 1022,1676 1144,1680 1265,1684 1387,1690 1508,1694 1630,1698 1752,1704 1873,1708 1995,1714 2116,1718 2238,1722 2360,1728 2481,1732 2603,1736 2724,1741 2846,1746 2968,1750"
                         HEIGHT="198"
                         WIDTH="2464"
                         VPOS="1583"
                         HPOS="520">
                  <String ID="string_region_1637330477561_802l20"
                          HEIGHT="198"
                          WIDTH="2464"
                          VPOS="1583"
                          HPOS="520"
                          CONTENT="moete ul. seghen dat veel meerder contentement vinde inden"/>
               </TextLine>
               <TextLine ID="region_1637330477561_802l21"
                         BASELINE="556,1750 679,1755 803,1760 926,1764 1050,1769 1174,1774 1297,1778 1421,1784 1544,1788 1668,1792 1792,1798 1915,1802 2039,1808 2162,1813 2286,1818 2410,1823 2533,1828 2657,1834 2780,1840 2904,1844 3028,1850"
                         HEIGHT="166"
                         WIDTH="2505"
                         VPOS="1700"
                         HPOS="539">
                  <String ID="string_region_1637330477561_802l21"
                          HEIGHT="166"
                          WIDTH="2505"
                          VPOS="1700"
                          HPOS="539"
                          CONTENT="incoop van goederen van n°.C principael in bayen ende carseyen"/>
               </TextLine>
               <TextLine ID="region_1637330477561_802l22"
                         BASELINE="554,1852 676,1854 799,1856 922,1858 1045,1862 1168,1865 1290,1868 1413,1874 1536,1879 1659,1884 1782,1889 1904,1894 2027,1900 2150,1904 2273,1908 2396,1913 2518,1916 2641,1920 2764,1922 2887,1924 3010,1926"
                         HEIGHT="170"
                         WIDTH="2490"
                         VPOS="1769"
                         HPOS="536">
                  <String ID="string_region_1637330477561_802l22"
                          HEIGHT="170"
                          WIDTH="2490"
                          VPOS="1769"
                          HPOS="536"
                          CONTENT="ende dat noch noydt soo goede bayen oft carseyen van ul. ghehadt "/>
               </TextLine>
               <TextLine ID="region_1637330477561_802l23"
                         BASELINE="554,1942 675,1946 796,1950 917,1954 1039,1958 1160,1962 1281,1967 1403,1972 1524,1976 1645,1980 1767,1984 1888,1990 2009,1994 2130,1998 2252,2004 2373,2008 2494,2012 2616,2018 2737,2022 2858,2026 2980,2030"
                         HEIGHT="182"
                         WIDTH="2461"
                         VPOS="1880"
                         HPOS="537">
                  <String ID="string_region_1637330477561_802l23"
                          HEIGHT="182"
                          WIDTH="2461"
                          VPOS="1880"
                          HPOS="537"
                          CONTENT="hebbe doch omdat ul. toegheseydt hebbe aen ul. mijn eerste ordres"/>
               </TextLine>
               <TextLine ID="region_1637330477561_802l24"
                         BASELINE="2812,2064 2834,2068"
                         HEIGHT="59"
                         WIDTH="62"
                         VPOS="2029"
                         HPOS="2792">
                  <String ID="string_region_1637330477561_802l24"
                          HEIGHT="59"
                          WIDTH="62"
                          VPOS="2029"
                          HPOS="2792"
                          CONTENT="19"/>
               </TextLine>
               <TextLine ID="region_1637330477561_802l25"
                         BASELINE="558,2056 674,2058 791,2060 908,2062 1024,2066 1141,2068 1258,2070 1374,2074 1491,2076 1608,2079 1725,2082 1841,2086 1958,2088 2075,2092 2191,2094 2308,2098 2425,2101 2541,2104 2658,2106 2775,2110 2892,2112"
                         HEIGHT="125"
                         WIDTH="2366"
                         VPOS="2004"
                         HPOS="543">
                  <String ID="string_region_1637330477561_802l25"
                          HEIGHT="125"
                          WIDTH="2366"
                          VPOS="2004"
                          HPOS="543"
                          CONTENT="te senden soo en wille daer aen niet manckeren ghelieft te"/>
               </TextLine>
               <TextLine ID="region_1637330477561_802l26"
                         BASELINE="542,2150 664,2150 787,2152 910,2152 1033,2154 1156,2156 1279,2160 1402,2162 1525,2166 1648,2168 1771,2171 1893,2174 2016,2178 2139,2180 2262,2182 2385,2186 2508,2188 2631,2189 2754,2190 2877,2192 3000,2192"
                         HEIGHT="145"
                         WIDTH="2492"
                         VPOS="2101"
                         HPOS="525">
                  <String ID="string_region_1637330477561_802l26"
                          HEIGHT="145"
                          WIDTH="2492"
                          VPOS="2101"
                          HPOS="525"
                          CONTENT="sorghen dat ick de beste goederen magh hebben daer sijn vrienden"/>
               </TextLine>
               <TextLine ID="region_1637330477561_802l27"
                         BASELINE="550,2250 673,2246 797,2246 921,2246 1045,2246 1169,2248 1293,2250 1417,2252 1541,2256 1665,2260 1789,2263 1912,2266 2036,2270 2160,2274 2284,2278 2408,2281 2532,2284 2656,2286 2780,2288 2904,2288 3028,2288"
                         HEIGHT="157"
                         WIDTH="2510"
                         VPOS="2171"
                         HPOS="534">
                  <String ID="string_region_1637330477561_802l27"
                          HEIGHT="157"
                          WIDTH="2510"
                          VPOS="2171"
                          HPOS="534"
                          CONTENT="die mij den prijs van de bayen noteeren soo veel ponden soo veel s5"/>
               </TextLine>
               <TextLine ID="region_1637330477561_802l28"
                         BASELINE="552,2344 674,2344 796,2342 919,2342 1041,2342 1164,2344 1286,2344 1408,2346 1531,2348 1653,2350 1776,2352 1898,2356 2020,2358 2143,2362 2265,2364 2388,2368 2510,2372 2632,2375 2755,2379 2877,2382 3000,2386"
                         HEIGHT="153"
                         WIDTH="2483"
                         VPOS="2288"
                         HPOS="534">
                  <String ID="string_region_1637330477561_802l28"
                          HEIGHT="153"
                          WIDTH="2483"
                          VPOS="2288"
                          HPOS="534"
                          CONTENT="het gaet hier ghelijck ul. gheschreven hebbe seer slecht met de"/>
               </TextLine>
               <TextLine ID="region_1637330477561_802l29"
                         BASELINE="556,2438 678,2440 800,2442 922,2444 1044,2444 1167,2444 1289,2446 1411,2446 1533,2446 1655,2446 1778,2446 1900,2448 2022,2448 2144,2450 2266,2452 2389,2456 2511,2459 2633,2464 2755,2470 2877,2475 3000,2484"
                         HEIGHT="175"
                         WIDTH="2475"
                         VPOS="2359"
                         HPOS="540">
                  <String ID="string_region_1637330477561_802l29"
                          HEIGHT="175"
                          WIDTH="2475"
                          VPOS="2359"
                          HPOS="540"
                          CONTENT="nogotie ende naeswelyex den intrest vantgheldt isseraende"/>
               </TextLine>
               <TextLine ID="region_1637330477561_802l30"
                         BASELINE="532,2548 654,2544 777,2542 900,2542 1023,2540 1146,2540 1269,2540 1392,2540 1515,2542 1638,2542 1761,2544 1883,2546 2006,2548 2129,2550 2252,2552 2375,2554 2498,2558 2621,2560 2744,2564 2867,2568 2990,2572"
                         HEIGHT="107"
                         WIDTH="2491"
                         VPOS="2473"
                         HPOS="516">
                  <String ID="string_region_1637330477561_802l30"
                          HEIGHT="107"
                          WIDTH="2491"
                          VPOS="2473"
                          HPOS="516"
                          CONTENT="goederen te acaneeren ende ten waere op hope dat het met"/>
               </TextLine>
               <TextLine ID="region_1637330477561_802l31"
                         BASELINE="574,2636 695,2634 816,2632 937,2632 1058,2632 1179,2634 1300,2634 1421,2636 1542,2636 1663,2638 1784,2641 1905,2644 2026,2646 2147,2648 2268,2652 2389,2654 2510,2656 2631,2659 2752,2662 2873,2664 2994,2666"
                         HEIGHT="129"
                         WIDTH="2454"
                         VPOS="2577"
                         HPOS="558">
                  <String ID="string_region_1637330477561_802l31"
                          HEIGHT="129"
                          WIDTH="2454"
                          VPOS="2577"
                          HPOS="558"
                          CONTENT="godts gratie salver anderen en beeteren ick saude positief"/>
               </TextLine>
               <TextLine ID="region_1637330477561_802l32"
                         BASELINE="526,2740 650,2734 775,2728 900,2724 1025,2722 1150,2720 1274,2720 1399,2722 1524,2722 1649,2725 1774,2728 1898,2730 2023,2732 2148,2736 2273,2738 2398,2740 2522,2741 2647,2742 2772,2742 2897,2740 3022,2738"
                         HEIGHT="134"
                         WIDTH="2528"
                         VPOS="2648"
                         HPOS="511">
                  <String ID="string_region_1637330477561_802l32"
                          HEIGHT="134"
                          WIDTH="2528"
                          VPOS="2648"
                          HPOS="511"
                          CONTENT="de negotie a bandoneeren ghelieft dan te sorghen en mijn beste"/>
               </TextLine>
               <TextLine ID="region_1637330477561_802l33"
                         BASELINE="558,2832 673,2826 788,2820 903,2816 1019,2814 1134,2812 1249,2812 1365,2812 1480,2814 1595,2816 1711,2816 1826,2819 1941,2822 2056,2824 2172,2826 2287,2828 2402,2830 2518,2830 2633,2830 2748,2830 2864,2828"
                         HEIGHT="146"
                         WIDTH="2338"
                         VPOS="2749"
                         HPOS="542">
                  <String ID="string_region_1637330477561_802l33"
                          HEIGHT="146"
                          WIDTH="2338"
                          VPOS="2749"
                          HPOS="542"
                          CONTENT="advantagie waer te nemen en in afwachtinghe van ul"/>
               </TextLine>
               <TextLine ID="region_1637330477561_802l34"
                         BASELINE="580,2936 628,2929 676,2925 724,2922 772,2918 821,2916 869,2914 917,2914 965,2914 1013,2914 1062,2914 1110,2914 1158,2915 1206,2916 1254,2916 1303,2915 1351,2914 1399,2913 1447,2912 1495,2908 1544,2904"
                         HEIGHT="177"
                         WIDTH="995"
                         VPOS="2807"
                         HPOS="564">
                  <String ID="string_region_1637330477561_802l34"
                          HEIGHT="177"
                          WIDTH="995"
                          VPOS="2807"
                          HPOS="564"
                          CONTENT="antwoort soo Blijsee"/>
               </TextLine>
               <TextLine ID="region_1637330477561_802l35"
                         BASELINE="342,3058 404,3054 467,3048 530,3045 593,3042 656,3040 718,3038 781,3036 844,3036 907,3036 970,3036 1032,3038 1095,3038 1158,3040 1221,3040 1284,3042 1346,3044 1409,3044 1472,3046 1535,3046 1598,3046"
                         HEIGHT="196"
                         WIDTH="1286"
                         VPOS="2909"
                         HPOS="327">
                  <String ID="string_region_1637330477561_802l35"
                          HEIGHT="196"
                          WIDTH="1286"
                          VPOS="2909"
                          HPOS="327"
                          CONTENT="London Scaven en stack dale"/>
               </TextLine>
               <TextLine ID="region_1637330477561_802l36"
                         BASELINE="2418,3098 2443,3100 2468,3100 2494,3100 2519,3100 2545,3100 2570,3099 2595,3097 2621,3096 2646,3094 2672,3094 2697,3092 2722,3092 2748,3090 2773,3090 2799,3090 2824,3090 2849,3090 2875,3090 2900,3091 2926,3094"
                         HEIGHT="192"
                         WIDTH="541"
                         VPOS="2965"
                         HPOS="2401">
                  <String ID="string_region_1637330477561_802l36"
                          HEIGHT="192"
                          WIDTH="541"
                          VPOS="2965"
                          HPOS="2401"
                          CONTENT="Adij 28 d"/>
               </TextLine>
               <TextLine ID="region_1637330477561_802l37"
                         BASELINE="568,3170 683,3172 798,3175 914,3177 1029,3180 1145,3184 1260,3186 1375,3190 1491,3194 1606,3196 1722,3200 1837,3203 1952,3206 2068,3209 2183,3212 2299,3214 2414,3216 2529,3218 2645,3220 2760,3220 2876,3222"
                         HEIGHT="173"
                         WIDTH="2342"
                         VPOS="3115"
                         HPOS="551">
                  <String ID="string_region_1637330477561_802l37"
                          HEIGHT="173"
                          WIDTH="2342"
                          VPOS="3115"
                          HPOS="551"
                          CONTENT="ma derniere vous fat le 21 court avec deux remises vre de 14 quin"/>
               </TextLine>
               <TextLine ID="region_1637330477561_802l38"
                         BASELINE="570,3242 692,3248 814,3253 937,3259 1059,3264 1182,3268 1304,3272 1426,3276 1549,3278 1671,3282 1794,3284 1916,3288 2038,3292 2161,3294 2283,3298 2406,3302 2528,3306 2650,3312 2773,3316 2895,3322 3018,3330"
                         HEIGHT="156"
                         WIDTH="2479"
                         VPOS="3189"
                         HPOS="555">
                  <String ID="string_region_1637330477561_802l38"
                          HEIGHT="156"
                          WIDTH="2479"
                          VPOS="3189"
                          HPOS="555"
                          CONTENT="essences sur leet Philip in london de  £100:- l'aultre qu 24 quin"/>
               </TextLine>
               <TextLine ID="region_1637330477561_802l39"
                         BASELINE="554,3330 674,3336 794,3342 914,3346 1034,3350 1154,3354 1274,3358 1394,3362 1514,3364 1634,3366 1754,3370 1874,3372 1994,3374 2114,3378 2234,3381 2354,3384 2474,3388 2594,3392 2714,3398 2834,3403 2954,3408"
                         HEIGHT="171"
                         WIDTH="2432"
                         VPOS="3277"
                         HPOS="539">
                  <String ID="string_region_1637330477561_802l39"
                          HEIGHT="171"
                          WIDTH="2432"
                          VPOS="3277"
                          HPOS="539"
                          CONTENT="2 vrences sur noach de lafontaine wicart aussy de £100:- en"/>
               </TextLine>
               <TextLine ID="region_1637330477561_802l40"
                         BASELINE="564,3434 684,3436 805,3438 925,3440 1046,3442 1167,3444 1287,3446 1408,3450 1528,3452 1649,3454 1770,3456 1890,3460 2011,3462 2131,3466 2252,3468 2373,3472 2493,3476 2614,3480 2734,3484 2855,3489 2976,3494"
                         HEIGHT="134"
                         WIDTH="2447"
                         VPOS="3377"
                         HPOS="546">
                  <String ID="string_region_1637330477561_802l40"
                          HEIGHT="134"
                          WIDTH="2447"
                          VPOS="3377"
                          HPOS="546"
                          CONTENT="semble  £200: - que i'espere vous seront bien parvenue voisy "/>
               </TextLine>
               <TextLine ID="region_1637330477561_802l41"
                         BASELINE="568,3524 688,3526 808,3530 928,3532 1048,3534 1168,3538 1288,3540 1408,3542 1528,3546 1648,3548 1768,3552 1888,3554 2008,3558 2128,3560 2248,3564 2368,3567 2488,3570 2608,3574 2728,3576 2848,3580 2968,3584"
                         HEIGHT="153"
                         WIDTH="2435"
                         VPOS="3478"
                         HPOS="551">
                  <String ID="string_region_1637330477561_802l41"
                          HEIGHT="153"
                          WIDTH="2435"
                          VPOS="3478"
                          HPOS="551"
                          CONTENT="incluse les secondes en cas de besoing de puis ie pme trouve honore "/>
               </TextLine>
               <TextLine ID="region_1637330477561_802l42"
                         BASELINE="572,3618 691,3618 810,3620 929,3620 1048,3622 1167,3624 1286,3626 1405,3628 1524,3631 1643,3634 1763,3638 1882,3641 2001,3644 2120,3648 2239,3652 2358,3656 2477,3660 2596,3664 2715,3668 2834,3673 2954,3676"
                         HEIGHT="187"
                         WIDTH="2413"
                         VPOS="3539"
                         HPOS="557">
                  <String ID="string_region_1637330477561_802l42"
                          HEIGHT="187"
                          WIDTH="2413"
                          VPOS="3539"
                          HPOS="557"
                          CONTENT="de la chere vre du 8 du court p. la quelle ie vois qu'il ny a pois"/>
               </TextLine>
               <TextLine ID="region_1637330477561_802l43"
                         BASELINE="568,3708 689,3708 811,3708 932,3710 1054,3710 1175,3713 1297,3716 1418,3718 1540,3722 1661,3725 1783,3730 1904,3734 2026,3738 2147,3742 2269,3746 2390,3751 2512,3756 2633,3760 2755,3764 2876,3768 2998,3772"
                         HEIGHT="183"
                         WIDTH="2463"
                         VPOS="3621"
                         HPOS="553">
                  <String ID="string_region_1637330477561_802l43"
                          HEIGHT="183"
                          WIDTH="2463"
                          VPOS="3621"
                          HPOS="553"
                          CONTENT="apparence de convoiy pour ostende tellement que ie vous prie de "/>
               </TextLine>
               <TextLine ID="region_1637330477561_802l44"
                         BASELINE="556,3802 676,3798 797,3797 917,3796 1038,3796 1158,3798 1279,3800 1399,3803 1520,3807 1640,3812 1761,3816 1881,3820 2002,3826 2122,3831 2243,3836 2363,3841 2484,3846 2604,3850 2725,3854 2845,3858 2966,3860"
                         HEIGHT="134"
                         WIDTH="2440"
                         VPOS="3738"
                         HPOS="541">
                  <String ID="string_region_1637330477561_802l44"
                          HEIGHT="134"
                          WIDTH="2440"
                          VPOS="3738"
                          HPOS="541"
                          CONTENT="les charger p. Rotterd leest a dire les ballots de cottons et de diuider"/>
               </TextLine>
               <TextLine ID="region_1637330477561_802l45"
                         BASELINE="544,3882 658,3882 772,3882 886,3884 1000,3884 1114,3886 1228,3888 1342,3890 1456,3894 1570,3898 1685,3900 1799,3904 1913,3908 2027,3912 2141,3916 2255,3921 2369,3925 2483,3930 2597,3935 2711,3939 2826,3944"
                         HEIGHT="145"
                         WIDTH="2311"
                         VPOS="3815"
                         HPOS="530">
                  <String ID="string_region_1637330477561_802l45"
                          HEIGHT="145"
                          WIDTH="2311"
                          VPOS="3815"
                          HPOS="530"
                          CONTENT="le  resque dans plusieurs vaisseaux et m'envoyer les"/>
               </TextLine>
               <TextLine ID="region_1637330477561_802l46"
                         BASELINE="552,3986 673,3986 795,3986 917,3986 1039,3988 1161,3990 1282,3992 1404,3996 1526,4000 1648,4004 1770,4007 1891,4012 2013,4016 2135,4022 2257,4026 2379,4030 2500,4035 2622,4040 2744,4044 2866,4048 2988,4052"
                         HEIGHT="137"
                         WIDTH="2470"
                         VPOS="3935"
                         HPOS="536">
                  <String ID="string_region_1637330477561_802l46"
                          HEIGHT="137"
                          WIDTH="2470"
                          VPOS="3935"
                          HPOS="536"
                          CONTENT="connossements i'espere d'avoir dans peu les eschagtillons que "/>
               </TextLine>
               <TextLine ID="region_1637330477561_802l47"
                         BASELINE="554,4078 676,4078 798,4078 920,4080 1042,4082 1165,4084 1287,4088 1409,4090 1531,4095 1653,4100 1776,4104 1898,4108 2020,4114 2142,4118 2264,4123 2387,4128 2509,4132 2631,4138 2753,4141 2875,4144 2998,4148"
                         HEIGHT="124"
                         WIDTH="2478"
                         VPOS="4024"
                         HPOS="537">
                  <String ID="string_region_1637330477561_802l47"
                          HEIGHT="124"
                          WIDTH="2478"
                          VPOS="4024"
                          HPOS="537"
                          CONTENT="ie vous au prie de m'envoyer pour re regler a l'advenant "/>
               </TextLine>
               <TextLine ID="region_1637330477561_802l48"
                         BASELINE="554,4184 675,4184 796,4184 917,4185 1039,4188 1160,4190 1281,4194 1403,4198 1524,4202 1645,4208 1767,4212 1888,4218 2009,4224 2130,4228 2252,4234 2373,4238 2494,4244 2616,4248 2737,4252 2858,4255 2980,4258"
                         HEIGHT="209"
                         WIDTH="2461"
                         VPOS="4083"
                         HPOS="537">
                  <String ID="string_region_1637330477561_802l48"
                          HEIGHT="209"
                          WIDTH="2461"
                          VPOS="4083"
                          HPOS="537"
                          CONTENT="il me taudrat avoir quelque flanelles croises du sceptre les"/>
               </TextLine>
               <TextLine ID="region_1637330477561_802l49"
                         BASELINE="546,4298 663,4298 780,4298 898,4300 1015,4300 1133,4303 1250,4306 1367,4308 1485,4310 1602,4314 1720,4318 1837,4320 1954,4324 2072,4326 2189,4328 2307,4331 2424,4332 2541,4334 2659,4334 2776,4334 2894,4332"
                         HEIGHT="164"
                         WIDTH="2381"
                         VPOS="4183"
                         HPOS="529">
                  <String ID="string_region_1637330477561_802l49"
                          HEIGHT="164"
                          WIDTH="2381"
                          VPOS="4183"
                          HPOS="529"
                          CONTENT="mellieures et aussy   vre soite on peu peus-"/>
               </TextLine>
            </TextBlock>
            <TextBlock ID="region_1637677974966_3141"
                       HEIGHT="4371"
                       WIDTH="2755"
                       VPOS="19"
                       HPOS="278">
               <Shape>
                  <Polygon POINTS="278,19 3033,19 3033,4390 278,4390"/>
               </Shape>
            </TextBlock>
            <TextBlock ID="region_1637677978358_3144"
                       HEIGHT="4360"
                       WIDTH="2789"
                       VPOS="30"
                       HPOS="3061">
               <Shape>
                  <Polygon POINTS="3061,30 5850,30 5850,4390 3061,4390"/>
               </Shape>
            </TextBlock>
            <TextBlock ID="region_1637330482510_805"
                       HEIGHT="4371"
                       WIDTH="2801"
                       VPOS="0"
                       HPOS="3072">
               <Shape>
                  <Polygon POINTS="3072,-4 5873,-4 5873,4371 3072,4371"/>
               </Shape>
               <TextLine ID="region_1637330482510_805l1"
                         BASELINE="3344,82 3465,82 3586,84 3707,84 3828,84 3949,84 4070,84 4191,82 4312,82 4433,82 4555,82 4676,82 4797,84 4918,84 5039,85 5160,86 5281,88 5402,90 5523,94 5644,98 5766,102"
                         HEIGHT="121"
                         WIDTH="2453"
                         VPOS="8"
                         HPOS="3329">
                  <String ID="string_region_1637330482510_805l1"
                          HEIGHT="121"
                          WIDTH="2453"
                          VPOS="8"
                          HPOS="3329"
                          CONTENT=" n e a e eae e ve e  e p l'onnee passe mais il m'enfault"/>
               </TextLine>
               <TextLine ID="region_1637330482510_805l2"
                         BASELINE="3336,144 3459,144 3582,144 3705,144 3828,144 3951,144 4074,146 4197,146 4320,146 4443,148 4566,148 4689,150 4812,152 4935,154 5058,156 5181,158 5304,160 5427,164 5550,168 5673,172 5796,176"
                         HEIGHT="184"
                         WIDTH="2490"
                         VPOS="55"
                         HPOS="3321">
                  <String ID="string_region_1637330482510_805l2"
                          HEIGHT="184"
                          WIDTH="2490"
                          VPOS="55"
                          HPOS="3321"
                          CONTENT="de mellieure qualité pour vre governe p. mot prochaine ie vous exrive"/>
               </TextLine>
               <TextLine ID="region_1637330482510_805l3"
                         BASELINE="3292,220 3367,216 3442,214 3517,212 3592,210 3668,210 3743,210 3818,212 3893,214 3968,214 4044,217 4119,218 4194,221 4269,224 4344,226 4420,228 4495,230 4570,230 4645,230 4720,232 4796,230"
                         HEIGHT="167"
                         WIDTH="1537"
                         VPOS="126"
                         HPOS="3276">
                  <String ID="string_region_1637330482510_805l3"
                          HEIGHT="167"
                          WIDTH="1537"
                          VPOS="126"
                          HPOS="3276"
                          CONTENT="ray surce suiest et entre temps ie medit "/>
               </TextLine>
               <TextLine ID="region_1637330482510_805l4"
                         BASELINE="3112,340 3177,337 3242,334 3307,332 3372,330 3437,330 3502,330 3567,332 3632,332 3697,334 3762,336 3827,338 3892,339 3957,342 4022,343 4087,344 4152,346 4217,346 4282,348 4347,346 4412,346"
                         HEIGHT="177"
                         WIDTH="1333"
                         VPOS="224"
                         HPOS="3096">
                  <String ID="string_region_1637330482510_805l4"
                          HEIGHT="177"
                          WIDTH="1333"
                          VPOS="224"
                          HPOS="3096"
                          CONTENT="London Coasp. vanden Busche "/>
               </TextLine>
               <TextLine ID="region_1637330482510_805l5"
                         BASELINE="5270,426 5295,426 5320,424 5345,423 5371,422 5396,420 5421,418 5447,418 5472,416 5497,415 5523,414 5548,414 5573,413 5598,412 5624,412 5649,412 5674,412 5700,412 5725,414 5750,414 5776,416"
                         HEIGHT="164"
                         WIDTH="542"
                         VPOS="313"
                         HPOS="5252">
                  <String ID="string_region_1637330482510_805l5"
                          HEIGHT="164"
                          WIDTH="542"
                          VPOS="313"
                          HPOS="5252"
                          CONTENT="Adij 28 Julii 1707"/>
               </TextLine>
               <TextLine ID="region_1637330482510_805l6"
                         BASELINE="3342,490 3464,488 3587,488 3710,488 3832,488 3955,490 4078,491 4200,493 4323,496 4446,499 4569,502 4691,506 4814,509 4937,512 5059,516 5182,520 5305,522 5427,524 5550,528 5673,528 5796,530"
                         HEIGHT="184"
                         WIDTH="2488"
                         VPOS="381"
                         HPOS="3326">
                  <String ID="string_region_1637330482510_805l6"
                          HEIGHT="184"
                          WIDTH="2488"
                          VPOS="381"
                          HPOS="3326"
                          CONTENT="hebbe ul. 14 court. gheschreven die verhoope ul. wel sal sijn gteneorden met "/>
               </TextLine>
               <TextLine ID="region_1637330482510_805l7"
                         BASELINE="3338,572 3460,570 3582,570 3704,570 3827,570 3949,570 4071,571 4194,572 4316,574 4438,576 4561,578 4683,580 4805,584 4927,586 5050,590 5172,592 5294,596 5417,599 5539,602 5661,606 5784,608"
                         HEIGHT="125"
                         WIDTH="2479"
                         VPOS="513"
                         HPOS="3323">
                  <String ID="string_region_1637330482510_805l7"
                          HEIGHT="125"
                          WIDTH="2479"
                          VPOS="513"
                          HPOS="3323"
                          CONTENT="versoeck van voor mij in te coopen met en trointian sounskins bayen"/>
               </TextLine>
               <TextLine ID="region_1637330482510_805l8"
                         BASELINE="3326,644 3448,643 3571,642 3693,642 3816,642 3939,642 4061,642 4184,644 4306,646 4429,648 4552,650 4674,652 4797,655 4919,658 5042,660 5165,664 5287,666 5410,669 5532,672 5655,674 5778,676"
                         HEIGHT="114"
                         WIDTH="2485"
                         VPOS="598"
                         HPOS="3310">
                  <String ID="string_region_1637330482510_805l8"
                          HEIGHT="114"
                          WIDTH="2485"
                          VPOS="598"
                          HPOS="3310"
                          CONTENT="ende dat van differente soorten en prijssen ende die te packen in een "/>
               </TextLine>
               <TextLine ID="region_1637330482510_805l9"
                         BASELINE="3344,712 3462,710 3581,708 3700,708 3818,708 3937,708 4056,710 4174,712 4293,714 4412,716 4531,720 4649,722 4768,726 4887,730 5005,734 5124,738 5243,742 5361,746 5480,750 5599,754 5718,756"
                         HEIGHT="137"
                         WIDTH="2403"
                         VPOS="634"
                         HPOS="3329">
                  <String ID="string_region_1637330482510_805l9"
                          HEIGHT="137"
                          WIDTH="2403"
                          VPOS="634"
                          HPOS="3329"
                          CONTENT="pack met ½ witte cotton tot terduleire ende af te sonden met een"/>
               </TextLine>
               <TextLine ID="region_1637330482510_805l10"
                         BASELINE="3336,784 3459,782 3582,780 3706,778 3829,778 3953,780 4076,781 4199,784 4323,786 4446,788 4570,792 4693,796 4816,800 4940,804 5063,806 5187,810 5310,812 5433,814 5557,816 5680,816 5804,816"
                         HEIGHT="140"
                         WIDTH="2501"
                         VPOS="710"
                         HPOS="3321">
                  <String ID="string_region_1637330482510_805l10"
                          HEIGHT="140"
                          WIDTH="2501"
                          VPOS="710"
                          HPOS="3321"
                          CONTENT="goet schip en schipper p. eerste convoij vertreckende op Rotterd het"/>
               </TextLine>
               <TextLine ID="region_1637330482510_805l11"
                         BASELINE="3320,864 3443,858 3567,854 3691,852 3815,850 3939,850 4063,851 4187,852 4311,854 4435,856 4559,860 4682,862 4806,867 4930,870 5054,873 5178,876 5302,880 5426,883 5550,886 5674,888 5798,888"
                         HEIGHT="139"
                         WIDTH="2514"
                         VPOS="800"
                         HPOS="3302">
                  <String ID="string_region_1637330482510_805l11"
                          HEIGHT="139"
                          WIDTH="2514"
                          VPOS="800"
                          HPOS="3302"
                          CONTENT="sgnene pr. Desen confirmeere en afentachtende deerel van ul antwort"/>
               </TextLine>
               <TextLine ID="region_1637330482510_805l12"
                         BASELINE="3302,946 3328,944 3354,942 3380,941 3406,939 3432,937 3458,934 3484,934 3510,932 3536,930 3563,928 3589,928 3615,926 3641,926 3667,924 3693,924 3719,922 3745,922 3771,921 3798,920"
                         HEIGHT="129"
                         WIDTH="531"
                         VPOS="860"
                         HPOS="3284">
                  <String ID="string_region_1637330482510_805l12"
                          HEIGHT="129"
                          WIDTH="531"
                          VPOS="860"
                          HPOS="3284"
                          CONTENT="soo Blijve"/>
               </TextLine>
               <TextLine ID="region_1637330482510_805l13"
                         BASELINE="3124,1086 3192,1082 3261,1079 3330,1076 3399,1076 3468,1076 3537,1076 3606,1078 3675,1081 3744,1083 3813,1087 3881,1089 3950,1094 4019,1096 4088,1100 4157,1102 4226,1104 4295,1106 4364,1106 4433,1105 4502,1102"
                         HEIGHT="208"
                         WIDTH="1413"
                         VPOS="948"
                         HPOS="3108">
                  <String ID="string_region_1637330482510_805l13"
                          HEIGHT="208"
                          WIDTH="1413"
                          VPOS="948"
                          HPOS="3108"
                          CONTENT="Brussel de wed. vander Borght"/>
               </TextLine>
               <TextLine ID="region_1637330482510_805l14"
                         BASELINE="5216,1110 5241,1110 5266,1112 5291,1112 5316,1114 5341,1114 5366,1114 5391,1116 5416,1116 5441,1118 5467,1118 5492,1120 5517,1120 5542,1122 5567,1124 5592,1125 5617,1128 5642,1131 5667,1133 5692,1135 5718,1140"
                         HEIGHT="165"
                         WIDTH="541"
                         VPOS="996"
                         HPOS="5198">
                  <String ID="string_region_1637330482510_805l14"
                          HEIGHT="165"
                          WIDTH="541"
                          VPOS="996"
                          HPOS="5198"
                          CONTENT="Adij 28 d"/>
               </TextLine>
               <TextLine ID="region_1637330482510_805l15"
                         BASELINE="3272,1200 3394,1204 3516,1207 3639,1210 3761,1214 3884,1216 4006,1220 4128,1222 4251,1226 4373,1228 4496,1232 4618,1236 4740,1239 4863,1242 4985,1246 5108,1250 5230,1256 5352,1260 5475,1266 5597,1272 5720,1278"
                         HEIGHT="174"
                         WIDTH="2483"
                         VPOS="1108"
                         HPOS="3256">
                  <String ID="string_region_1637330482510_805l15"
                          HEIGHT="174"
                          WIDTH="2483"
                          VPOS="1108"
                          HPOS="3256"
                          CONTENT=" ick hebbe ul. aenghenaeme wel ontfanghen en midts het ul. soo"/>
               </TextLine>
               <TextLine ID="region_1637330482510_805l16"
                         BASELINE="3338,1296 3460,1298 3582,1300 3704,1301 3827,1304 3949,1306 4071,1308 4194,1310 4316,1314 4438,1316 4561,1320 4683,1322 4805,1327 4927,1330 5050,1335 5172,1340 5294,1344 5417,1350 5539,1354 5661,1361 5784,1366"
                         HEIGHT="151"
                         WIDTH="2478"
                         VPOS="1233"
                         HPOS="3321">
                  <String ID="string_region_1637330482510_805l16"
                          HEIGHT="151"
                          WIDTH="2478"
                          VPOS="1233"
                          HPOS="3321"
                          CONTENT="ghelieft heden op ul. ghetrocken sio hondert guldens wisselghelde in"/>
               </TextLine>
               <TextLine ID="region_1637330482510_805l17"
                         BASELINE="3332,1378 3453,1380 3575,1382 3697,1384 3819,1386 3941,1389 4063,1392 4185,1396 4307,1398 4429,1402 4551,1406 4672,1410 4794,1414 4916,1418 5038,1422 5160,1426 5282,1431 5404,1435 5526,1440 5648,1444 5770,1450"
                         HEIGHT="145"
                         WIDTH="2468"
                         VPOS="1308"
                         HPOS="3317">
                  <String ID="string_region_1637330482510_805l17"
                          HEIGHT="145"
                          WIDTH="2468"
                          VPOS="1308"
                          HPOS="3317"
                          CONTENT="brief op trocedaeghen dato te betaelen aen d ordre van Ah. theodor"/>
               </TextLine>
               <TextLine ID="region_1637330482510_805l18"
                         BASELINE="3340,1480 3461,1478 3582,1478 3703,1478 3824,1478 3946,1480 4067,1482 4188,1484 4309,1486 4430,1488 4552,1492 4673,1494 4794,1498 4915,1502 5036,1506 5158,1510 5279,1514 5400,1518 5521,1522 5642,1526 5764,1530"
                         HEIGHT="159"
                         WIDTH="2458"
                         VPOS="1397"
                         HPOS="3323">
                  <String ID="string_region_1637330482510_805l18"
                          HEIGHT="159"
                          WIDTH="2458"
                          VPOS="1397"
                          HPOS="3323"
                          CONTENT="Broeckmans die versoecke conform ghelieft te verheeren en ul."/>
               </TextLine>
               <TextLine ID="region_1637330482510_805l19"
                         BASELINE="3332,1562 3451,1560 3570,1558 3689,1558 3808,1560 3928,1562 4047,1564 4166,1566 4285,1569 4404,1572 4524,1576 4643,1580 4762,1584 4881,1588 5000,1590 5120,1594 5239,1596 5358,1598 5477,1600 5596,1601 5716,1600"
                         HEIGHT="186"
                         WIDTH="2417"
                         VPOS="1468"
                         HPOS="3317">
                  <String ID="string_region_1637330482510_805l19"
                          HEIGHT="186"
                          WIDTH="2417"
                          VPOS="1468"
                          HPOS="3317"
                          CONTENT="sal ony verobligeren hadde vant ghostelt met de ghepasseerde h"/>
               </TextLine>
               <TextLine ID="region_1637330482510_805l20"
                         BASELINE="3328,1654 3452,1650 3577,1648 3701,1648 3826,1648 3951,1648 4075,1650 4200,1652 4324,1656 4449,1659 4574,1663 4698,1667 4823,1671 4947,1675 5072,1678 5197,1682 5321,1684 5446,1686 5570,1688 5695,1688 5820,1688"
                         HEIGHT="172"
                         WIDTH="2526"
                         VPOS="1573"
                         HPOS="3312">
                  <String ID="string_region_1637330482510_805l20"
                          HEIGHT="172"
                          WIDTH="2526"
                          VPOS="1573"
                          HPOS="3312"
                          CONTENT="daeghen tot Brussel te wesen doch om merckelijcke voor ghecome"/>
               </TextLine>
               <TextLine ID="region_1637330482510_805l21"
                         BASELINE="3342,1744 3460,1742 3579,1742 3698,1740 3817,1740 3936,1742 4054,1742 4173,1744 4292,1746 4411,1748 4530,1750 4648,1753 4767,1756 4886,1758 5005,1762 5124,1764 5242,1768 5361,1770 5480,1772 5599,1776 5718,1778"
                         HEIGHT="113"
                         WIDTH="2410"
                         VPOS="1671"
                         HPOS="3324">
                  <String ID="string_region_1637330482510_805l21"
                          HEIGHT="113"
                          WIDTH="2410"
                          VPOS="1671"
                          HPOS="3324"
                          CONTENT="belotselen en hebbe het selve niet connen doen ick hope dat het"/>
               </TextLine>
               <TextLine ID="region_1637330482510_805l22"
                         BASELINE="3318,1822 3442,1822 3566,1822 3690,1822 3814,1822 3938,1824 4062,1824 4186,1826 4310,1828 4434,1830 4559,1832 4683,1836 4807,1838 4931,1842 5055,1845 5179,1848 5303,1852 5427,1856 5551,1860 5675,1864 5800,1868"
                         HEIGHT="152"
                         WIDTH="2513"
                         VPOS="1769"
                         HPOS="3304">
                  <String ID="string_region_1637330482510_805l22"
                          HEIGHT="152"
                          WIDTH="2513"
                          VPOS="1769"
                          HPOS="3304"
                          CONTENT="at gaende saioen sal fauoraebelder wesen voor qnoe negotie als"/>
               </TextLine>
               <TextLine ID="region_1637330482510_805l23"
                         BASELINE="3328,1906 3449,1906 3570,1906 3691,1908 3812,1908 3933,1908 4054,1910 4175,1912 4296,1914 4417,1916 4539,1918 4660,1922 4781,1925 4902,1928 5023,1932 5144,1937 5265,1942 5386,1947 5507,1952 5628,1958 5750,1964"
                         HEIGHT="164"
                         WIDTH="2452"
                         VPOS="1825"
                         HPOS="3313">
                  <String ID="string_region_1637330482510_805l23"
                          HEIGHT="164"
                          WIDTH="2452"
                          VPOS="1825"
                          HPOS="3313"
                          CONTENT="het ghepasseerde ende dat ul. magh goet de het hebben ick ben"/>
               </TextLine>
               <TextLine ID="region_1637330482510_805l24"
                         BASELINE="3334,1992 3457,1992 3580,1992 3703,1992 3826,1992 3949,1994 4072,1994 4195,1996 4318,1998 4441,2000 4564,2003 4687,2006 4810,2010 4933,2015 5056,2020 5179,2026 5302,2032 5425,2040 5548,2047 5671,2057 5794,2066"
                         HEIGHT="173"
                         WIDTH="2494"
                         VPOS="1931"
                         HPOS="3318">
                  <String ID="string_region_1637330482510_805l24"
                          HEIGHT="173"
                          WIDTH="2494"
                          VPOS="1931"
                          HPOS="3318"
                          CONTENT="van alle soorten van goederen ten wijttersten voor sien tot ul dienst"/>
               </TextLine>
               <TextLine ID="region_1637330482510_805l25"
                         BASELINE="3310,2078 3336,2080 3363,2081 3390,2083 3417,2086 3444,2086 3470,2089 3497,2091 3524,2092 3551,2093 3578,2094 3604,2094 3631,2094 3658,2094 3685,2092 3712,2090 3738,2088 3765,2084 3792,2079 3819,2074 3846,2066"
                         HEIGHT="155"
                         WIDTH="570"
                         VPOS="1999"
                         HPOS="3293">
                  <String ID="string_region_1637330482510_805l25"
                          HEIGHT="155"
                          WIDTH="570"
                          VPOS="1999"
                          HPOS="3293"
                          CONTENT="dae Blijve"/>
               </TextLine>
               <TextLine ID="region_1637330482510_805l26"
                         BASELINE="3194,2200 3241,2193 3289,2187 3336,2184 3384,2182 3431,2182 3479,2182 3526,2184 3574,2186 3621,2190 3669,2192 3716,2196 3764,2198 3811,2202 3859,2204 3906,2206 3954,2206 4001,2208 4049,2206 4096,2204 4144,2200"
                         HEIGHT="179"
                         WIDTH="984"
                         VPOS="2074"
                         HPOS="3176">
                  <String ID="string_region_1637330482510_805l26"
                          HEIGHT="179"
                          WIDTH="984"
                          VPOS="2074"
                          HPOS="3176"
                          CONTENT="ghendt Jacob Baut"/>
               </TextLine>
               <TextLine ID="region_1637330482510_805l27"
                         BASELINE="5258,2244 5283,2242 5309,2237 5334,2235 5360,2234 5385,2233 5411,2232 5436,2232 5462,2232 5487,2233 5513,2234 5538,2236 5564,2238 5589,2238 5615,2241 5640,2243 5666,2245 5691,2247 5717,2248 5742,2249 5768,2250"
                         HEIGHT="209"
                         WIDTH="545"
                         VPOS="2103"
                         HPOS="5242">
                  <String ID="string_region_1637330482510_805l27"
                          HEIGHT="209"
                          WIDTH="545"
                          VPOS="2103"
                          HPOS="5242"
                          CONTENT="Adij 30 d."/>
               </TextLine>
               <TextLine ID="region_1637330482510_805l28"
                         BASELINE="3336,2306 3451,2308 3567,2310 3682,2311 3798,2312 3914,2314 4029,2316 4145,2318 4260,2320 4376,2322 4492,2324 4607,2328 4723,2330 4838,2332 4954,2335 5070,2338 5185,2342 5301,2346 5416,2349 5532,2353 5648,2358"
                         HEIGHT="168"
                         WIDTH="2345"
                         VPOS="2234"
                         HPOS="3321">
                  <String ID="string_region_1637330482510_805l28"
                          HEIGHT="168"
                          WIDTH="2345"
                          VPOS="2234"
                          HPOS="3321"
                          CONTENT="hebbe ul op 17 court largo gheschgeven die verhoope ul. wel sal sijn"/>
               </TextLine>
               <TextLine ID="region_1637330482510_805l29"
                         BASELINE="3360,2390 3483,2390 3607,2390 3730,2392 3854,2392 3977,2394 4101,2396 4224,2398 4348,2402 4471,2404 4595,2407 4718,2410 4842,2414 4965,2418 5089,2422 5212,2426 5336,2429 5459,2432 5583,2436 5706,2440 5830,2442"
                         HEIGHT="165"
                         WIDTH="2504"
                         VPOS="2322"
                         HPOS="3343">
                  <String ID="string_region_1637330482510_805l29"
                          HEIGHT="165"
                          WIDTH="2504"
                          VPOS="2322"
                          HPOS="3343"
                          CONTENT="ahe worden sedert van ul. niets vernomen het ghene mij de toordeelen"/>
               </TextLine>
               <TextLine ID="region_1637330482510_805l30"
                         BASELINE="3334,2470 3458,2468 3583,2466 3708,2467 3833,2468 3958,2470 4082,2471 4207,2474 4332,2477 4457,2480 4582,2483 4706,2486 4831,2490 4956,2494 5081,2498 5206,2502 5330,2504 5455,2508 5580,2510 5705,2512 5830,2514"
                         HEIGHT="152"
                         WIDTH="2529"
                         VPOS="2404"
                         HPOS="3319">
                  <String ID="string_region_1637330482510_805l30"
                          HEIGHT="152"
                          WIDTH="2529"
                          VPOS="2404"
                          HPOS="3319"
                          CONTENT="datter niets naerders inden boedel van Reynier de Buck moet wesen"/>
               </TextLine>
               <TextLine ID="region_1637330482510_805l31"
                         BASELINE="3340,2546 3463,2542 3587,2540 3711,2540 3835,2540 3959,2540 4083,2542 4207,2546 4331,2548 4455,2552 4579,2556 4702,2560 4826,2564 4950,2569 5074,2573 5198,2578 5322,2581 5446,2584 5570,2588 5694,2590 5818,2592"
                         HEIGHT="111"
                         WIDTH="2511"
                         VPOS="2504"
                         HPOS="3323">
                  <String ID="string_region_1637330482510_805l31"
                          HEIGHT="111"
                          WIDTH="2511"
                          VPOS="2504"
                          HPOS="3323"
                          CONTENT="ghepasseert alsoo een van mijn calanten tot sith mij heef versocht"/>
               </TextLine>
               <TextLine ID="region_1637330482510_805l32"
                         BASELINE="3314,2630 3435,2624 3556,2620 3677,2618 3798,2618 3919,2618 4040,2620 4161,2622 4282,2626 4403,2630 4525,2633 4646,2638 4767,2643 4888,2648 5009,2652 5130,2656 5251,2660 5372,2662 5493,2664 5614,2666 5736,2666"
                         HEIGHT="143"
                         WIDTH="2455"
                         VPOS="2553"
                         HPOS="3298">
                  <String ID="string_region_1637330482510_805l32"
                          HEIGHT="143"
                          WIDTH="2455"
                          VPOS="2553"
                          HPOS="3298"
                          CONTENT="van hem opt spoedighste een stuck laecken oner ghendt toe te"/>
               </TextLine>
               <TextLine ID="region_1637330482510_805l33"
                         BASELINE="3358,2716 3478,2712 3599,2710 3720,2708 3840,2706 3961,2706 4082,2706 4202,2708 4323,2710 4444,2712 4565,2716 4685,2718 4806,2723 4927,2728 5047,2732 5168,2738 5289,2744 5409,2749 5530,2756 5651,2763 5772,2770"
                         HEIGHT="155"
                         WIDTH="2447"
                         VPOS="2634"
                         HPOS="3342">
                  <String ID="string_region_1637330482510_805l33"
                          HEIGHT="155"
                          WIDTH="2447"
                          VPOS="2634"
                          HPOS="3342"
                          CONTENT="senden soo hebbe de libbertijdt ghebruyckt van den volle heden"/>
               </TextLine>
               <TextLine ID="region_1637330482510_805l34"
                         BASELINE="3344,2788 3467,2788 3591,2788 3714,2788 3838,2790 3961,2790 4085,2792 4208,2794 4332,2798 4455,2800 4579,2804 4702,2807 4826,2810 4949,2814 5073,2818 5196,2824 5320,2827 5443,2832 5567,2836 5690,2840 5814,2846"
                         HEIGHT="151"
                         WIDTH="2504"
                         VPOS="2722"
                         HPOS="3327">
                  <String ID="string_region_1637330482510_805l34"
                          HEIGHT="151"
                          WIDTH="2504"
                          VPOS="2722"
                          HPOS="3327"
                          CONTENT="pr. waeghens aen ul. te addresseren, sijnde ghemerckt IB. ghelieft"/>
               </TextLine>
               <TextLine ID="region_1637330482510_805l35"
                         BASELINE="3328,2858 3452,2862 3576,2864 3700,2866 3824,2870 3949,2872 4073,2874 4197,2878 4321,2880 4445,2884 4570,2887 4694,2890 4818,2894 4942,2898 5066,2900 5191,2904 5315,2908 5439,2912 5563,2916 5687,2920 5812,2926"
                         HEIGHT="166"
                         WIDTH="2519"
                         VPOS="2801"
                         HPOS="3311">
                  <String ID="string_region_1637330482510_805l35"
                          HEIGHT="166"
                          WIDTH="2519"
                          VPOS="2801"
                          HPOS="3311"
                          CONTENT="de goedtheydt te hebben van ul. enecht te doen informeren inde "/>
               </TextLine>
               <TextLine ID="region_1637330482510_805l36"
                         BASELINE="3342,2946 3462,2946 3583,2948 3704,2949 3825,2950 3946,2952 4067,2954 4188,2956 4309,2958 4430,2960 4551,2962 4671,2966 4792,2968 4913,2972 5034,2976 5155,2980 5276,2984 5397,2990 5518,2995 5639,3000 5760,3006"
                         HEIGHT="169"
                         WIDTH="2451"
                         VPOS="2881"
                         HPOS="3327">
                  <String ID="string_region_1637330482510_805l36"
                          HEIGHT="169"
                          WIDTH="2451"
                          VPOS="2881"
                          HPOS="3327"
                          CONTENT="perberghe le lion dor naerden voerman van stth gesllaen"/>
               </TextLine>
               <TextLine ID="region_1637330482510_805l37"
                         BASELINE="3368,3038 3489,3036 3611,3035 3732,3034 3854,3034 3975,3034 4097,3036 4218,3038 4340,3038 4461,3042 4583,3044 4704,3048 4826,3052 4947,3056 5069,3060 5190,3064 5312,3069 5433,3074 5555,3080 5676,3084 5798,3090"
                         HEIGHT="148"
                         WIDTH="2459"
                         VPOS="2947"
                         HPOS="3353">
                  <String ID="string_region_1637330482510_805l37"
                          HEIGHT="148"
                          WIDTH="2459"
                          VPOS="2947"
                          HPOS="3353"
                          CONTENT="ende vertreckende hem d. rolle te leveren met een addres voor"/>
               </TextLine>
               <TextLine ID="region_1637330482510_805l38"
                         BASELINE="3354,3108 3476,3108 3599,3108 3721,3110 3844,3111 3966,3112 4089,3114 4211,3116 4334,3119 4456,3122 4579,3125 4701,3128 4824,3132 4946,3135 5069,3140 5191,3144 5314,3148 5436,3154 5559,3160 5681,3165 5804,3172"
                         HEIGHT="143"
                         WIDTH="2486"
                         VPOS="3057"
                         HPOS="3337">
                  <String ID="string_region_1637330482510_805l38"
                          HEIGHT="143"
                          WIDTH="2486"
                          VPOS="3057"
                          HPOS="3337"
                          CONTENT="mons. Ignace horion tot tth en ul sal mij verobligeren ick "/>
               </TextLine>
               <TextLine ID="region_1637330482510_805l39"
                         BASELINE="3354,3198 3477,3196 3601,3194 3725,3194 3848,3194 3972,3194 4096,3196 4219,3198 4343,3200 4467,3202 4591,3206 4714,3211 4838,3216 4962,3220 5085,3226 5209,3232 5333,3238 5456,3244 5580,3250 5704,3258 5828,3264"
                         HEIGHT="156"
                         WIDTH="2506"
                         VPOS="3135"
                         HPOS="3338">
                  <String ID="string_region_1637330482510_805l39"
                          HEIGHT="156"
                          WIDTH="2506"
                          VPOS="3135"
                          HPOS="3338"
                          CONTENT="beginne crancken moet in d'affairens van de rijck te crijghen"/>
               </TextLine>
               <TextLine ID="region_1637330482510_805l40"
                         BASELINE="3342,3280 3464,3280 3587,3280 3710,3280 3833,3280 3956,3282 4078,3284 4201,3286 4324,3288 4447,3290 4570,3294 4692,3297 4815,3300 4938,3305 5061,3311 5184,3316 5306,3322 5429,3329 5552,3336 5675,3344 5798,3352"
                         HEIGHT="162"
                         WIDTH="2486"
                         VPOS="3237"
                         HPOS="3327">
                  <String ID="string_region_1637330482510_805l40"
                          HEIGHT="162"
                          WIDTH="2486"
                          VPOS="3237"
                          HPOS="3327"
                          CONTENT="iedts van consideratie voorvallende bidde mij te adviseren bidde "/>
               </TextLine>
               <TextLine ID="region_1637330482510_805l41"
                         BASELINE="3362,3368 3482,3368 3602,3368 3722,3368 3842,3368 3963,3368 4083,3370 4203,3370 4323,3372 4443,3374 4564,3376 4684,3380 4804,3382 4924,3386 5044,3390 5165,3396 5285,3400 5405,3408 5525,3414 5645,3422 5766,3430"
                         HEIGHT="148"
                         WIDTH="2438"
                         VPOS="3302"
                         HPOS="3346">
                  <String ID="string_region_1637330482510_805l41"
                          HEIGHT="148"
                          WIDTH="2438"
                          VPOS="3302"
                          HPOS="3346"
                          CONTENT="mij oock eens p occasie te adviseren ul. ghenoelen weghens "/>
               </TextLine>
               <TextLine ID="region_1637330482510_805l42"
                         BASELINE="3366,3466 3484,3463 3603,3460 3721,3458 3840,3456 3959,3454 4077,3454 4196,3454 4314,3454 4433,3456 4552,3458 4670,3460 4789,3462 4907,3466 5026,3470 5145,3475 5263,3480 5382,3487 5500,3494 5619,3502 5738,3510"
                         HEIGHT="149"
                         WIDTH="2406"
                         VPOS="3380"
                         HPOS="3348">
                  <String ID="string_region_1637330482510_805l42"
                          HEIGHT="149"
                          WIDTH="2406"
                          VPOS="3380"
                          HPOS="3348"
                          CONTENT="Dh B Baptte De Sadelaer costy ot hij fan suffesante en goet "/>
               </TextLine>
               <TextLine ID="region_1637330482510_805l43"
                         BASELINE="3362,3558 3485,3553 3609,3549 3732,3546 3856,3544 3980,3542 4103,3540 4227,3540 4350,3540 4474,3542 4598,3544 4721,3546 4845,3549 4968,3553 5092,3557 5216,3562 5339,3568 5463,3574 5586,3581 5710,3589 5834,3596"
                         HEIGHT="190"
                         WIDTH="2504"
                         VPOS="3456"
                         HPOS="3347">
                  <String ID="string_region_1637330482510_805l43"
                          HEIGHT="190"
                          WIDTH="2504"
                          VPOS="3456"
                          HPOS="3347"
                          CONTENT="credigt is tant doen oock confinhgel met hebh in wolle goederen"/>
               </TextLine>
               <TextLine ID="region_1637330482510_805l44"
                         BASELINE="3366,3640 3487,3637 3609,3634 3730,3632 3852,3632 3974,3630 4095,3631 4217,3632 4338,3632 4460,3634 4582,3636 4703,3639 4825,3642 4946,3646 5068,3650 5190,3652 5311,3657 5433,3662 5554,3667 5676,3672 5798,3676"
                         HEIGHT="133"
                         WIDTH="2467"
                         VPOS="3589"
                         HPOS="3349">
                  <String ID="string_region_1637330482510_805l44"
                          HEIGHT="133"
                          WIDTH="2467"
                          VPOS="3589"
                          HPOS="3349"
                          CONTENT="in alle occasien daer capassel saude moghen wesen om ul."/>
               </TextLine>
               <TextLine ID="region_1637330482510_805l45"
                         BASELINE="3358,3718 3453,3716 3549,3714 3645,3714 3741,3714 3837,3714 3932,3714 4028,3714 4124,3714 4220,3716 4316,3718 4411,3718 4507,3720 4603,3722 4699,3724 4795,3726 4890,3728 4986,3730 5082,3732 5178,3736 5274,3738"
                         HEIGHT="130"
                         WIDTH="1950"
                         VPOS="3657"
                         HPOS="3341">
                  <String ID="string_region_1637330482510_805l45"
                          HEIGHT="130"
                          WIDTH="1950"
                          VPOS="3657"
                          HPOS="3341"
                          CONTENT="te dienen bidde mij te commanderen die Blijve"/>
               </TextLine>
               <TextLine ID="region_1637330482510_805l46"
                         BASELINE="3138,3880 3185,3876 3233,3874 3281,3872 3329,3870 3377,3869 3424,3868 3472,3868 3520,3866 3568,3866 3616,3866 3663,3868 3711,3868 3759,3868 3807,3868 3855,3868 3902,3870 3950,3870 3998,3870 4046,3870 4094,3870"
                         HEIGHT="204"
                         WIDTH="990"
                         VPOS="3738"
                         HPOS="3121">
                  <String ID="string_region_1637330482510_805l46"
                          HEIGHT="204"
                          WIDTH="990"
                          VPOS="3738"
                          HPOS="3121"
                          CONTENT="Ath Cognace horion"/>
               </TextLine>
               <TextLine ID="region_1637330482510_805l47"
                         BASELINE="5206,3950 5232,3948 5259,3948 5285,3946 5312,3945 5339,3944 5365,3944 5392,3944 5418,3946 5445,3946 5472,3947 5498,3948 5525,3950 5551,3952 5578,3954 5605,3956 5631,3958 5658,3961 5684,3965 5711,3968 5738,3970"
                         HEIGHT="198"
                         WIDTH="567"
                         VPOS="3809"
                         HPOS="5190">
                  <String ID="string_region_1637330482510_805l47"
                          HEIGHT="198"
                          WIDTH="567"
                          VPOS="3809"
                          HPOS="5190"
                          CONTENT="Adij 30 d."/>
               </TextLine>
               <TextLine ID="region_1637330482510_805l48"
                         BASELINE="3352,4100 3471,4100 3590,4100 3709,4100 3829,4098 3948,4098 4067,4098 4187,4100 4306,4100 4425,4100 4545,4100 4664,4102 4783,4104 4902,4104 5022,4106 5141,4108 5260,4110 5380,4112 5499,4116 5618,4118 5738,4122"
                         HEIGHT="204"
                         WIDTH="2419"
                         VPOS="3976"
                         HPOS="3336">
                  <String ID="string_region_1637330482510_805l48"
                          HEIGHT="204"
                          WIDTH="2419"
                          VPOS="3976"
                          HPOS="3336"
                          CONTENT="en suitte que ie vous au advise le 22 du court i'ay envoyee le drap"/>
               </TextLine>
               <TextLine ID="region_1637330482510_805l49"
                         BASELINE="3344,4194 3465,4193 3587,4192 3708,4192 3830,4192 3951,4192 4073,4192 4194,4193 4316,4194 4437,4196 4559,4198 4680,4200 4802,4202 4923,4206 5045,4208 5166,4212 5288,4214 5409,4218 5531,4222 5652,4224 5774,4228"
                         HEIGHT="141"
                         WIDTH="2464"
                         VPOS="4127"
                         HPOS="3328">
                  <String ID="string_region_1637330482510_805l49"
                          HEIGHT="141"
                          WIDTH="2464"
                          VPOS="4127"
                          HPOS="3328"
                          CONTENT="blanc dans ure elle marque I.EL a gand ie ne doubte pas"/>
               </TextLine>
               <TextLine ID="region_1637330482510_805l50"
                         BASELINE="3360,4290 3481,4292 3603,4292 3725,4294 3847,4296 3969,4299 4090,4302 4212,4304 4334,4306 4456,4308 4578,4310 4699,4312 4821,4314 4943,4314 5065,4316 5187,4316 5308,4316 5430,4316 5552,4314 5674,4312 5796,4310"
                         HEIGHT="115"
                         WIDTH="2469"
                         VPOS="4225"
                         HPOS="3343">
                  <String ID="string_region_1637330482510_805l50"
                          HEIGHT="115"
                          WIDTH="2469"
                          VPOS="4225"
                          HPOS="3343"
                          CONTENT="on vous en aurez parle au chartier parce que la roite "/>
               </TextLine>
            </TextBlock>
         </PrintSpace>
      </Page>
   </Layout>
</alto>
