6193 4402
2162 27 493 192 26 augustes

595 41 951 194 Brussel procareus Gerro

810 158 2296 155 hebbe ue aengenaeme van 23 court maer op gisteren avont

812 264 2324 187 maer eerst becoemen de reden waerom den beurtman is geplun

804 389 2260 172 dert geweest is mij an bekent en men hoort hier niet van soo dat

809 484 2187 156 de geintresseerde costij met ue uyt den naem van ue vrent

830 612 2145 145 best connen weter wat mesures siy moeten nemen om tot

824 704 2197 191 hun quarant te coemen ick hebbe ue geschreven in den

824 799 2278 154 eersten instant en aen mons vandercommen dat de genties

817 909 2223 201 sede hun best bij provisie conden addresseren aen den hen

833 1024 2227 206 grissees van den broeck die het tractaet vande contrebie

1918 1141 144 83 man

810 1128 2250 205 tien gemaeck heeft ick en can mijn opinie segge ende de

815 1250 2266 196 geintresseerde moeten doen naer dat tot hun beste van

799 1351 2151 218 raie geraeden vinden daer is ten mijnes huijscemant

817 1479 2282 215 gecomen die mij heeft gesent dat de goederen tot gent door

814 1583 2201 187 eene fransche partije soude syn op gebrat ende dat de

825 1698 2276 179 ge mousseerde devoiren doende lichtelijck de effecte wede

814 1838 2285 170 soude becomen om te thoenen dat alle de voiren voor mjn

805 1920 2269 208 vriende wille doen in alles wat mij moegelijck is soo hebbe

799 2039 2240 235 op gent aen iemant van mijne correspondente diens

813 2181 2157 206 aengaende geschreven die mij aenslonts nu antwoort

830 2305 2249 165 als ae ingesloten copye sijnde voorde rest ick en wete

811 2410 2286 193 niet wat dioen alst waert saecke dat het mijn eijgen waen

827 2535 2254 199 mons nijs sctrijft mij dat hij tot dest en theenen rechange

829 2647 2170 206 naer de goederen dat dat mij dunckt verloren arbesten

785 2766 2213 205 moeyte te wesen want is het een fransche partije die en

801 2933 2260 182 sullen immiers die nocke niet hebben genomen naer mijn

815 3019 2272 194 oordeel voorders ick en hebbe ul ingelijck niet gehool

826 3186 2269 135 dat het voleux sijn gewest ick en hebbe niet andersge

820 3257 2128 170 hoort ende en can hier niets doen ick wenste wel dat

813 3378 2266 178 middelen wiste om mijn urent te helpe ue mach ver

801 3490 2315 220 seeeert wese dat niet en soude naer laete te doen al oft

2352 3644 93 68 Joas

801 3645 2241 142 het voor mijn eijge waere gelijck ick hem op loeven

804 3752 1996 195 mede desen naer middagh schrijvve op blijve

2129 3818 927 220 Ady 26 ditto 1705

638 3859 795 190 Brussel h. Rijssels

793 4004 2244 118 ick hebbe de ue van 24 cor op gisteren avont wel

782 4089 2309 124 ontfangen doch te laet om de les carseyen die ue mij

776 4162 2371 179 ootdonneert met het beurtschip afresenden soo dat het niet

3407 39 2431 190 doen en can voor woensdagh toehoemende sal het in packen

3388 140 2347 206 met het goet van mons. segers. ick en twijfele niet bt ue

3354 244 2420 167 dolder meerdere ohonden en sullen bij het toehoemende

3367 400 2296 155 maander te saemen connen handelen want ue magh

3368 477 2331 224 suser wesen dat ue niemant in et anwerpen present

3379 601 2346 225 beeter coop nochte beeter goederen en sal connen

3381 724 2349 183 leveren als ick soo van bayen carseyen susaerden als

3290 866 2510 138 devonser bayen colchester bayen en laekens van alderhand

3367 955 2389 160 soorten. ick en twijfele niet oft de beurtschepen vaeren

3360 1136 2262 153 met het pasport sal het alvoerens vraeghen doeh

3365 1199 2378 238 bij ongval  ick en wille noeyt positief voor de

3349 1324 2467 216 macheuren en bostigheden van de schippers verantwoor

3337 1470 1679 171 =den als ue bekent is en soo blijven

4667 1566 1021 189 Ady 26 ugusri 1703

3211 1598 629 158 Brussel C segers

3375 1677 2325 207 ick verhoepe ue goetretont. hebbe tot gisteren avont ia

3366 1813 2436 206 selfs desch morgen verwaght het geluck van ue tot mijnent

3371 1911 2428 187 te sien om de bayen en carseyen uyt te soeken soo alst ue

3360 2015 2377 215 mij toegesen hadde echter desen morgen naert hoyken

3374 2162 2398 166 sendeude soo ben geinformeert als dat ue was vertrocken

3364 2289 2349 176 soo dat nu niet en weete wat moete doen. oock oft dat

3374 2364 2405 152 magh woorsdagh met het beursschin de 2 devenier bayenn

3371 2477 2442 222 met 12 swaere bayen en 12 carseyen van stanfield met

3366 2571 2400 253 die van mons. Rijssels af senden, dat versoeke mij gelieft

3382 2734 2443 144 te laeten weeten. als ue mijne corseyen sal gesien hebben

3363 2813 2307 190 en oock de bayen soo en wijfele niet oft ue dol

3360 2917 2426 180 meerdere partje van die soorte ontsieden. ick en can

3378 3040 2269 157 niet meer segghen. ue ul bekent dat van alle soorten

3363 3167 2355 147 ten uytersten voorsien ben en ue magh seeker weten

3353 3288 2409 194 dat ue niemant in Antwerpen out soo civiel en sal oft

3361 3381 2387 171 en can dienen als ick doen en allijdts doen sal an d'eere

3360 3467 2417 231 van ue calandisis te hebben. ick recommandeere mij maer

3350 3581 2418 197 alleen in ue goede iouste engenegentheyt ende dat een

3363 3683 2421 206 ander daer geen meerdere ingrestie bij magh hebben als ick

3363 3791 2311 180 die voor altijdis ben als aen lijf ue deminde en gheel

3361 3887 697 200 ue fausie n
