6269 4432
856 53 2336 178 d'ay fait vouus aussy pr toute la ville pour vous rendre

846 216 2358 110 service, mard ie men ay peu rouver. on m'a promis

865 280 2290 151 de la riendre pour le nouvel etuy et j'auray soing de

851 387 2255 180 vous l'envoyyeer cito pr. le dit messager. sans doubte

856 519 2305 112 vous aurer plus de debite p la cour et la garnison

788 610 2284 184 pour le present et is'espere qu'il y aura quelque

834 715 2352 183 chose a faire pour les mois de fanvier lebvrier et

809 820 2293 176 mars. J'ay toutte sorte de marchandise d'Angleterre

841 945 2240 158 comme draps fins et commns. i'ay ausoy recu

845 1045 2334 170 dn nouveaux ballots de draps tienis en Angleterre

826 1198 2292 151 ronge bleu, pas bleu, bautne et verd a un escul la

835 1293 2311 186 pour le reste causee et fusettes blanchis et tientes

831 1400 2274 183 couleur et rouges et blen. bayes communmes et

837 1556 2271 162 bayes de venter de ƒ36 ƒ40: ƒ48 jusques a ƒ54:-

808 1643 2199 197 flannelles de 3 farges a vre service. Sur tont

841 1763 2302 153 il ny a rien mellieur marché que les draps de nre

829 1875 2352 187 fabrigne 3600 noirs, bleu, et draps de dammes dont

842 1987 2333 142 ie suiz fort bien assorti ayant besoing de la moindre

827 2111 2161 190 chose ie vous prie me commander et ie vous

833 2223 2215 178 asseure que ie vous servirag en touttes occasions

862 2357 2314 137 a cuitt prix ayez la bonte de faire rendre l'inclose

851 2463 2259 195 au N Paniat a demie port. ie vous souhaitte

839 2572 2273 188 reciproque comme a m'admois vre compaque la

807 2701 1751 178 nouvelle Leureuse Annee et suis

617 2795 1114 199 mechelen Henry Jodoghe

2222 2824 916 181 Ady 31 xber 1718

854 2929 2255 203 tot antwoort op e van 29 cou. soo sende

841 3102 2343 124 ingeslooten staelen soo van blouwe als bluck blouwe

851 3173 2296 175 Engelsche geverfde laekens oock giele en groene en

872 3263 1932 200 roode tot 48 s p. a sor als ue versoecht

861 3406 2323 129 recommandeere ue mij du est aless wederot te senden

839 3491 2183 165 en in alles dat ue noodigh heeft mij maer te

857 3611 2340 160 commandeeren. hebbe voorts alderhande sorpment

849 3752 2331 157 van engelsche goederen en weete niet waer ue brif

831 3822 2293 187 soo lakck heeft getardeert hebbe den selven soo

842 3960 2267 122 acnstonts eerst becoemen woone recht over het

815 4065 2320 149 post comptoir, wensche het saligh nneuwe per en

792 4155 363 127 blijve

1436 4167 1687 163 hebbe oock geverfde engelsche carseyen

832 4246 1485 105 roode en blouwe a ƒ29 p

3794 51 1018 164 Ad Maioren Der

3767 210 1106 175 Deipars que virguis

4081 421 425 186 Marie

3735 570 1231 163 honoren et enlorram

3869 705 921 220 Anno Domini

4153 855 316 174 1709

3290 1080 1493 198 henotP Bapt. de Savelaer

5103 1170 677 112 Adij 2 Januari 1709

3392 1183 2441 165 wernsgheve van herten het saligh nieuwe jaer met anorren van bened

3371 1301 2452 90 =icie en contentement ins gelijck veel geluex dat het den goeden bodt

3395 1358 2464 109 gelieft heeft ue nevenx de ingesetenen a costj voor de bever mondersche

3398 1427 2486 120 bruine en bombarderinge van het beleghte salveren. gelijck blaenderen

3379 1441 2436 126 door de conqueste van Rijssel nu vermeerdert en groote is daer bj nie

3379 1544 2477 92 wederom op se vereeninge en leter commertie soo verhoepe de negotie

3385 1576 2467 113 insgelijck beter sal wesen dat godt gelieve te verleenen, soo als velover

3381 1638 2465 102 eenigen tijdt geschreven hebbe, soo hebbe nu een seer traij sortimentie

3377 1713 2454 101 van blouwe, swerte en drap dedames gereet on ve te senden van 13en ƒƒ14

3383 1740 2449 103 versoeckende als ue daer toe occasie hooghte weeten oft hebben mij te

3373 1807 2471 68 adviseren hebbe ock alderhande sortimenten van engelsche gaederen

3379 1881 2409 73 ook generfde en witte carseyen onder anderen engelaeke geverfde

3382 1908 939 87 queerten, blounce bleeck &

4330 1917 1523 103 uve groenen en gieven op 451tN a daer

3371 1984 2471 91 wel iets in te doen soude weden, met de militairen in alles dier ue

3388 2039 2440 132 mede can dienst doen gelieft liberlijck te commanderen die blijve

3364 2069 503 110 van herten

3292 2133 935 201 Rjsel mons. Boutriy

4956 2135 679 205 Ady 2 d

3426 2247 2194 199 copye ad ver bun als et en pierre Anthoine

3438 2374 1379 143 coureianne op 21 xber 1708

3261 2480 880 197 Rijssel Mons Bacon

4927 2482 589 191 Ady 2d

3448 2604 789 171 Copye als beven

3268 2724 1274 191 London Aann: de Dorpere

5185 2788 480 153 adij 3 ditto

3363 2825 2458 175 mijnen laesten aen ue is 24 past. met versoeck van in te coopen een paxke met

3368 2954 2433 94 12 d spaensche laeckens te assorteren volgens de gesondene memorie en

3367 3019 2403 91 staelen en op te packen met ½ ott cotten tot ferdulure die verhoepe ue

3357 3075 2449 91 wel sal sijn ter handt gecommen ende dat ue het selve tot mijn meeste

3363 3134 2487 91 advantagie sal eftecgeren. gelieft het selve paxke  met d'eerst Rottan

3363 3156 2460 109 dams conroy at te schepen met een tekent goet schip en schipperen mij

3365 3200 2472 122 bij tijde te cadvseren nevens conossement inde den staelboeckenu become

3364 3278 2427 89 de aengenaeme 10 past. met twee remises voor ons beyde reken a ƒ34:0

3363 3292 2487 122 a 17„1 130½ op dh Jan Jacobs en t£43:7op s Jan geltis Jucquert saemen

3355 3384 2495 109 tes £170:- p vsos die comacceptatie hebbe gesondeet ende sal het sjnen

3357 3413 2443 109 thde het noodigh besorgen de soort sich soo weynigh geineineert bom

3363 3477 2501 119 oworders voor ons beyde reken te continueren sende te remitteren. weete

3366 3544 2458 81 niet wat reden, want soo my dunckt het present noch wet de moeyte

3355 3569 2442 97 weert is ende door gaeno 2½ a 8 per sal renderen het conquesteren van

3373 3645 2492 78 kussel en het over gaen van ghendt ende Brugghe dat ue voornu al sal

3364 3697 2464 66 hebben vernoemen sal ie apparent meer der occasie van trecken bj

3344 3738 2479 76 brengen ende dien volgens meerder an mo geven soo dat in gevalle o

3367 3797 2508 69 gelieft in de beganne negotie te continueren verder remites sal agcte

3354 3845 2526 104 eten, ende ick sal midde lertijdt tot onse beyde meeste advantagie vrgitteeren

3352 3905 2423 65 om af te geven present ƒ 33:3 a 2½ op ½ sos. salve naesten post mede voor

3355 3966 2465 85 mijne rekene resmitterren en voorder orders senden tot den in coop van

3355 4002 2479 87 eenige pax kens spaensche laeckens maer ue gesondene staelen en sijn

3355 4053 2436 81 niet van con leuy als men hier present desweert de couleuren moeten

3340 4105 2501 83 beter gemengelt wesen en elejn van mengelinge. vestaelen doen sich

3356 4178 2451 53 op sal als geee laeckens en men can daer in geen mengelinge

3357 4204 2486 115 bes gaeren wensche ue van herten het saligh ueuwe gaen metalle

3338 4267 2420 96 heyt en prosper  en bijve voorts gegaen onder convert van de

4663 4324 487 49 oecmans
