<?xml version="1.0" encoding="UTF-8"?>
<alto xmlns:xsi="http://www.w3.org/2001/XMLSchema-instance"
      xmlns="http://www.loc.gov/standards/alto/ns-v4#"
      xmlns:page="http://schema.primaresearch.org/PAGE/gts/pagecontent/2013-07-15"
      xsi:schemaLocation="http://www.loc.gov/standards/alto/ns-v4# https://www.loc.gov/standards/alto/v4/alto.xsd">
   <Description>
      <MeasurementUnit>pixel</MeasurementUnit>
      <OCRProcessing ID="IdOcr">
         <ocrProcessingStep>
            <processingDateTime>2022-02-11T21:31:32.197+01:00</processingDateTime>
            <processingSoftware>
               <softwareCreator>READ COOP</softwareCreator>
               <softwareName>Transkribus</softwareName>
            </processingSoftware>
         </ocrProcessingStep>
      </OCRProcessing>
   </Description>
   <Layout>
      <Page ID="Page1" PHYSICAL_IMG_NR="1" HEIGHT="4402" WIDTH="6193">
         <TopMargin HEIGHT="0" WIDTH="6193" VPOS="0" HPOS="0"/>
         <LeftMargin HEIGHT="4402" WIDTH="0" VPOS="0" HPOS="0"/>
         <RightMargin HEIGHT="4402" WIDTH="0" VPOS="0" HPOS="6193"/>
         <BottomMargin HEIGHT="0" WIDTH="6193" VPOS="4402" HPOS="0"/>
         <PrintSpace HEIGHT="4402" WIDTH="6193" VPOS="0" HPOS="0">
            <TextBlock ID="region_1637587592211_969"
                       HEIGHT="4357"
                       WIDTH="2614"
                       VPOS="25"
                       HPOS="481">
               <Shape>
                  <Polygon POINTS="481,25 3095,25 3095,4382 481,4382"/>
               </Shape>
               <TextLine ID="region_1637587592211_969l1"
                         BASELINE="2408,122 2438,122 2469,122 2499,122 2530,122 2561,122 2591,122 2622,122 2652,122 2683,122 2714,122 2744,122 2775,124 2805,125 2836,128 2867,130 2897,135 2928,140 2958,145 2989,151 3020,158"
                         HEIGHT="154"
                         WIDTH="648"
                         VPOS="45"
                         HPOS="2392">
                  <String ID="string_region_1637587592211_969l1"
                          HEIGHT="154"
                          WIDTH="648"
                          VPOS="45"
                          HPOS="2392"
                          CONTENT="Ady 16 Augusti 1705"/>
               </TextLine>
               <TextLine ID="region_1637587592211_969l2"
                         BASELINE="580,158 622,154 664,150 706,148 748,146 790,145 832,144 874,144 916,142 958,142 1000,142 1042,142 1084,142 1126,142 1168,142 1210,140 1252,139 1294,137 1336,135 1378,132 1420,128"
                         HEIGHT="141"
                         WIDTH="875"
                         VPOS="55"
                         HPOS="562">
                  <String ID="string_region_1637587592211_969l2"
                          HEIGHT="141"
                          WIDTH="875"
                          VPOS="55"
                          HPOS="562"
                          CONTENT="Leuven B. Corthout"/>
               </TextLine>
               <TextLine ID="region_1637587592211_969l3"
                         BASELINE="768,236 883,238 998,238 1113,238 1228,238 1343,236 1458,234 1573,232 1688,230 1803,227 1918,226 2033,224 2148,224 2263,224 2378,226 2493,230 2608,234 2723,240 2838,247 2953,257 3068,270"
                         HEIGHT="171"
                         WIDTH="2332"
                         VPOS="127"
                         HPOS="751">
                  <String ID="string_region_1637587592211_969l3"
                          HEIGHT="171"
                          WIDTH="2332"
                          VPOS="127"
                          HPOS="751"
                          CONTENT="en hebbe in lange het geluck niet gehadt ul. te schrijven dft iedts van ul. te vernemen"/>
               </TextLine>
               <TextLine ID="region_1637587592211_969l4"
                         BASELINE="760,294 874,298 989,300 1104,300 1219,300 1334,298 1448,296 1563,294 1678,292 1793,288 1908,286 2022,284 2137,282 2252,282 2367,282 2482,284 2596,287 2711,293 2826,302 2941,311 3056,324"
                         HEIGHT="115"
                         WIDTH="2329"
                         VPOS="229"
                         HPOS="743">
                  <String ID="string_region_1637587592211_969l4"
                          HEIGHT="115"
                          WIDTH="2329"
                          VPOS="229"
                          HPOS="743"
                          CONTENT="ick verhope echter ul. wel vaegen en gesontjdt bin onse onde kennisse sooen van "/>
               </TextLine>
               <TextLine ID="region_1637587592211_969l5"
                         BASELINE="752,346 868,350 984,353 1100,354 1216,354 1332,354 1448,352 1564,350 1680,348 1796,346 1912,345 2028,344 2144,342 2260,342 2376,344 2492,345 2608,348 2724,352 2840,360 2956,368 3072,378"
                         HEIGHT="94"
                         WIDTH="2353"
                         VPOS="297"
                         HPOS="736">
                  <String ID="string_region_1637587592211_969l5"
                          HEIGHT="94"
                          WIDTH="2353"
                          VPOS="297"
                          HPOS="736"
                          CONTENT="niet maerlaeten ul eens te adviseren dat een schoone partije van alderhande "/>
               </TextLine>
               <TextLine ID="region_1637587592211_969l6"
                         BASELINE="760,400 872,402 984,404 1097,406 1209,406 1322,406 1434,406 1546,406 1659,404 1771,404 1884,402 1996,401 2108,400 2221,400 2333,400 2446,402 2558,402 2670,405 2783,409 2895,412 3008,418"
                         HEIGHT="84"
                         WIDTH="2279"
                         VPOS="356"
                         HPOS="745">
                  <String ID="string_region_1637587592211_969l6"
                          HEIGHT="84"
                          WIDTH="2279"
                          VPOS="356"
                          HPOS="745"
                          CONTENT="nieuwe goederen hebbe gecregen ende dat alles te noytteen goeden coop ss"/>
               </TextLine>
               <TextLine ID="region_1637587592211_969l7"
                         BASELINE="752,456 867,458 982,460 1097,460 1212,460 1328,460 1443,460 1558,458 1673,458 1788,458 1904,458 2019,458 2134,458 2249,458 2364,458 2480,460 2595,462 2710,466 2825,470 2940,475 3056,480"
                         HEIGHT="80"
                         WIDTH="2335"
                         VPOS="408"
                         HPOS="737">
                  <String ID="string_region_1637587592211_969l7"
                          HEIGHT="80"
                          WIDTH="2335"
                          VPOS="408"
                          HPOS="737"
                          CONTENT="soo frisaerden witte en geverfde oock carsegen en bayen sspaensche gepenste "/>
               </TextLine>
               <TextLine ID="region_1637587592211_969l8"
                         BASELINE="750,516 863,517 977,518 1091,518 1204,518 1318,518 1432,518 1545,518 1659,516 1773,516 1887,516 2000,514 2114,514 2228,514 2341,514 2455,514 2569,514 2682,515 2796,516 2910,518 3024,520"
                         HEIGHT="78"
                         WIDTH="2307"
                         VPOS="472"
                         HPOS="734">
                  <String ID="string_region_1637587592211_969l8"
                          HEIGHT="78"
                          WIDTH="2307"
                          VPOS="472"
                          HPOS="734"
                          CONTENT="nroytsche en dosijns laeckens van alder hande nieuwe mode coleurent voorts "/>
               </TextLine>
               <TextLine ID="region_1637587592211_969l9"
                         BASELINE="764,568 875,570 987,572 1099,572 1211,572 1323,572 1434,572 1546,570 1658,570 1770,568 1882,568 1993,566 2105,566 2217,564 2329,564 2441,564 2552,566 2664,567 2776,570 2888,572 3000,578"
                         HEIGHT="96"
                         WIDTH="2269"
                         VPOS="515"
                         HPOS="747">
                  <String ID="string_region_1637587592211_969l9"
                          HEIGHT="96"
                          WIDTH="2269"
                          VPOS="515"
                          HPOS="747"
                          CONTENT="alderhande goederen ick en twijffele niet oft ul sal in het corntateens over"/>
               </TextLine>
               <TextLine ID="region_1637587592211_969l10"
                         BASELINE="752,626 867,628 983,628 1098,628 1214,628 1330,626 1445,626 1561,624 1676,622 1792,621 1908,620 2023,620 2139,619 2254,620 2370,620 2486,623 2601,626 2717,630 2832,636 2948,644 3064,652"
                         HEIGHT="102"
                         WIDTH="2341"
                         VPOS="571"
                         HPOS="738">
                  <String ID="string_region_1637587592211_969l10"
                          HEIGHT="102"
                          WIDTH="2341"
                          VPOS="571"
                          HPOS="738"
                          CONTENT="=comen oft heeft ul. mtodelerteydt iedts noodigh versoecke dat het mij maer"/>
               </TextLine>
               <TextLine ID="region_1637587592211_969l11"
                         BASELINE="752,684 865,684 979,684 1093,682 1207,682 1321,680 1434,678 1548,676 1662,676 1776,674 1890,674 2003,672 2117,672 2231,674 2345,675 2459,678 2572,680 2686,685 2800,690 2914,697 3028,704"
                         HEIGHT="88"
                         WIDTH="2307"
                         VPOS="643"
                         HPOS="738">
                  <String ID="string_region_1637587592211_969l11"
                          HEIGHT="88"
                          WIDTH="2307"
                          VPOS="643"
                          HPOS="738"
                          CONTENT="gelieft te laeten weeten en oock overcomende mij te comen besoecken ick "/>
               </TextLine>
               <TextLine ID="region_1637587592211_969l12"
                         BASELINE="756,744 870,742 984,742 1098,740 1212,738 1326,736 1440,734 1554,732 1668,731 1782,730 1896,728 2010,728 2124,728 2238,729 2352,730 2466,732 2580,736 2694,740 2808,745 2922,752 3036,760"
                         HEIGHT="84"
                         WIDTH="2310"
                         VPOS="708"
                         HPOS="742">
                  <String ID="string_region_1637587592211_969l12"
                          HEIGHT="84"
                          WIDTH="2310"
                          VPOS="708"
                          HPOS="742"
                          CONTENT="sal alles doen wat mogelijck is om ul. calandises te onderhouden en r oock "/>
               </TextLine>
               <TextLine ID="region_1637587592211_969l13"
                         BASELINE="760,802 874,801 988,800 1102,798 1216,796 1330,794 1444,792 1558,790 1672,788 1786,786 1901,784 2015,784 2129,784 2243,784 2357,786 2471,788 2585,790 2699,794 2813,800 2927,808 3042,816"
                         HEIGHT="106"
                         WIDTH="2313"
                         VPOS="736"
                         HPOS="743">
                  <String ID="string_region_1637587592211_969l13"
                          HEIGHT="106"
                          WIDTH="2313"
                          VPOS="736"
                          HPOS="743"
                          CONTENT="beter coop als imandt in fntwerpen sal connen doen te bedienen en naer "/>
               </TextLine>
               <TextLine ID="region_1637587592211_969l14"
                         BASELINE="754,868 798,868 842,868 886,866 930,866 974,864 1018,864 1062,863 1106,862 1150,862 1194,860 1238,860 1282,858 1326,858 1370,856 1414,856 1458,854 1502,853 1546,852 1590,852 1634,850"
                         HEIGHT="108"
                         WIDTH="912"
                         VPOS="793"
                         HPOS="739">
                  <String ID="string_region_1637587592211_969l14"
                          HEIGHT="108"
                          WIDTH="912"
                          VPOS="793"
                          HPOS="739"
                          CONTENT="groete nisse too blijve"/>
               </TextLine>
               <TextLine ID="region_1637587592211_969l15"
                         BASELINE="2426,980 2452,980 2478,980 2505,982 2531,982 2558,982 2584,982 2610,981 2637,981 2663,981 2690,980 2716,980 2742,978 2769,976 2795,975 2822,970"
                         HEIGHT="132"
                         WIDTH="427"
                         VPOS="895"
                         HPOS="2409">
                  <String ID="string_region_1637587592211_969l15"
                          HEIGHT="132"
                          WIDTH="427"
                          VPOS="895"
                          HPOS="2409"
                          CONTENT="Adij"/>
               </TextLine>
               <TextLine ID="region_1637587592211_969l16"
                         BASELINE="554,1006 611,1000 669,995 727,991 785,988 843,986 900,986 958,984 1016,984 1074,986 1132,986 1189,986 1247,988 1305,988 1363,988 1421,988 1478,986 1536,986 1594,983 1652,980 1710,974"
                         HEIGHT="165"
                         WIDTH="1188"
                         VPOS="880"
                         HPOS="536">
                  <String ID="string_region_1637587592211_969l16"
                          HEIGHT="165"
                          WIDTH="1188"
                          VPOS="880"
                          HPOS="536"
                          CONTENT="Leuven Philippus Rys"/>
               </TextLine>
               <TextLine ID="region_1637587592211_969l17"
                         BASELINE="758,1074 866,1078 975,1078 1084,1080 1193,1080 1302,1078 1410,1078 1519,1076 1628,1075 1737,1074 1846,1071 1954,1068 2063,1066 2172,1064 2281,1062 2390,1060 2498,1058 2607,1058 2716,1056 2825,1056 2934,1056"
                         HEIGHT="94"
                         WIDTH="2207"
                         VPOS="993"
                         HPOS="741">
                  <String ID="string_region_1637587592211_969l17"
                          HEIGHT="94"
                          WIDTH="2207"
                          VPOS="993"
                          HPOS="741"
                          CONTENT="Ick verhope pr. goet reour ick hebbe ul goet gepackten met het "/>
               </TextLine>
               <TextLine ID="region_1637587592211_969l18"
                         BASELINE="758,1138 871,1140 984,1142 1097,1142 1210,1142 1324,1142 1437,1140 1550,1137 1663,1134 1776,1132 1890,1128 2003,1126 2116,1122 2229,1120 2342,1118 2456,1116 2569,1116 2682,1116 2795,1118 2908,1119 3022,1122"
                         HEIGHT="109"
                         WIDTH="2299"
                         VPOS="1052"
                         HPOS="740">
                  <String ID="string_region_1637587592211_969l18"
                          HEIGHT="109"
                          WIDTH="2299"
                          VPOS="1052"
                          HPOS="740"
                          CONTENT="beurtschip op Brussel ingevolge ul. orrdre gesonden en geardreseert"/>
               </TextLine>
               <TextLine ID="region_1637587592211_969l19"
                         BASELINE="756,1194 866,1196 977,1198 1087,1198 1198,1198 1309,1196 1419,1194 1530,1192 1640,1190 1751,1187 1862,1184 1972,1182 2083,1180 2193,1178 2304,1176 2415,1174 2525,1174 2636,1176 2746,1178 2857,1181 2968,1186"
                         HEIGHT="80"
                         WIDTH="2242"
                         VPOS="1136"
                         HPOS="741">
                  <String ID="string_region_1637587592211_969l19"
                          HEIGHT="80"
                          WIDTH="2242"
                          VPOS="1136"
                          HPOS="741"
                          CONTENT="aen mons. te procureersterregie in een paexke gemerckt. I.M.icn"/>
               </TextLine>
               <TextLine ID="region_1637587592211_969l20"
                         BASELINE="768,1256 882,1256 996,1256 1110,1256 1224,1254 1338,1254 1452,1252 1566,1250 1680,1247 1794,1244 1908,1243 2022,1242 2136,1240 2250,1238 2364,1238 2478,1238 2592,1240 2706,1242 2820,1244 2934,1248 3048,1254"
                         HEIGHT="114"
                         WIDTH="2313"
                         VPOS="1163"
                         HPOS="752">
                  <String ID="string_region_1637587592211_969l20"
                          HEIGHT="114"
                          WIDTH="2313"
                          VPOS="1163"
                          HPOS="752"
                          CONTENT="moete yk tot mijn leedt wesen adviseren dat heden hebbe vernomen"/>
               </TextLine>
               <TextLine ID="region_1637587592211_969l21"
                         BASELINE="756,1310 870,1312 985,1313 1099,1312 1214,1312 1329,1310 1443,1308 1558,1306 1672,1304 1787,1302 1902,1298 2016,1297 2131,1296 2245,1294 2360,1294 2475,1294 2589,1296 2704,1300 2818,1303 2933,1309 3048,1316"
                         HEIGHT="114"
                         WIDTH="2323"
                         VPOS="1230"
                         HPOS="741">
                  <String ID="string_region_1637587592211_969l21"
                          HEIGHT="114"
                          WIDTH="2323"
                          VPOS="1230"
                          HPOS="741"
                          CONTENT="dat het selve beurtschip op gisteren tegens de n accondt op devaert door"/>
               </TextLine>
               <TextLine ID="region_1637587592211_969l22"
                         BASELINE="736,1370 851,1370 966,1370 1081,1370 1196,1368 1312,1368 1427,1365 1542,1364 1657,1361 1772,1360 1888,1358 2003,1356 2118,1354 2233,1354 2348,1354 2464,1356 2579,1358 2694,1361 2809,1366 2924,1371 3040,1378"
                         HEIGHT="105"
                         WIDTH="2334"
                         VPOS="1299"
                         HPOS="720">
                  <String ID="string_region_1637587592211_969l22"
                          HEIGHT="105"
                          WIDTH="2334"
                          VPOS="1299"
                          HPOS="720"
                          CONTENT="een fransche partjes is aaplundeert datter vee goederen sijn med"/>
               </TextLine>
               <TextLine ID="region_1637587592211_969l23"
                         BASELINE="760,1430 874,1430 988,1428 1102,1426 1216,1424 1330,1422 1444,1420 1558,1418 1672,1416 1786,1414 1900,1412 2014,1410 2128,1410 2242,1410 2356,1410 2470,1412 2584,1414 2698,1418 2812,1422 2926,1428 3040,1436"
                         HEIGHT="91"
                         WIDTH="2310"
                         VPOS="1367"
                         HPOS="745">
                  <String ID="string_region_1637587592211_969l23"
                          HEIGHT="91"
                          WIDTH="2310"
                          VPOS="1367"
                          HPOS="745"
                          CONTENT="genomen voorderee comstantie en weete niet oft en caen ul. niet"/>
               </TextLine>
               <TextLine ID="region_1637587592211_969l24"
                         BASELINE="752,1486 865,1486 979,1483 1093,1481 1207,1478 1321,1476 1434,1474 1548,1472 1662,1469 1776,1468 1890,1466 2003,1464 2117,1464 2231,1464 2345,1465 2459,1466 2572,1469 2686,1472 2800,1477 2914,1482 3028,1490"
                         HEIGHT="78"
                         WIDTH="2307"
                         VPOS="1443"
                         HPOS="736">
                  <String ID="string_region_1637587592211_969l24"
                          HEIGHT="78"
                          WIDTH="2307"
                          VPOS="1443"
                          HPOS="736"
                          CONTENT="schrijeven ooft ul pacxke gesalveert is en can niet segghen ecnter iet"/>
               </TextLine>
               <TextLine ID="region_1637587592211_969l25"
                         BASELINE="764,1544 879,1542 994,1541 1109,1539 1224,1536 1339,1534 1454,1532 1569,1530 1684,1528 1799,1526 1914,1524 2029,1522 2144,1522 2259,1522 2374,1523 2489,1524 2604,1526 2719,1530 2834,1535 2949,1540 3064,1548"
                         HEIGHT="103"
                         WIDTH="2332"
                         VPOS="1477"
                         HPOS="749">
                  <String ID="string_region_1637587592211_969l25"
                          HEIGHT="103"
                          WIDTH="2332"
                          VPOS="1477"
                          HPOS="749"
                          CONTENT="ick vensche en verhopee het selve en dat het den goeden godt sal hebben"/>
               </TextLine>
               <TextLine ID="region_1637587592211_969l26"
                         BASELINE="752,1598 865,1597 978,1596 1091,1594 1204,1592 1318,1590 1431,1590 1544,1588 1657,1586 1770,1586 1884,1584 1997,1584 2110,1584 2223,1584 2336,1582 2450,1582 2563,1584 2676,1584 2789,1584 2902,1586 3016,1588"
                         HEIGHT="60"
                         WIDTH="2294"
                         VPOS="1567"
                         HPOS="737">
                  <String ID="string_region_1637587592211_969l26"
                          HEIGHT="60"
                          WIDTH="2294"
                          VPOS="1567"
                          HPOS="737"
                          CONTENT="bewaert ick vinde mij verobligeert  daer van kennisse te geven"/>
               </TextLine>
               <TextLine ID="region_1637587592211_969l27"
                         BASELINE="752,1654 867,1654 983,1652 1099,1650 1215,1650 1331,1648 1446,1646 1562,1644 1678,1642 1794,1642 1910,1640 2025,1640 2141,1640 2257,1640 2373,1642 2489,1644 2604,1646 2720,1650 2836,1654 2952,1660 3068,1666"
                         HEIGHT="122"
                         WIDTH="2347"
                         VPOS="1584"
                         HPOS="736">
                  <String ID="string_region_1637587592211_969l27"
                          HEIGHT="122"
                          WIDTH="2347"
                          VPOS="1584"
                          HPOS="736"
                          CONTENT="op dat ul bjtijde soude connen devoiren doen ick schrijve heden ins gelijck"/>
               </TextLine>
               <TextLine ID="region_1637587592211_969l28"
                         BASELINE="760,1712 871,1712 982,1710 1093,1710 1204,1708 1316,1708 1427,1706 1538,1704 1649,1702 1760,1702 1872,1700 1983,1700 2094,1698 2205,1698 2316,1698 2428,1700 2539,1700 2650,1702 2761,1706 2872,1708 2984,1712"
                         HEIGHT="64"
                         WIDTH="2257"
                         VPOS="1677"
                         HPOS="743">
                  <String ID="string_region_1637587592211_969l28"
                          HEIGHT="64"
                          WIDTH="2257"
                          VPOS="1677"
                          HPOS="743"
                          CONTENT="aen ul. c ue net mons vandercammen en aen mons terreau soo cort"/>
               </TextLine>
               <TextLine ID="region_1637587592211_969l29"
                         BASELINE="760,1770 875,1770 990,1768 1105,1768 1220,1766 1336,1764 1451,1762 1566,1760 1681,1758 1796,1756 1912,1754 2027,1752 2142,1752 2257,1752 2372,1754 2488,1756 2603,1760 2718,1764 2833,1769 2948,1776 3064,1784"
                         HEIGHT="106"
                         WIDTH="2335"
                         VPOS="1702"
                         HPOS="744">
                  <String ID="string_region_1637587592211_969l29"
                          HEIGHT="106"
                          WIDTH="2335"
                          VPOS="1702"
                          HPOS="744"
                          CONTENT="voorders verneme en sal niet naer laeten ul t'adviseren en soo Blijve"/>
               </TextLine>
               <TextLine ID="region_1637587592211_969l30"
                         BASELINE="750,1830 776,1832 803,1835 829,1836 856,1835 882,1832 909,1830 936,1828 962,1825 989,1822 1015,1821 1042,1820 1068,1822 1095,1825 1122,1830"
                         HEIGHT="102"
                         WIDTH="407"
                         VPOS="1772"
                         HPOS="732">
                  <String ID="string_region_1637587592211_969l30"
                          HEIGHT="102"
                          WIDTH="407"
                          VPOS="1772"
                          HPOS="732"
                          CONTENT="in haeste"/>
               </TextLine>
               <TextLine ID="region_1637587592211_969l31"
                         BASELINE="2768,1894 2793,1892 2818,1893 2843,1895 2868,1898 2893,1900 2918,1901 2944,1902"
                         HEIGHT="152"
                         WIDTH="212"
                         VPOS="1792"
                         HPOS="2750">
                  <String ID="string_region_1637587592211_969l31"
                          HEIGHT="152"
                          WIDTH="212"
                          VPOS="1792"
                          HPOS="2750"
                          CONTENT="d"/>
               </TextLine>
               <TextLine ID="region_1637587592211_969l32"
                         BASELINE="2490,1908 2517,1910 2544,1913 2571,1915 2598,1916 2625,1916 2652,1916 2680,1914"
                         HEIGHT="127"
                         WIDTH="225"
                         VPOS="1835"
                         HPOS="2474">
                  <String ID="string_region_1637587592211_969l32"
                          HEIGHT="127"
                          WIDTH="225"
                          VPOS="1835"
                          HPOS="2474"
                          CONTENT="Jy"/>
               </TextLine>
               <TextLine ID="region_1637587592211_969l33"
                         BASELINE="532,1994 614,1984 697,1975 780,1966 863,1961 946,1954 1029,1950 1112,1946 1195,1943 1278,1940 1361,1938 1443,1936 1526,1934 1609,1934 1692,1932 1775,1932 1858,1930 1941,1930 2024,1928 2107,1926 2190,1924"
                         HEIGHT="186"
                         WIDTH="1694"
                         VPOS="1843"
                         HPOS="514">
                  <String ID="string_region_1637587592211_969l33"
                          HEIGHT="186"
                          WIDTH="1694"
                          VPOS="1843"
                          HPOS="514"
                          CONTENT="Brussel den Bode vandercammen"/>
               </TextLine>
               <TextLine ID="region_1637587592211_969l34"
                         BASELINE="760,2046 874,2046 988,2046 1103,2046 1217,2046 1332,2046 1446,2044 1560,2044 1675,2044 1789,2044 1904,2044 2018,2046 2132,2046 2247,2047 2361,2048 2476,2050 2590,2052 2704,2054 2819,2058 2933,2061 3048,2066"
                         HEIGHT="119"
                         WIDTH="2319"
                         VPOS="1952"
                         HPOS="746">
                  <String ID="string_region_1637587592211_969l34"
                          HEIGHT="119"
                          WIDTH="2319"
                          VPOS="1952"
                          HPOS="746"
                          CONTENT="if moete ul tot mijn heedt wete n adviseren dat onsen vriendt mons. P. mijs"/>
               </TextLine>
               <TextLine ID="region_1637587592211_969l35"
                         BASELINE="676,2122 796,2116 916,2112 1036,2108 1156,2105 1276,2102 1396,2101 1516,2100 1636,2098 1756,2098 1876,2100 1996,2100 2116,2101 2236,2103 2356,2106 2476,2108 2596,2112 2716,2115 2836,2120 2956,2123 3076,2128"
                         HEIGHT="99"
                         WIDTH="2431"
                         VPOS="2064"
                         HPOS="660">
                  <String ID="string_region_1637587592211_969l35"
                          HEIGHT="99"
                          WIDTH="2431"
                          VPOS="2064"
                          HPOS="660"
                          CONTENT=" van leven over eenige daegen hier over is geweest en wederom bij mij "/>
               </TextLine>
               <TextLine ID="region_1637587592211_969l36"
                         BASELINE="744,2168 860,2165 977,2164 1094,2162 1211,2160 1328,2158 1444,2156 1561,2154 1678,2154 1795,2154 1912,2152 2028,2154 2145,2154 2262,2156 2379,2158 2496,2161 2612,2165 2729,2170 2846,2176 2963,2182 3080,2190"
                         HEIGHT="114"
                         WIDTH="2366"
                         VPOS="2106"
                         HPOS="730">
                  <String ID="string_region_1637587592211_969l36"
                          HEIGHT="114"
                          WIDTH="2366"
                          VPOS="2106"
                          HPOS="730"
                          CONTENT="goedt heeft gecoght dat hem p sijn ordre met het seeertschip hebbe toegesonden "/>
               </TextLine>
               <TextLine ID="region_1637587592211_969l37"
                         BASELINE="744,2224 859,2223 974,2221 1090,2218 1205,2216 1321,2214 1436,2212 1551,2210 1667,2208 1782,2208 1898,2206 2013,2206 2128,2208 2244,2208 2359,2211 2475,2214 2590,2218 2705,2223 2821,2230 2936,2238 3052,2246"
                         HEIGHT="81"
                         WIDTH="2338"
                         VPOS="2189"
                         HPOS="730">
                  <String ID="string_region_1637587592211_969l37"
                          HEIGHT="81"
                          WIDTH="2338"
                          VPOS="2189"
                          HPOS="730"
                          CONTENT="op Brussel geaddresseert aen mons. le procureur terreaieten dat heden hebbe"/>
               </TextLine>
               <TextLine ID="region_1637587592211_969l38"
                         BASELINE="744,2282 858,2280 973,2278 1087,2276 1202,2274 1317,2271 1431,2269 1546,2267 1660,2266 1775,2264 1890,2262 2004,2262 2119,2262 2233,2264 2348,2265 2463,2268 2577,2272 2692,2276 2806,2282 2921,2289 3036,2298"
                         HEIGHT="91"
                         WIDTH="2322"
                         VPOS="2218"
                         HPOS="730">
                  <String ID="string_region_1637587592211_969l38"
                          HEIGHT="91"
                          WIDTH="2322"
                          VPOS="2218"
                          HPOS="730"
                          CONTENT="vernomen dat het beurtschip soude sijn geplundeert ver sulckx bidde ul"/>
               </TextLine>
               <TextLine ID="region_1637587592211_969l39"
                         BASELINE="744,2338 859,2338 974,2336 1089,2334 1204,2332 1319,2330 1434,2328 1549,2326 1664,2323 1779,2322 1894,2320 2009,2318 2124,2318 2239,2318 2354,2320 2469,2322 2584,2324 2699,2329 2814,2334 2929,2341 3044,2350"
                         HEIGHT="106"
                         WIDTH="2332"
                         VPOS="2274"
                         HPOS="728">
                  <String ID="string_region_1637587592211_969l39"
                          HEIGHT="106"
                          WIDTH="2332"
                          VPOS="2274"
                          HPOS="728"
                          CONTENT="gelieft te de handt aen te hoeden endaer eens naer om te sien dter geen "/>
               </TextLine>
               <TextLine ID="region_1637587592211_969l40"
                         BASELINE="742,2394 858,2392 975,2391 1092,2389 1208,2388 1325,2386 1442,2384 1558,2382 1675,2379 1792,2378 1909,2376 2025,2376 2142,2376 2259,2376 2375,2376 2492,2378 2609,2380 2725,2384 2842,2388 2959,2394 3076,2400"
                         HEIGHT="91"
                         WIDTH="2366"
                         VPOS="2329"
                         HPOS="726">
                  <String ID="string_region_1637587592211_969l40"
                          HEIGHT="91"
                          WIDTH="2366"
                          VPOS="2329"
                          HPOS="726"
                          CONTENT="sin iddel en is om die goederen te salveren ick en wete geen er comstan"/>
               </TextLine>
               <TextLine ID="region_1637587592211_969l41"
                         BASELINE="734,2448 849,2448 965,2447 1080,2446 1196,2444 1311,2442 1427,2440 1542,2438 1658,2436 1773,2434 1889,2432 2004,2430 2120,2430 2235,2430 2351,2430 2466,2432 2582,2434 2697,2439 2813,2444 2928,2450 3044,2460"
                         HEIGHT="75"
                         WIDTH="2341"
                         VPOS="2411"
                         HPOS="718">
                  <String ID="string_region_1637587592211_969l41"
                          HEIGHT="75"
                          WIDTH="2341"
                          VPOS="2411"
                          HPOS="718"
                          CONTENT="sien oyft sijn goet gecomen oft gesalveert is ick wensche en hope met "/>
               </TextLine>
               <TextLine ID="region_1637587592211_969l42"
                         BASELINE="744,2510 860,2508 976,2506 1092,2504 1208,2502 1325,2499 1441,2496 1557,2494 1673,2492 1789,2490 1906,2488 2022,2486 2138,2486 2254,2486 2370,2486 2487,2488 2603,2490 2719,2494 2835,2498 2951,2504 3068,2512"
                         HEIGHT="120"
                         WIDTH="2353"
                         VPOS="2429"
                         HPOS="730">
                  <String ID="string_region_1637587592211_969l42"
                          HEIGHT="120"
                          WIDTH="2353"
                          VPOS="2429"
                          HPOS="730"
                          CONTENT="godts gratie van a hoe het is oft met mij du nert dat de geint resserde "/>
               </TextLine>
               <TextLine ID="region_1637587592211_969l43"
                         BASELINE="730,2576 845,2570 960,2566 1075,2562 1190,2558 1305,2554 1420,2552 1535,2549 1650,2548 1765,2546 1880,2544 1995,2544 2110,2544 2225,2544 2340,2544 2455,2544 2570,2546 2685,2548 2800,2550 2915,2554 3030,2556"
                         HEIGHT="128"
                         WIDTH="2332"
                         VPOS="2481"
                         HPOS="715">
                  <String ID="string_region_1637587592211_969l43"
                          HEIGHT="128"
                          WIDTH="2332"
                          VPOS="2481"
                          HPOS="715"
                          CONTENT="hien sullen moeten addresseren aenden haer vanden Broeck grieien"/>
               </TextLine>
               <TextLine ID="region_1637587592211_969l44"
                         BASELINE="750,2632 865,2627 980,2624 1095,2620 1210,2616 1326,2612 1441,2610 1556,2608 1671,2606 1786,2604 1902,2602 2017,2602 2132,2602 2247,2602 2362,2604 2478,2604 2593,2606 2708,2610 2823,2612 2938,2617 3054,2622"
                         HEIGHT="104"
                         WIDTH="2335"
                         VPOS="2548"
                         HPOS="734">
                  <String ID="string_region_1637587592211_969l44"
                          HEIGHT="104"
                          WIDTH="2335"
                          VPOS="2548"
                          HPOS="734"
                          CONTENT="van de heeren staeten van Brabandt en de daer hunnen toerluckt"/>
               </TextLine>
               <TextLine ID="region_1637587592211_969l45"
                         BASELINE="762,2686 873,2682 984,2678 1096,2676 1207,2672 1319,2670 1430,2668 1541,2666 1653,2666 1764,2664 1876,2664 1987,2664 2098,2664 2210,2664 2321,2665 2433,2666 2544,2667 2655,2668 2767,2670 2878,2670 2990,2672"
                         HEIGHT="70"
                         WIDTH="2260"
                         VPOS="2637"
                         HPOS="747">
                  <String ID="string_region_1637587592211_969l45"
                          HEIGHT="70"
                          WIDTH="2260"
                          VPOS="2637"
                          HPOS="747"
                          CONTENT="nemen mits de beurtschepen met goede pas poorten vaeren en "/>
               </TextLine>
               <TextLine ID="region_1637587592211_969l46"
                         BASELINE="754,2742 868,2739 982,2735 1096,2732 1210,2729 1325,2726 1439,2724 1553,2724 1667,2722 1781,2722 1896,2722 2010,2722 2124,2722 2238,2722 2352,2722 2467,2724 2581,2726 2695,2726 2809,2728 2923,2730 3038,2732"
                         HEIGHT="70"
                         WIDTH="2316"
                         VPOS="2691"
                         HPOS="737">
                  <String ID="string_region_1637587592211_969l46"
                          HEIGHT="70"
                          WIDTH="2316"
                          VPOS="2691"
                          HPOS="737"
                          CONTENT="voorsien wesen soo niet sbeters en mijne ick hebbe heden oock aen "/>
               </TextLine>
               <TextLine ID="region_1637587592211_969l47"
                         BASELINE="760,2796 873,2793 987,2790 1101,2788 1215,2786 1329,2784 1442,2784 1556,2782 1670,2782 1784,2782 1898,2782 2011,2782 2125,2782 2239,2782 2353,2784 2467,2784 2580,2786 2694,2786 2808,2788 2922,2788 3036,2790"
                         HEIGHT="78"
                         WIDTH="2306"
                         VPOS="2747"
                         HPOS="744">
                  <String ID="string_region_1637587592211_969l47"
                          HEIGHT="78"
                          WIDTH="2306"
                          VPOS="2747"
                          HPOS="744"
                          CONTENT="mons. mijs daer van adnes gegeven en aen hem geschreven dat ul "/>
               </TextLine>
               <TextLine ID="region_1637587592211_969l48"
                         BASELINE="754,2862 869,2858 984,2854 1099,2852 1214,2848 1329,2846 1444,2844 1559,2844 1674,2844 1789,2842 1904,2842 2019,2842 2134,2844 2249,2844 2364,2844 2479,2846 2594,2846 2709,2848 2824,2848 2939,2849 3054,2850"
                         HEIGHT="103"
                         WIDTH="2332"
                         VPOS="2783"
                         HPOS="739">
                  <String ID="string_region_1637587592211_969l48"
                          HEIGHT="103"
                          WIDTH="2332"
                          VPOS="2783"
                          HPOS="739"
                          CONTENT="ensgelijck ot daer van hebbe kennisse gegeven en soo Blijve en haeste"/>
               </TextLine>
               <TextLine ID="region_1637587592211_969l49"
                         BASELINE="2748,2912 2784,2913 2820,2908"
                         HEIGHT="80"
                         WIDTH="107"
                         VPOS="2855"
                         HPOS="2729">
                  <String ID="string_region_1637587592211_969l49"
                          HEIGHT="80"
                          WIDTH="107"
                          VPOS="2855"
                          HPOS="2729"
                          CONTENT="de"/>
               </TextLine>
               <TextLine ID="region_1637587592211_969l50"
                         BASELINE="2492,2934 2518,2938 2544,2941 2571,2943 2597,2946 2623,2946 2650,2946 2676,2946 2702,2946 2729,2946 2755,2946 2781,2946 2808,2946 2834,2946 2860,2949 2887,2950 2913,2951 2939,2953 2966,2958"
                         HEIGHT="151"
                         WIDTH="508"
                         VPOS="2854"
                         HPOS="2475">
                  <String ID="string_region_1637587592211_969l50"
                          HEIGHT="151"
                          WIDTH="508"
                          VPOS="2854"
                          HPOS="2475"
                          CONTENT="Adij 8"/>
               </TextLine>
               <TextLine ID="region_1637587592211_969l51"
                         BASELINE="532,3028 599,3017 667,3007 734,2998 802,2991 869,2984 937,2980 1004,2974 1072,2971 1139,2968 1207,2966 1274,2964 1342,2962 1409,2960 1477,2960 1544,2960 1612,2958 1679,2958 1747,2956 1814,2956 1882,2954"
                         HEIGHT="204"
                         WIDTH="1385"
                         VPOS="2850"
                         HPOS="511">
                  <String ID="string_region_1637587592211_969l51"
                          HEIGHT="204"
                          WIDTH="1385"
                          VPOS="2850"
                          HPOS="511"
                          CONTENT="Brussel procureur terreau"/>
               </TextLine>
               <TextLine ID="region_1637587592211_969l52"
                         BASELINE="744,3104 857,3102 971,3100 1084,3098 1198,3098 1312,3096 1425,3096 1539,3096 1652,3096 1766,3096 1880,3096 1993,3098 2107,3100 2220,3101 2334,3103 2448,3106 2561,3108 2675,3110 2788,3114 2902,3117 3016,3120"
                         HEIGHT="136"
                         WIDTH="2304"
                         VPOS="2991"
                         HPOS="729">
                  <String ID="string_region_1637587592211_969l52"
                          HEIGHT="136"
                          WIDTH="2304"
                          VPOS="2991"
                          HPOS="729"
                          CONTENT="ick hebbe ul. op 14 deser gess en geadviseert dat l pr ordre en voor"/>
               </TextLine>
               <TextLine ID="region_1637587592211_969l53"
                         BASELINE="760,3164 875,3163 990,3162 1105,3162 1220,3160 1336,3160 1451,3160 1566,3158 1681,3158 1796,3158 1912,3158 2027,3158 2142,3158 2257,3158 2372,3159 2488,3160 2603,3162 2718,3164 2833,3166 2948,3169 3064,3172"
                         HEIGHT="87"
                         WIDTH="2338"
                         VPOS="3108"
                         HPOS="743">
                  <String ID="string_region_1637587592211_969l53"
                          HEIGHT="87"
                          WIDTH="2338"
                          VPOS="3108"
                          HPOS="743"
                          CONTENT="reken van mons.  Mijs tot heuven wederom met het beurtschit"/>
               </TextLine>
               <TextLine ID="region_1637587592211_969l54"
                         BASELINE="758,3226 871,3223 985,3220 1099,3218 1212,3218 1326,3216 1440,3216 1553,3216 1667,3216 1781,3216 1895,3216 2008,3218 2122,3218 2236,3218 2349,3220 2463,3220 2577,3222 2690,3222 2804,3224 2918,3224 3032,3224"
                         HEIGHT="84"
                         WIDTH="2303"
                         VPOS="3170"
                         HPOS="744">
                  <String ID="string_region_1637587592211_969l54"
                          HEIGHT="84"
                          WIDTH="2303"
                          VPOS="3170"
                          HPOS="744"
                          CONTENT="hadde geaddresseert een pwecke gemerct.TN nu moete ul. tot mijn"/>
               </TextLine>
               <TextLine ID="region_1637587592211_969l55"
                         BASELINE="742,3278 856,3278 971,3276 1086,3276 1201,3276 1316,3276 1430,3276 1545,3274 1660,3274 1775,3274 1890,3274 2004,3274 2119,3274 2234,3276 2349,3276 2464,3276 2578,3276 2693,3274 2808,3274 2923,3274 3038,3274"
                         HEIGHT="87"
                         WIDTH="2325"
                         VPOS="3221"
                         HPOS="728">
                  <String ID="string_region_1637587592211_969l55"
                          HEIGHT="87"
                          WIDTH="2325"
                          VPOS="3221"
                          HPOS="728"
                          CONTENT="leedtwes en adviseren dat soo aenstons hebbe vernomen dat hetseve"/>
               </TextLine>
               <TextLine ID="region_1637587592211_969l56"
                         BASELINE="750,3346 864,3342 979,3338 1093,3336 1208,3334 1322,3332 1437,3332 1551,3330 1666,3330 1780,3328 1895,3328 2009,3328 2124,3328 2238,3328 2353,3330 2467,3330 2582,3330 2696,3332 2811,3332 2925,3334 3040,3336"
                         HEIGHT="100"
                         WIDTH="2319"
                         VPOS="3274"
                         HPOS="735">
                  <String ID="string_region_1637587592211_969l56"
                          HEIGHT="100"
                          WIDTH="2319"
                          VPOS="3274"
                          HPOS="735"
                          CONTENT="beurtschiys door een fransche partije soude sijn geplundert ende dat"/>
               </TextLine>
               <TextLine ID="region_1637587592211_969l57"
                         BASELINE="744,3400 860,3396 976,3394 1092,3391 1208,3388 1325,3387 1441,3386 1557,3384 1673,3384 1789,3384 1906,3384 2022,3384 2138,3384 2254,3384 2370,3386 2487,3386 2603,3388 2719,3388 2835,3390 2951,3392 3068,3392"
                         HEIGHT="78"
                         WIDTH="2356"
                         VPOS="3349"
                         HPOS="727">
                  <String ID="string_region_1637587592211_969l57"
                          HEIGHT="78"
                          WIDTH="2356"
                          VPOS="3349"
                          HPOS="727"
                          CONTENT="niet en wete oft het goet van mons. rijs gecalveert is oft niet soo"/>
               </TextLine>
               <TextLine ID="region_1637587592211_969l58"
                         BASELINE="750,3460 860,3456 970,3453 1080,3450 1190,3448 1301,3446 1411,3444 1521,3444 1631,3444 1741,3444 1852,3444 1962,3444 2072,3444 2182,3444 2292,3444 2403,3444 2513,3446 2623,3446 2733,3446 2843,3444 2954,3444"
                         HEIGHT="96"
                         WIDTH="2235"
                         VPOS="3392"
                         HPOS="735">
                  <String ID="string_region_1637587592211_969l58"
                          HEIGHT="96"
                          WIDTH="2235"
                          VPOS="3392"
                          HPOS="735"
                          CONTENT="dat niet en can naeslaeten ul. daeraran adivies te geven gelijck"/>
               </TextLine>
               <TextLine ID="region_1637587592211_969l59"
                         BASELINE="734,3526 845,3520 956,3516 1068,3512 1179,3508 1291,3506 1402,3504 1513,3504 1625,3502 1736,3502 1848,3502 1959,3502 2070,3502 2182,3502 2293,3502 2405,3502 2516,3502 2627,3502 2739,3502 2850,3500 2962,3498"
                         HEIGHT="89"
                         WIDTH="2260"
                         VPOS="3456"
                         HPOS="717">
                  <String ID="string_region_1637587592211_969l59"
                          HEIGHT="89"
                          WIDTH="2260"
                          VPOS="3456"
                          HPOS="717"
                          CONTENT="mede heden aen hem hebbe gedaen oock aen sijn orient mons"/>
               </TextLine>
               <TextLine ID="region_1637587592211_969l60"
                         BASELINE="746,3582 862,3578 978,3574 1094,3570 1210,3567 1327,3564 1443,3562 1559,3562 1675,3560 1791,3560 1908,3558 2024,3558 2140,3558 2256,3558 2372,3558 2489,3560 2605,3560 2721,3560 2837,3560 2953,3562 3070,3562"
                         HEIGHT="115"
                         WIDTH="2356"
                         VPOS="3477"
                         HPOS="729">
                  <String ID="string_region_1637587592211_969l60"
                          HEIGHT="115"
                          WIDTH="2356"
                          VPOS="3477"
                          HPOS="729"
                          CONTENT="van dereammen op dat ul. te saemen met de voordere geen tresserde"/>
               </TextLine>
               <TextLine ID="region_1637587592211_969l61"
                         BASELINE="754,3648 868,3640 982,3634 1096,3628 1210,3624 1324,3620 1438,3618 1552,3616 1666,3616 1780,3616 1894,3616 2008,3616 2122,3618 2236,3618 2350,3620 2464,3622 2578,3622 2692,3624 2806,3624 2920,3624 3034,3624"
                         HEIGHT="104"
                         WIDTH="2313"
                         VPOS="3573"
                         HPOS="738">
                  <String ID="string_region_1637587592211_969l61"
                          HEIGHT="104"
                          WIDTH="2313"
                          VPOS="3573"
                          HPOS="738"
                          CONTENT="bet tijde soude connen devoiren doen mij en duncst naet qualyek"/>
               </TextLine>
               <TextLine ID="region_1637587592211_969l62"
                         BASELINE="748,3704 861,3698 975,3692 1089,3688 1203,3684 1317,3680 1431,3676 1545,3674 1659,3672 1773,3672 1887,3670 2000,3670 2114,3670 2228,3672 2342,3674 2456,3676 2570,3678 2684,3682 2798,3685 2912,3690 3026,3694"
                         HEIGHT="72"
                         WIDTH="2310"
                         VPOS="3650"
                         HPOS="732">
                  <String ID="string_region_1637587592211_969l62"
                          HEIGHT="72"
                          WIDTH="2310"
                          VPOS="3650"
                          HPOS="732"
                          CONTENT="te wesen dat de geintresserde sich aenstons addresseren bij gest "/>
               </TextLine>
               <TextLine ID="region_1637587592211_969l63"
                         BASELINE="760,3766 874,3759 989,3754 1103,3749 1218,3744 1332,3739 1447,3736 1561,3732 1676,3730 1790,3728 1905,3726 2019,3726 2134,3726 2248,3726 2363,3728 2477,3730 2592,3732 2706,3736 2821,3739 2935,3745 3050,3750"
                         HEIGHT="80"
                         WIDTH="2322"
                         VPOS="3698"
                         HPOS="744">
                  <String ID="string_region_1637587592211_969l63"
                          HEIGHT="80"
                          WIDTH="2322"
                          VPOS="3698"
                          HPOS="744"
                          CONTENT="heer vanden Broeck griffier van de heeren staet en vr brubant"/>
               </TextLine>
               <TextLine ID="region_1637587592211_969l64"
                         BASELINE="752,3820 867,3815 982,3812 1097,3807 1213,3802 1328,3798 1443,3796 1559,3792 1674,3790 1789,3786 1905,3786 2020,3784 2135,3784 2250,3784 2366,3784 2481,3785 2596,3787 2712,3790 2827,3794 2942,3800 3058,3804"
                         HEIGHT="100"
                         WIDTH="2338"
                         VPOS="3733"
                         HPOS="735">
                  <String ID="string_region_1637587592211_969l64"
                          HEIGHT="100"
                          WIDTH="2338"
                          VPOS="3733"
                          HPOS="735"
                          CONTENT="mits de beurtschepen mest tehoorlyck pas porten raeren soo als"/>
               </TextLine>
               <TextLine ID="region_1637587592211_969l65"
                         BASELINE="734,3890 844,3882 954,3876 1064,3870 1174,3866 1284,3861 1394,3858 1504,3854 1614,3852 1724,3850 1834,3848 1944,3848 2054,3846 2164,3846 2274,3846 2384,3846 2494,3848 2604,3848 2714,3850 2824,3852 2934,3854"
                         HEIGHT="139"
                         WIDTH="2234"
                         VPOS="3790"
                         HPOS="718">
                  <String ID="string_region_1637587592211_969l65"
                          HEIGHT="139"
                          WIDTH="2234"
                          VPOS="3790"
                          HPOS="718"
                          CONTENT="met beter en meyne ick moete sluyten en blijve in haeste"/>
               </TextLine>
               <TextLine ID="region_1637587592211_969l66"
                         BASELINE="2554,3958 2579,3956 2605,3954 2631,3954 2657,3954 2683,3954 2709,3954 2735,3955 2761,3958 2786,3960 2812,3961 2838,3963 2864,3966 2890,3966 2916,3968 2942,3969 2968,3970 2994,3970"
                         HEIGHT="144"
                         WIDTH="473"
                         VPOS="3859"
                         HPOS="2538">
                  <String ID="string_region_1637587592211_969l66"
                          HEIGHT="144"
                          WIDTH="473"
                          VPOS="3859"
                          HPOS="2538"
                          CONTENT="Ady 17 d"/>
               </TextLine>
               <TextLine ID="region_1637587592211_969l67"
                         BASELINE="554,3994 609,3992 665,3988 720,3986 776,3984 832,3980 887,3978 943,3974 998,3972 1054,3968 1110,3966 1165,3964 1221,3961 1276,3958 1332,3957 1388,3955 1443,3953 1499,3952 1554,3950 1610,3948 1666,3948"
                         HEIGHT="167"
                         WIDTH="1146"
                         VPOS="3867"
                         HPOS="538">
                  <String ID="string_region_1637587592211_969l67"
                          HEIGHT="167"
                          WIDTH="1146"
                          VPOS="3867"
                          HPOS="538"
                          CONTENT="Turnhout p Bapt Van Meurs"/>
               </TextLine>
               <TextLine ID="region_1637587592211_969l68"
                         BASELINE="736,4104 852,4098 969,4094 1085,4090 1202,4088 1319,4084 1435,4082 1552,4081 1668,4080 1785,4080 1902,4080 2018,4080 2135,4080 2251,4082 2368,4082 2485,4084 2601,4086 2718,4089 2834,4092 2951,4096 3068,4098"
                         HEIGHT="126"
                         WIDTH="2366"
                         VPOS="3999"
                         HPOS="719">
                  <String ID="string_region_1637587592211_969l68"
                          HEIGHT="126"
                          WIDTH="2366"
                          VPOS="3999"
                          HPOS="719"
                          CONTENT="ick hebbe het geluck gehadt over eenige maen den aen ul. tewee stucken laecke n te"/>
               </TextLine>
               <TextLine ID="region_1637587592211_969l69"
                         BASELINE="760,4162 874,4156 988,4152 1102,4149 1216,4146 1330,4144 1444,4142 1558,4140 1672,4138 1786,4138 1901,4138 2015,4138 2129,4138 2243,4140 2357,4143 2471,4146 2585,4150 2699,4154 2813,4160 2927,4165 3042,4172"
                         HEIGHT="85"
                         WIDTH="2313"
                         VPOS="4098"
                         HPOS="744">
                  <String ID="string_region_1637587592211_969l69"
                          HEIGHT="85"
                          WIDTH="2313"
                          VPOS="4098"
                          HPOS="744"
                          CONTENT="vercoopen en ickten twrjffele niettoft hebbe ul. wel bedient en ul. sal daerby"/>
               </TextLine>
               <TextLine ID="region_1637587592211_969l70"
                         BASELINE="742,4224 858,4217 975,4211 1091,4207 1208,4204 1325,4202 1441,4200 1558,4200 1674,4200 1791,4200 1908,4202 2024,4204 2141,4206 2257,4208 2374,4212 2491,4215 2607,4218 2724,4222 2840,4225 2957,4228 3074,4232"
                         HEIGHT="101"
                         WIDTH="2364"
                         VPOS="4168"
                         HPOS="726">
                  <String ID="string_region_1637587592211_969l70"
                          HEIGHT="101"
                          WIDTH="2364"
                          VPOS="4168"
                          HPOS="726"
                          CONTENT="contentement en goedt reken hebben genonden sedert en hebbe voorders"/>
               </TextLine>
               <TextLine ID="region_1637587592211_969l71"
                         BASELINE="744,4272 859,4268 974,4265 1089,4262 1205,4260 1320,4260 1435,4260 1551,4260 1666,4262 1781,4262 1897,4264 2012,4266 2127,4269 2242,4272 2358,4274 2473,4277 2588,4280 2704,4282 2819,4284 2934,4286 3050,4288"
                         HEIGHT="92"
                         WIDTH="2338"
                         VPOS="4213"
                         HPOS="727">
                  <String ID="string_region_1637587592211_969l71"
                          HEIGHT="92"
                          WIDTH="2338"
                          VPOS="4213"
                          HPOS="727"
                          CONTENT="crare ul. niet veernomen soo dat aens pr desen mijn dienst voorder "/>
               </TextLine>
               <TextLine ID="region_1637587592211_969l72"
                         BASELINE="718,4332 828,4328 939,4325 1050,4322 1161,4322 1272,4320 1382,4320 1493,4322 1604,4322 1715,4324 1826,4326 1936,4328 2047,4330 2158,4332 2269,4335 2380,4336 2490,4338 2601,4340 2712,4340 2823,4340 2934,4340"
                         HEIGHT="79"
                         WIDTH="2248"
                         VPOS="4282"
                         HPOS="703">
                  <String ID="string_region_1637587592211_969l72"
                          HEIGHT="79"
                          WIDTH="2248"
                          VPOS="4282"
                          HPOS="703"
                          CONTENT="come p resenteren en adiseren dat een schoone partije n"/>
               </TextLine>
            </TextBlock>
            <TextBlock ID="region_1637587598173_972"
                       HEIGHT="4376"
                       WIDTH="2632"
                       VPOS="0"
                       HPOS="3148">
               <Shape>
                  <Polygon POINTS="3148,-9 5780,-9 5780,4376 3148,4376"/>
               </Shape>
               <TextLine ID="region_1637587598173_972l1"
                         BASELINE="3358,80 3477,74 3596,68 3715,65 3834,62 3954,60 4073,60 4192,59 4311,60 4430,60 4550,60 4669,62 4788,64 4907,66 5026,68 5146,70 5265,70 5384,72 5503,74 5622,74 5742,74"
                         HEIGHT="100"
                         WIDTH="2415"
                         VPOS="0"
                         HPOS="3342">
                  <String ID="string_region_1637587598173_972l1"
                          HEIGHT="100"
                          WIDTH="2415"
                          VPOS="0"
                          HPOS="3342"
                          CONTENT="n de hande nieewe goederen hebbe ontfangen soo somendene laechen van alle"/>
               </TextLine>
               <TextLine ID="region_1637587598173_972l2"
                         BASELINE="3342,124 3461,116 3580,111 3699,106 3818,103 3937,100 4056,100 4175,98 4294,100 4413,100 4532,102 4651,104 4770,106 4889,108 5008,108 5127,110 5246,112 5365,113 5484,114 5603,114 5722,112"
                         HEIGHT="75"
                         WIDTH="2413"
                         VPOS="63"
                         HPOS="3326">
                  <String ID="string_region_1637587598173_972l2"
                          HEIGHT="75"
                          WIDTH="2413"
                          VPOS="63"
                          HPOS="3326"
                          CONTENT="nieuwe coleuren en prijssen als geperste noortsche en dosijnen. carseyen witte in"/>
               </TextLine>
               <TextLine ID="region_1637587598173_972l3"
                         BASELINE="3334,172 3450,161 3567,153 3683,148 3800,143 3917,140 4033,140 4150,140 4266,140 4383,142 4500,145 4616,148 4733,152 4849,154 4966,156 5083,158 5199,160 5316,162 5432,160 5549,159 5666,156"
                         HEIGHT="46"
                         WIDTH="2363"
                         VPOS="128"
                         HPOS="3319">
                  <String ID="string_region_1637587598173_972l3"
                          HEIGHT="46"
                          WIDTH="2363"
                          VPOS="128"
                          HPOS="3319"
                          CONTENT="geverfde frisaerden en bayen oook scole hester en deien ter bayen alle goederen"/>
               </TextLine>
               <TextLine ID="region_1637587598173_972l4"
                         BASELINE="3342,216 3462,207 3582,198 3702,194 3822,188 3942,186 4062,184 4182,184 4302,184 4422,186 4542,188 4662,190 4782,192 4902,196 5022,199 5142,202 5262,204 5382,207 5502,208 5622,210 5742,210"
                         HEIGHT="71"
                         WIDTH="2432"
                         VPOS="167"
                         HPOS="3325">
                  <String ID="string_region_1637587598173_972l4"
                          HEIGHT="71"
                          WIDTH="2432"
                          VPOS="167"
                          HPOS="3325"
                          CONTENT="sijn tan vjter sten goeden coop ick en twijffele niet oft ul sal met datalgaende "/>
               </TextLine>
               <TextLine ID="region_1637587598173_972l5"
                         BASELINE="3330,260 3448,253 3567,246 3685,242 3804,238 3922,236 4041,234 4159,234 4278,234 4396,234 4515,236 4633,238 4752,240 4870,242 4989,244 5107,246 5226,250 5344,252 5463,254 5581,254 5700,256"
                         HEIGHT="84"
                         WIDTH="2400"
                         VPOS="197"
                         HPOS="3316">
                  <String ID="string_region_1637587598173_972l5"
                          HEIGHT="84"
                          WIDTH="2400"
                          VPOS="197"
                          HPOS="3316"
                          CONTENT="jasoen alhedts noodigh hebben us magh selker wesen dat ul In Antwerpen"/>
               </TextLine>
               <TextLine ID="region_1637587598173_972l6"
                         BASELINE="3334,304 3452,296 3571,290 3690,286 3808,282 3927,280 4046,278 4164,278 4283,278 4402,280 4521,282 4639,284 4758,286 4877,290 4995,292 5114,296 5233,298 5351,302 5470,304 5589,306 5708,306"
                         HEIGHT="81"
                         WIDTH="2406"
                         VPOS="246"
                         HPOS="3318">
                  <String ID="string_region_1637587598173_972l6"
                          HEIGHT="81"
                          WIDTH="2406"
                          VPOS="246"
                          HPOS="3318"
                          CONTENT="niemand beter coop als ick en sal bedienen iooone int hiddorp nechtouer"/>
               </TextLine>
               <TextLine ID="region_1637587598173_972l7"
                         BASELINE="3352,350 3445,345 3539,341 3632,338 3726,334 3820,332 3913,330 4007,328 4100,326 4194,326 4288,324 4381,324 4475,326 4568,326 4662,327 4756,328 4849,330 4943,332 5036,335 5130,338 5224,342"
                         HEIGHT="102"
                         WIDTH="1903"
                         VPOS="279"
                         HPOS="3337">
                  <String ID="string_region_1637587598173_972l7"
                          HEIGHT="102"
                          WIDTH="1903"
                          VPOS="279"
                          HPOS="3337"
                          CONTENT="het post comptoiren soo blijve naer cordiaele groetenine"/>
               </TextLine>
               <TextLine ID="region_1637587598173_972l8"
                         BASELINE="4852,442 4877,442 4902,441 4927,440 4952,440 4977,440 5002,439 5028,437 5053,436 5078,435 5103,434 5128,433 5153,432 5179,431 5204,430 5229,430 5254,429 5279,428 5304,428 5330,426"
                         HEIGHT="125"
                         WIDTH="512"
                         VPOS="356"
                         HPOS="4836">
                  <String ID="string_region_1637587598173_972l8"
                          HEIGHT="125"
                          WIDTH="512"
                          VPOS="356"
                          HPOS="4836"
                          CONTENT="17 accoustie 1708"/>
               </TextLine>
               <TextLine ID="region_1637587598173_972l9"
                         BASELINE="3166,488 3220,481 3274,475 3328,469 3382,464 3436,458 3490,454 3544,450 3598,447 3652,446 3707,444 3761,442 3815,440 3869,440 3923,440 3977,440 4031,440 4085,441 4139,442 4193,444 4248,444"
                         HEIGHT="172"
                         WIDTH="1115"
                         VPOS="333"
                         HPOS="3148">
                  <String ID="string_region_1637587598173_972l9"
                          HEIGHT="172"
                          WIDTH="1115"
                          VPOS="333"
                          HPOS="3148"
                          CONTENT="Brussel Leonaerdus de witte"/>
               </TextLine>
               <TextLine ID="region_1637587598173_972l10"
                         BASELINE="3340,576 3459,574 3579,572 3699,570 3819,570 3939,570 4059,568 4179,568 4299,568 4419,568 4539,568 4658,568 4778,568 4898,566 5018,566 5138,564 5258,562 5378,560 5498,557 5618,554 5738,550"
                         HEIGHT="125"
                         WIDTH="2428"
                         VPOS="480"
                         HPOS="3324">
                  <String ID="string_region_1637587598173_972l10"
                          HEIGHT="125"
                          WIDTH="2428"
                          VPOS="480"
                          HPOS="3324"
                          CONTENT="Ick hebbe den uwen van 10 court wel ontfange met eene "/>
               </TextLine>
               <TextLine ID="region_1637587598173_972l11"
                         BASELINE="3334,682 3454,680 3574,680 3695,678 3815,676 3936,674 4056,674 4176,672 4297,672 4417,670 4538,670 4658,670 4778,668 4899,668 5019,666 5140,666 5260,666 5380,664 5501,664 5621,664 5742,662"
                         HEIGHT="146"
                         WIDTH="2437"
                         VPOS="571"
                         HPOS="3319">
                  <String ID="string_region_1637587598173_972l11"
                          HEIGHT="146"
                          WIDTH="2437"
                          VPOS="571"
                          HPOS="3319"
                          CONTENT="assignatie van 60 court voor ue rk te ontfange hebbe"/>
               </TextLine>
               <TextLine ID="region_1637587598173_972l12"
                         BASELINE="3326,806 3443,804 3560,804 3677,802 3794,800 3912,798 4029,796 4146,794 4263,790 4380,788 4498,784 4615,782 4732,779 4849,776 4966,774 5084,772 5201,770 5318,768 5435,766 5552,766 5670,764"
                         HEIGHT="181"
                         WIDTH="2379"
                         VPOS="670"
                         HPOS="3308">
                  <String ID="string_region_1637587598173_972l12"
                          HEIGHT="181"
                          WIDTH="2379"
                          VPOS="670"
                          HPOS="3308"
                          CONTENT="ton huysen n jouf hujtreckt gesonden doch ditto"/>
               </TextLine>
               <TextLine ID="region_1637587598173_972l13"
                         BASELINE="3330,920 3446,918 3563,918 3679,916 3796,914 3913,914 4029,912 4146,910 4262,908 4379,906 4496,904 4612,900 4729,898 4845,894 4962,892 5079,888 5195,885 5312,882 5428,878 5545,874 5662,870"
                         HEIGHT="193"
                         WIDTH="2363"
                         VPOS="781"
                         HPOS="3314">
                  <String ID="string_region_1637587598173_972l13"
                          HEIGHT="193"
                          WIDTH="2363"
                          VPOS="781"
                          HPOS="3314"
                          CONTENT="daer ue van melt en logeert daer niet en is al eenige"/>
               </TextLine>
               <TextLine ID="region_1637587598173_972l14"
                         BASELINE="3342,1016 3458,1018 3574,1020 3691,1020 3807,1020 3924,1020 4040,1018 4156,1016 4273,1014 4389,1012 4506,1008 4622,1006 4738,1002 4855,999 4971,996 5088,994 5204,992 5320,990 5437,990 5553,990 5670,990"
                         HEIGHT="163"
                         WIDTH="2361"
                         VPOS="891"
                         HPOS="3324">
                  <String ID="string_region_1637587598173_972l14"
                          HEIGHT="163"
                          WIDTH="2361"
                          VPOS="891"
                          HPOS="3324"
                          CONTENT="bijd van daer en wet niet aen te wejsen om hem te "/>
               </TextLine>
               <TextLine ID="region_1637587598173_972l15"
                         BASELINE="3326,1130 3447,1128 3569,1126 3691,1126 3813,1124 3935,1122 4056,1121 4178,1120 4300,1118 4422,1118 4544,1116 4665,1116 4787,1114 4909,1114 5031,1114 5153,1112 5274,1112 5396,1110 5518,1110 5640,1108 5762,1106"
                         HEIGHT="149"
                         WIDTH="2466"
                         VPOS="1025"
                         HPOS="3311">
                  <String ID="string_region_1637587598173_972l15"
                          HEIGHT="149"
                          WIDTH="2466"
                          VPOS="1025"
                          HPOS="3311"
                          CONTENT="vinden als alleenelijck dat hij sijn resedentie op de sordie"/>
               </TextLine>
               <TextLine ID="region_1637587598173_972l16"
                         BASELINE="3350,1244 3467,1248 3585,1251 3702,1252 3820,1252 3938,1252 4055,1252 4173,1249 4290,1246 4408,1244 4526,1240 4643,1236 4761,1232 4878,1228 4996,1225 5114,1220 5231,1218 5349,1214 5466,1212 5584,1210 5702,1210"
                         HEIGHT="115"
                         WIDTH="2385"
                         VPOS="1167"
                         HPOS="3333">
                  <String ID="string_region_1637587598173_972l16"
                          HEIGHT="115"
                          WIDTH="2385"
                          VPOS="1167"
                          HPOS="3333"
                          CONTENT="of daer ontrent is houdende ende dat hij nu en dan"/>
               </TextLine>
               <TextLine ID="region_1637587598173_972l17"
                         BASELINE="3342,1368 3463,1372 3584,1375 3705,1376 3826,1378 3948,1376 4069,1374 4190,1372 4311,1368 4432,1364 4554,1360 4675,1355 4796,1350 4917,1343 5038,1338 5160,1332 5281,1326 5402,1320 5523,1314 5644,1309 5766,1304"
                         HEIGHT="227"
                         WIDTH="2455"
                         VPOS="1201"
                         HPOS="3325">
                  <String ID="string_region_1637587598173_972l17"
                          HEIGHT="227"
                          WIDTH="2455"
                          VPOS="1201"
                          HPOS="3325"
                          CONTENT="self in stat compt sonder by haer naer te coemen soo"/>
               </TextLine>
               <TextLine ID="region_1637587598173_972l18"
                         BASELINE="3346,1496 3463,1498 3580,1498 3697,1498 3814,1498 3931,1498 4048,1496 4165,1494 4282,1490 4399,1488 4516,1483 4633,1478 4750,1474 4867,1468 4984,1462 5101,1456 5218,1448 5335,1441 5452,1432 5569,1424 5686,1416"
                         HEIGHT="198"
                         WIDTH="2370"
                         VPOS="1327"
                         HPOS="3329">
                  <String ID="string_region_1637587598173_972l18"
                          HEIGHT="198"
                          WIDTH="2370"
                          VPOS="1327"
                          HPOS="3329"
                          CONTENT="dat geraede vinde ue de assignatie hier ingesloete hier"/>
               </TextLine>
               <TextLine ID="region_1637587598173_972l19"
                         BASELINE="3338,1614 3457,1618 3576,1620 3696,1624 3815,1624 3935,1624 4054,1622 4173,1620 4293,1618 4412,1614 4532,1610 4651,1605 4770,1600 4890,1595 5009,1590 5129,1583 5248,1578 5367,1572 5487,1566 5606,1562 5726,1556"
                         HEIGHT="185"
                         WIDTH="2420"
                         VPOS="1448"
                         HPOS="3320">
                  <String ID="string_region_1637587598173_972l19"
                          HEIGHT="185"
                          WIDTH="2420"
                          VPOS="1448"
                          HPOS="3320"
                          CONTENT="weder te seijnde ende den brief die ue hem schrijft hier "/>
               </TextLine>
               <TextLine ID="region_1637587598173_972l20"
                         BASELINE="3354,1724 3474,1735 3594,1743 3714,1748 3834,1752 3954,1754 4074,1754 4194,1752 4314,1750 4434,1744 4554,1740 4674,1734 4794,1727 4914,1719 5034,1712 5154,1703 5274,1696 5394,1688 5514,1681 5634,1674 5754,1668"
                         HEIGHT="230"
                         WIDTH="2434"
                         VPOS="1569"
                         HPOS="3336">
                  <String ID="string_region_1637587598173_972l20"
                          HEIGHT="230"
                          WIDTH="2434"
                          VPOS="1569"
                          HPOS="3336"
                          CONTENT="te houde om is het moegelijck het te doen behandey"/>
               </TextLine>
               <TextLine ID="region_1637587598173_972l21"
                         BASELINE="3334,1880 3452,1878 3570,1876 3689,1874 3807,1872 3926,1870 4044,1868 4162,1866 4281,1864 4399,1862 4518,1859 4636,1856 4754,1852 4873,1848 4991,1841 5110,1835 5228,1828 5346,1819 5465,1808 5583,1798 5702,1784"
                         HEIGHT="241"
                         WIDTH="2402"
                         VPOS="1696"
                         HPOS="3317">
                  <String ID="string_region_1637587598173_972l21"
                          HEIGHT="241"
                          WIDTH="2402"
                          VPOS="1696"
                          HPOS="3317"
                          CONTENT="sal daer naer doen infor meren door de pacteurs"/>
               </TextLine>
               <TextLine ID="region_1637587598173_972l22"
                         BASELINE="3334,2012 3454,2010 3574,2008 3694,2005 3814,2003 3934,2000 4054,1998 4174,1996 4294,1993 4414,1989 4534,1986 4654,1982 4774,1978 4894,1973 5014,1968 5134,1962 5254,1956 5374,1948 5494,1940 5614,1932 5734,1922"
                         HEIGHT="201"
                         WIDTH="2436"
                         VPOS="1839"
                         HPOS="3315">
                  <String ID="string_region_1637587598173_972l22"
                          HEIGHT="201"
                          WIDTH="2436"
                          VPOS="1839"
                          HPOS="3315"
                          CONTENT="de goederen op de forte claeren oft hij daer by hiern"/>
               </TextLine>
               <TextLine ID="region_1637587598173_972l23"
                         BASELINE="3330,2158 3450,2158 3571,2156 3691,2156 3812,2154 3933,2152 4053,2148 4174,2144 4294,2138 4415,2134 4536,2127 4656,2122 4777,2114 4897,2108 5018,2100 5139,2092 5259,2082 5380,2073 5500,2064 5621,2054 5742,2044"
                         HEIGHT="367"
                         WIDTH="2448"
                         VPOS="1832"
                         HPOS="3309">
                  <String ID="string_region_1637587598173_972l23"
                          HEIGHT="367"
                          WIDTH="2448"
                          VPOS="1832"
                          HPOS="3309"
                          CONTENT="oeens is en in den swalle ue brek doen betaeden "/>
               </TextLine>
               <TextLine ID="region_1637587598173_972l24"
                         BASELINE="3310,2294 3431,2292 3553,2290 3675,2290 3797,2288 3919,2286 4040,2284 4162,2282 4284,2279 4406,2276 4528,2272 4649,2268 4771,2263 4893,2258 5015,2252 5137,2246 5258,2238 5380,2228 5502,2220 5624,2209 5746,2196"
                         HEIGHT="201"
                         WIDTH="2469"
                         VPOS="2121"
                         HPOS="3292">
                  <String ID="string_region_1637587598173_972l24"
                          HEIGHT="201"
                          WIDTH="2469"
                          VPOS="2121"
                          HPOS="3292"
                          CONTENT="en ue adviseren ick en twejfelen niet oft ue sal me"/>
               </TextLine>
               <TextLine ID="region_1637587598173_972l25"
                         BASELINE="3314,2432 3435,2428 3557,2424 3679,2420 3801,2418 3923,2416 4044,2414 4166,2412 4288,2410 4410,2408 4532,2406 4653,2404 4775,2400 4897,2396 5019,2392 5141,2387 5262,2379 5384,2372 5506,2363 5628,2351 5750,2338"
                         HEIGHT="229"
                         WIDTH="2470"
                         VPOS="2260"
                         HPOS="3295">
                  <String ID="string_region_1637587598173_972l25"
                          HEIGHT="229"
                          WIDTH="2470"
                          VPOS="2260"
                          HPOS="3295"
                          CONTENT="het aencoemende winter saisoen al eenige partije goede"/>
               </TextLine>
               <TextLine ID="region_1637587598173_972l26"
                         BASELINE="3302,2540 3422,2542 3543,2542 3664,2544 3785,2542 3906,2542 4026,2540 4147,2538 4268,2536 4389,2534 4510,2530 4630,2528 4751,2524 4872,2520 4993,2516 5114,2510 5234,2506 5355,2501 5476,2496 5597,2490 5718,2486"
                         HEIGHT="193"
                         WIDTH="2448"
                         VPOS="2386"
                         HPOS="3285">
                  <String ID="string_region_1637587598173_972l26"
                          HEIGHT="193"
                          WIDTH="2448"
                          VPOS="2386"
                          HPOS="3285"
                          CONTENT="ven noedigh hebbe of al eens over coemen ick ben"/>
               </TextLine>
               <TextLine ID="region_1637587598173_972l27"
                         BASELINE="3326,2654 3448,2658 3570,2663 3692,2666 3814,2670 3937,2672 4059,2674 4181,2676 4303,2676 4425,2676 4548,2676 4670,2674 4792,2672 4914,2668 5036,2664 5159,2659 5281,2653 5403,2646 5525,2638 5647,2629 5770,2618"
                         HEIGHT="164"
                         WIDTH="2476"
                         VPOS="2527"
                         HPOS="3309">
                  <String ID="string_region_1637587598173_972l27"
                          HEIGHT="164"
                          WIDTH="2476"
                          VPOS="2527"
                          HPOS="3309"
                          CONTENT="ten uytersten wel voor als baeyen carsyen en fris andr "/>
               </TextLine>
               <TextLine ID="region_1637587598173_972l28"
                         BASELINE="3326,2790 3448,2791 3570,2794 3692,2796 3814,2799 3936,2802 4058,2806 4180,2808 4302,2811 4424,2813 4546,2814 4668,2814 4790,2814 4912,2812 5034,2810 5156,2804 5278,2796 5400,2788 5522,2778 5644,2763 5766,2748"
                         HEIGHT="187"
                         WIDTH="2472"
                         VPOS="2658"
                         HPOS="3310">
                  <String ID="string_region_1637587598173_972l28"
                          HEIGHT="187"
                          WIDTH="2472"
                          VPOS="2658"
                          HPOS="3310"
                          CONTENT="nieuwre moede couleure van spaensche laeck geperste"/>
               </TextLine>
               <TextLine ID="region_1637587598173_972l29"
                         BASELINE="3334,2936 3455,2934 3576,2932 3697,2932 3818,2932 3940,2934 4061,2936 4182,2938 4303,2940 4424,2942 4546,2944 4667,2944 4788,2946 4909,2946 5030,2944 5152,2942 5273,2938 5394,2933 5515,2925 5636,2917 5758,2906"
                         HEIGHT="178"
                         WIDTH="2456"
                         VPOS="2811"
                         HPOS="3318">
                  <String ID="string_region_1637587598173_972l29"
                          HEIGHT="178"
                          WIDTH="2456"
                          VPOS="2811"
                          HPOS="3318"
                          CONTENT="nortse en dosinen groe ook alle soorte van engelset"/>
               </TextLine>
               <TextLine ID="region_1637587598173_972l30"
                         BASELINE="3330,3066 3451,3066 3573,3066 3694,3066 3816,3068 3938,3070 4059,3072 4181,3075 4302,3078 4424,3080 4546,3084 4667,3086 4789,3088 4910,3090 5032,3090 5154,3090 5275,3088 5397,3086 5518,3082 5640,3076 5762,3068"
                         HEIGHT="135"
                         WIDTH="2463"
                         VPOS="2951"
                         HPOS="3314">
                  <String ID="string_region_1637587598173_972l30"
                          HEIGHT="135"
                          WIDTH="2463"
                          VPOS="2951"
                          HPOS="3314"
                          CONTENT="witte gevresde quaerten als roede blauwe groene gule"/>
               </TextLine>
               <TextLine ID="region_1637587598173_972l31"
                         BASELINE="3324,3212 3446,3208 3568,3205 3690,3204 3812,3204 3934,3206 4056,3208 4178,3210 4300,3212 4422,3216 4545,3218 4667,3220 4789,3222 4911,3224 5033,3224 5155,3222 5277,3218 5399,3214 5521,3207 5643,3198 5766,3186"
                         HEIGHT="181"
                         WIDTH="2474"
                         VPOS="3085"
                         HPOS="3308">
                  <String ID="string_region_1637587598173_972l31"
                          HEIGHT="181"
                          WIDTH="2474"
                          VPOS="3085"
                          HPOS="3308"
                          CONTENT="en bleeck bhouwe deventer en colchester baeyen oon"/>
               </TextLine>
               <TextLine ID="region_1637587598173_972l32"
                         BASELINE="3320,3338 3442,3336 3564,3334 3686,3334 3809,3334 3931,3334 4053,3335 4176,3336 4298,3338 4420,3338 4543,3340 4665,3340 4787,3342 4909,3342 5032,3342 5154,3340 5276,3340 5399,3338 5521,3335 5643,3332 5766,3326"
                         HEIGHT="140"
                         WIDTH="2478"
                         VPOS="3231"
                         HPOS="3305">
                  <String ID="string_region_1637587598173_972l32"
                          HEIGHT="140"
                          WIDTH="2478"
                          VPOS="3231"
                          HPOS="3305"
                          CONTENT="e voort alderleyen sortement van alderleye goe"/>
               </TextLine>
               <TextLine ID="region_1637587598173_972l33"
                         BASELINE="3326,3458 3445,3458 3565,3458 3685,3458 3805,3458 3925,3460 4045,3460 4165,3462 4285,3464 4405,3466 4525,3466 4644,3468 4764,3470 4884,3470 5004,3472 5124,3472 5244,3470 5364,3470 5484,3468 5604,3466 5724,3462"
                         HEIGHT="152"
                         WIDTH="2431"
                         VPOS="3361"
                         HPOS="3309">
                  <String ID="string_region_1637587598173_972l33"
                          HEIGHT="152"
                          WIDTH="2431"
                          VPOS="3361"
                          HPOS="3309"
                          CONTENT="deren heeft ue int minste ict noedigh ue heeft maer"/>
               </TextLine>
               <TextLine ID="region_1637587598173_972l34"
                         BASELINE="3312,3568 3433,3570 3555,3572 3676,3575 3798,3578 3920,3581 4041,3584 4163,3587 4284,3590 4406,3592 4528,3596 4649,3598 4771,3600 4892,3601 5014,3602 5136,3603 5257,3604 5379,3602 5500,3602 5622,3600 5744,3598"
                         HEIGHT="190"
                         WIDTH="2462"
                         VPOS="3462"
                         HPOS="3296">
                  <String ID="string_region_1637587598173_972l34"
                          HEIGHT="190"
                          WIDTH="2462"
                          VPOS="3462"
                          HPOS="3296"
                          CONTENT="te commanderen ue magh seeker wesen dat ue niemant"/>
               </TextLine>
               <TextLine ID="region_1637587598173_972l35"
                         BASELINE="3304,3718 3417,3714 3530,3712 3643,3710 3756,3710 3870,3710 3983,3712 4096,3713 4209,3716 4322,3718 4436,3720 4549,3723 4662,3726 4775,3728 4888,3728 5002,3728 5115,3728 5228,3726 5341,3722 5454,3718 5568,3710"
                         HEIGHT="158"
                         WIDTH="2295"
                         VPOS="3611"
                         HPOS="3288">
                  <String ID="string_region_1637587598173_972l35"
                          HEIGHT="158"
                          WIDTH="2295"
                          VPOS="3611"
                          HPOS="3288"
                          CONTENT="beter coop in antwerpen en sal bedienen blijve"/>
               </TextLine>
               <TextLine ID="region_1637587598173_972l36"
                         BASELINE="3150,3890 3199,3886 3248,3881 3297,3876 3346,3873 3395,3869 3444,3867 3493,3863 3542,3860 3591,3858 3640,3856 3689,3854 3738,3854 3787,3852 3836,3852 3885,3852 3934,3852 3983,3853 4032,3854 4081,3856 4130,3858"
                         HEIGHT="202"
                         WIDTH="1014"
                         VPOS="3719"
                         HPOS="3132">
                  <String ID="string_region_1637587598173_972l36"
                          HEIGHT="202"
                          WIDTH="1014"
                          VPOS="3719"
                          HPOS="3132"
                          CONTENT="Mons nicolas hauchen"/>
               </TextLine>
               <TextLine ID="region_1637587598173_972l37"
                         BASELINE="5080,3854 5106,3857 5133,3859 5159,3861 5186,3862 5213,3862 5239,3862 5266,3862 5292,3862 5319,3862 5346,3862 5372,3860 5399,3860 5425,3861 5452,3862 5479,3863 5505,3865 5532,3868 5558,3872 5585,3877 5612,3882"
                         HEIGHT="149"
                         WIDTH="569"
                         VPOS="3765"
                         HPOS="5062">
                  <String ID="string_region_1637587598173_972l37"
                          HEIGHT="149"
                          WIDTH="569"
                          VPOS="3765"
                          HPOS="5062"
                          CONTENT="Adij 18 ditto: 1708"/>
               </TextLine>
               <TextLine ID="region_1637587598173_972l38"
                         BASELINE="3308,3962 3430,3962 3552,3962 3674,3964 3796,3964 3919,3966 4041,3968 4163,3970 4285,3971 4407,3974 4530,3976 4652,3978 4774,3980 4896,3982 5018,3986 5141,3988 5263,3990 5385,3993 5507,3995 5629,3998 5752,4000"
                         HEIGHT="120"
                         WIDTH="2479"
                         VPOS="3915"
                         HPOS="3291">
                  <String ID="string_region_1637587598173_972l38"
                          HEIGHT="120"
                          WIDTH="2479"
                          VPOS="3915"
                          HPOS="3291"
                          CONTENT="i'as bien receu en son temps l'honneur de la chere vre du 20 gullet pr la quelle ie vois que "/>
               </TextLine>
               <TextLine ID="region_1637587598173_972l39"
                         BASELINE="3296,4030 3417,4028 3539,4026 3660,4024 3782,4024 3904,4024 4025,4025 4147,4026 4268,4028 4390,4030 4512,4032 4633,4036 4755,4038 4876,4041 4998,4044 5120,4046 5241,4048 5363,4052 5484,4052 5606,4054 5728,4056"
                         HEIGHT="104"
                         WIDTH="2463"
                         VPOS="3989"
                         HPOS="3281">
                  <String ID="string_region_1637587598173_972l39"
                          HEIGHT="104"
                          WIDTH="2463"
                          VPOS="3989"
                          HPOS="3281"
                          CONTENT="V. B le plaigne encor de la mesure du draps noir et que vous ne  trouvez pas 49 a"/>
               </TextLine>
               <TextLine ID="region_1637587598173_972l40"
                         BASELINE="3286,4086 3408,4083 3530,4080 3652,4078 3775,4078 3897,4078 4019,4078 4142,4078 4264,4080 4386,4082 4509,4084 4631,4088 4753,4090 4875,4092 4998,4096 5120,4098 5242,4102 5365,4105 5487,4108 5609,4110 5732,4112"
                         HEIGHT="88"
                         WIDTH="2479"
                         VPOS="4048"
                         HPOS="3271">
                  <String ID="string_region_1637587598173_972l40"
                          HEIGHT="88"
                          WIDTH="2479"
                          VPOS="4048"
                          HPOS="3271"
                          CONTENT="mais 48 pour responce i'ay donn a connostre a mon dondeur le contenue de vre lettres"/>
               </TextLine>
               <TextLine ID="region_1637587598173_972l41"
                         BASELINE="3278,4136 3401,4134 3525,4132 3648,4130 3772,4130 3895,4130 4019,4130 4142,4132 4266,4134 4389,4134 4513,4136 4636,4139 4760,4142 4883,4144 5007,4147 5130,4150 5254,4152 5377,4155 5501,4158 5624,4160 5748,4162"
                         HEIGHT="71"
                         WIDTH="2503"
                         VPOS="4092"
                         HPOS="3262">
                  <String ID="string_region_1637587598173_972l41"
                          HEIGHT="71"
                          WIDTH="2503"
                          VPOS="4092"
                          HPOS="3262"
                          CONTENT="et il m'a respondue qu'il ne peut mesurer aultrement en conscience et qu'il veu bien "/>
               </TextLine>
               <TextLine ID="region_1637587598173_972l42"
                         BASELINE="3284,4198 3406,4193 3529,4190 3652,4188 3775,4186 3898,4186 4020,4186 4143,4186 4266,4188 4389,4188 4512,4190 4634,4192 4757,4194 4880,4196 5003,4198 5126,4200 5248,4202 5371,4202 5494,4204 5617,4204 5740,4202"
                         HEIGHT="88"
                         WIDTH="2488"
                         VPOS="4155"
                         HPOS="3268">
                  <String ID="string_region_1637587598173_972l42"
                          HEIGHT="88"
                          WIDTH="2488"
                          VPOS="4155"
                          HPOS="3268"
                          CONTENT="croire que vre aulneur termente ne trouvera pas dauantage mais que cependant "/>
               </TextLine>
               <TextLine ID="region_1637587598173_972l43"
                         BASELINE="3282,4256 3406,4251 3530,4248 3654,4246 3779,4244 3903,4244 4027,4244 4152,4244 4276,4244 4400,4246 4525,4248 4649,4250 4773,4252 4897,4254 5022,4254 5146,4256 5270,4256 5395,4256 5519,4256 5643,4254 5768,4252"
                         HEIGHT="90"
                         WIDTH="2515"
                         VPOS="4183"
                         HPOS="3267">
                  <String ID="string_region_1637587598173_972l43"
                          HEIGHT="90"
                          WIDTH="2515"
                          VPOS="4183"
                          HPOS="3267"
                          CONTENT="ie n'est poinet l'ordinaire ou costumee de vendre sur l'aiulnage des aulneurs sermend"/>
               </TextLine>
               <TextLine ID="region_1637587598173_972l44"
                         BASELINE="3286,4306 3408,4303 3531,4302 3654,4300 3776,4300 3899,4300 4022,4300 4144,4300 4267,4300 4390,4302 4513,4302 4635,4304 4758,4304 4881,4306 5003,4306 5126,4308 5249,4308 5371,4308 5494,4308 5617,4306 5740,4306"
                         HEIGHT="63"
                         WIDTH="2484"
                         VPOS="4265"
                         HPOS="3272">
                  <String ID="string_region_1637587598173_972l44"
                          HEIGHT="63"
                          WIDTH="2484"
                          VPOS="4265"
                          HPOS="3272"
                          CONTENT="te mais auine pr. ceutne pour moy ie n'est pas on affane car ie ne souhaitte que de "/>
               </TextLine>
               <TextLine ID="region_1637587598173_972l45"
                         BASELINE="4860,4346 4902,4346 4945,4346 4988,4346 5030,4346 5073,4346 5116,4344 5158,4344 5201,4344 5244,4344 5287,4342 5329,4342 5372,4342 5415,4342 5457,4342 5500,4342 5543,4343 5585,4344 5628,4345 5671,4346 5714,4348"
                         HEIGHT="45"
                         WIDTH="886"
                         VPOS="4308"
                         HPOS="4845">
                  <String ID="string_region_1637587598173_972l45"
                          HEIGHT="45"
                          WIDTH="886"
                          VPOS="4308"
                          HPOS="4845"
                          CONTENT="ne trouve que 48 a mesure"/>
               </TextLine>
               <TextLine ID="region_1637587598173_972l46"
                         BASELINE="3304,4348 3335,4348 3367,4348 3398,4348 3430,4348 3462,4348 3493,4347 3525,4346 3556,4346 3588,4346 3620,4344 3651,4344 3683,4344 3714,4344 3746,4344 3778,4344 3809,4346 3841,4346 3872,4348 3904,4350 3936,4352"
                         HEIGHT="59"
                         WIDTH="662"
                         VPOS="4303"
                         HPOS="3289">
                  <String ID="string_region_1637587598173_972l46"
                          HEIGHT="59"
                          WIDTH="662"
                          VPOS="4303"
                          HPOS="3289"
                          CONTENT="bien sepoir mes tmes"/>
               </TextLine>
               <TextLine ID="region_1637587598173_972l47"
                         BASELINE="4030,4348 4069,4350 4108,4350 4148,4350 4187,4350 4227,4350 4266,4350 4305,4350 4345,4348 4384,4348 4424,4348 4463,4346 4502,4346 4542,4345 4581,4344 4621,4344 4660,4342 4699,4342 4739,4341 4778,4340 4818,4340"
                         HEIGHT="64"
                         WIDTH="817"
                         VPOS="4298"
                         HPOS="4014">
                  <String ID="string_region_1637587598173_972l47"
                          HEIGHT="64"
                          WIDTH="817"
                          VPOS="4298"
                          HPOS="4014"
                          CONTENT="de les rendro content t"/>
               </TextLine>
            </TextBlock>
         </PrintSpace>
      </Page>
   </Layout>
</alto>
