6225 4452
1942 70 489 132 21 Juny 1709

670 84 708 161 Geel Comelis willems

867 108 2187 165 mijn veder heeft mij ue brief laeten seen waer bij ue my vraeght 25 p

839 166 2219 196 witten frisaert icl en magh met de elle niet afsneyden gelijck ue

876 271 2251 157 meermaels hebbe geseyt ende daerom en hebbe ue dat nies connen senden

861 336 2238 201 maer belieft ue een stuck soo sal ue op myn woort vanden aldebest

869 424 2228 179 senden goeden op dat comt ue altijt te et ende de fisaert en can

852 482 2255 199 nogt beter coop wesen als tegenwoordegh gelieft mij maer tegendde

851 563 2154 229 haeste weeke te antwoorde hebbe tegen voordigh van alderhande

852 673 2159 201 goederen in abondantie tot ue dienste sal ue altij is goeden oop

814 667 2403 315 dienen als ue mij gelieft te schrijven soo versoecke sulckx k

832 836 2222 268 mij op paert te docn het en is met noetsaeckelijck dat mijn waet

845 919 2233 230 vaeder van mijn affairens kennisse heeft ick sal ue aetproof

836 1121 769 147 verwachten en blijve

1932 1135 283 171 25 ditto

660 1181 1054 211 Brugge Lilles van Cospennolle

832 1185 2329 245 ue aengenaeme van 4.15 en 16 cout hebbe wel ontfange ach tervolgen

850 1321 2237 204 oock de 2 packen SMN5 en 7 meet ue laesten sent ue mij daervot

809 1418 2281 171 de oncost reckeninge die hebbe naer gesien doch abas bevonde

846 1458 2307 229 als uuyt de ingelijde notitie cont naersien soo wegens de vraegst

846 1563 2158 271 gelde die maer cout gelde moeten betael woordenen bo en

842 1649 2296 246 en flanelles a leen tot 64 p p de fransche pas port hebben

858 1771 2256 234 de schippers van brugge tot alhier gegroetendeert dogh en hebbe

867 1859 2173 264 geen betaelt volgens op de vraght brieven hebben genotteert

819 1984 2389 187 die ue sullen worden behandight ick conformeere mijnaert andere

861 2060 2327 211 vriende want hiet en is niet redelijt wij meerder soude betaelen als de

855 2158 2173 218 schippors daer aen hebben uyt gegeven ick hebbe ue dan volgens

854 2253 2203 258 de ingeslotene memoie voor oncosten gecrediteert ƒ 134:13½

867 2352 2138 196 court gelden dat gelieven naer te ssien en met mij conform te

856 2457 2243 194 redoesseeren wens te wel ue ditto somme alhier dede ontfange

851 2553 2263 242 want en hebbe geen occasie om soo een bagatele te remitteren

839 2671 2176 198 wij hebbe oolk noch openstaende reck wegens het deposseerde

842 2756 2236 255 te adgisteeren wegens abusen en andersents als ue altijt hebbe

859 2909 1218 181 geschreve blijve naer groetenisse

2086 2904 497 208 23 Juny 1705

690 3012 1018 162 Mschelen Francois Bosseller

857 3019 2282 195 ue aengenaeme van 15 cout hebbe wel ontfange oock van mons Caulemans

869 3186 2324 148 ƒ338:2 in gevolge mijne quittantie hem mede gegeven dat nme de  331:

879 3271 2238 121 die over hadde maeckt de somme van ƒ369:13 wissel soo dat soude

870 3362 2249 125 resteren ƒ17 in voldoeninge ue gelieft te seggen sulckx te corten voor 2

867 3446 2278 169 quaerten laecken ende dat ue die noeyt en betaelt weest verseeket dat ue

865 3529 2228 189 op de goederen bij niemont in antweepen soo goede maetenen sult

862 3639 2258 156 vinden als by mij ock dat ue nnemans soo goeden coop en can noch te

865 3704 2229 153 en tal bedunen als ick ue heeft geseen dat sctoone partije van alder

856 3786 2202 171 hande goed soortes bij mij hebbe en verwachte noch daegeljcken

855 3920 2281 166 quand eteyt versche goedenen soo laeckns als groeve goedere voorden

858 4000 2336 132 winter het minste dat ue van sortiment comt te manckeren gelieft mij

842 4045 2322 161 maer te schrijven en als ue over comt van het eers te te willen naerte

862 4141 2323 159 coemen en ick ben seeker dat e van alles sortiment en genoegen sul

843 4255 1989 140 vinden synde in alle occasien als oock aen ue ganellu

3056 4307 106 75 uel

4472 70 577 138 23 Juen„ 1709

3267 66 982 154 Mechelen hendrack neulemans

3373 145 2377 179 was op gisteren avont te laet thuys coemen om ue de quittantie te

3393 240 2379 156 doen behandighen oversulckx sende ue diie ingesloten met een

3384 328 2384 171 brieff voor mons Bosselaer de port sal ue betaelen blyve naer

3380 464 408 165 groetenisse

3222 527 1323 268 Brussel nicolas douse dan

5042 562 603 183 a dit 26 d.

3384 694 2415 181 ick verhope ue goet vetour en continiuatie van gesont

3390 809 2421 151 hent desen tot advies principael dat ingenolge ae ordre

3387 900 2357 181 heden met het beurtsch iss hebbe afgelaeden ue

3378 988 2398 207 goet by mis gecoght volghns de faeckede ve ter handt

3378 1098 2418 213 gestelt in aen paooke laemenck tW.D. dat verhope

3376 1199 2397 191 te wel sal ter handt tommen ende dat ue daer by

3360 1292 2449 172 contentement en goede advan ce salvinden want

3348 1412 2327 160 niemant inderelt cauve beter coop dienen

3344 1518 2470 134 in alle occasien datter iets van ue dienst voorvalt

3356 1610 2313 164 soo magh ve verseckert wesen dat ue by mij goet

3378 1704 2443 180 sortement sal vinden ende dat ue altijdt iiel sal

3359 1825 2373 178 dienen volgens ul mij geordoneert heeft soo sende

3358 1913 2372 167 re ingesloten twee briefkens een op vier en een op

3353 2026 2462 161 seven maenden beloopende de weerde van d1 sartijcken

3375 2126 2433 202 die versoecke gelieft te accetteren ende mij toe te senden

3360 2226 1647 156 het welcke cafwacht ende sto Blijve

4934 2307 440 194 adiy 17 d

3244 2359 697 159 Leeds Pochson

3342 2478 2496 142 iau receu les trois cheres vres du 18. 2t du passé et premier court

3364 2560 2371 163 auce eschantillions de quattre ballott de draps et facture

3361 2702 2293 152 tellement qu'il y a 16 ballots en cet convoy for inbyestant

3345 2792 2474 139 N. 34 reste a hull. il cour un bruit que la slotte seroit arrive

3351 2884 2430 149 a Rotterd. grace au serguieur pour demain nous en aurons

3339 3002 2506 134 les plouvelles. ie ne suis pas saltesfait du tout a l'esgard de couleured

3353 3114 2465 153 de draps de ce suiet Ballots ce qu'il requarde leprix et la

3349 3213 2428 199 qualite ie vous les scauray dire p ma prochanne aussj pour

3361 3310 2467 159 les bayes et carissees les ayantien et examine. in clut oste £200:-

3342 3426 2412 176 suy h'our neste. il m'at este impossible a vous remettre plustost

3335 3580 2477 162 a cause que le change estoit si desamantagieuz et que cela ne

3346 3691 2449 209 pouvoit point continuer. asteur iene manqueray, pas touttes les

3352 3807 2368 190 postes. sil ne me fault plus de marchandise pour le present

3333 3930 2508 152 d'abord que mon ordre est compler et susfit. i'ay ordonne si grosse

3341 4058 2517 160 partie en esperence quee p. la paix foutte sorte de fabricque

3343 4153 2343 134 l'acancernt en prit ma is comme cette asparende est

3343 4243 2434 138 ianonce et que la querve van confinner i'ay pour
