6184 4440
2072 63 903 161 Ady 16 gber 1703

554 82 1079 161 Hallnicols vanden Berghe

767 194 2297 177 en gevolge de ue van 10 cour. soo hebbe ue met het

748 321 2354 182 beurtschip gesonden ses p moede couleure carseyen

764 489 2185 140 en een blouw met ses stucken serges van mijn

746 564 2345 177 waeder in een paxke gemerckt N108 geadd resseert

752 685 2182 165 aen Dh. guilberge tot Brussel verhoepe het

743 818 2370 140 selve ue wel en tot contentement sal geworen

747 957 2218 146 want het su seer sijne carseyen van schoone

752 1084 2345 152 breede en wel gerattincert, sal d'eere verwaghten

769 1195 2292 151 van ue huysvrouwe hier over te sien in gevolge ue

737 1307 2285 168 mij noteert en versoeke siy haer logement bij mij

730 1418 2285 143 gelieft te nemen: ick en hebbe min leven geen

737 1531 2366 167 sehoonder sortiment gehadt van alderhande goederen

743 1664 2192 135 als tegenwoordigh en alles is seer goeden coop

743 1768 2238 138 soo als ue voordeten noch hebbe geschreven

777 1891 2208 121 van JJjsh Broeta en hebbe tot noch toe

785 1966 2217 187 geen geldt ontfangen oock en can geen geldt

741 2125 2237 147 nochte posiive antwoort becoemen van den

789 2213 2235 170 notaris die d'afarrent doet van de hinderen van

785 2348 2198 162 vroun choliers. het en mankeert aen ijne

763 2435 2127 180 devoiren niet want sprecke hem daegelijckx

756 2557 2347 139 maer hij it een traeghaert die niets afen doet

766 2683 2232 171 en uyt vluchten soecht: geeft voor reden dat de

755 2774 2220 191 penningen wel gereet sijn maer dat het vremt

762 2950 2342 152 1 datter geene vrienden oft voeghden souden weeken

774 3023 2268 186 over ditte weesen en voorde rr dat sijnen raet

760 3185 2281 126 moet sprecken oft hij soude connen volstaen om

764 3271 2278 163 op soo een procuratie vant magisraet van halle

774 3371 2319 169 de peuningen van de weeten te comen betaelen

769 3489 2352 204 dijte saller wat hij allequeert en als hem daegelijck

760 3603 2219 200 aen maene geeft continueel voor antwoort dat

764 3716 2097 196 met den eersten een eynde sal maeken en

737 3858 2355 120 vergeeten heeft sich daer over te bevraegen. ick en

769 3959 2356 152 can niet meer doen oft soude hem met recht voorder

748 4035 2321 190 moete praemen waer toe paraet ben ingevalle ue

761 4170 1894 133 het selve geraeden soude vinden. blijve

4985 56 728 144 Adij 17 sber 1706

3198 59 589 155 Niet Rtopts

3374 150 2364 125 Ick hebbe  op 22 augustii laest gele die niet en twiffele oft sal vl wel sijn

3367 245 2431 83 geworden ick hebbe daer van dagh tot dagh antwoort op t verwachtom te

3343 306 2446 75 weten oft ul een roodt trisaert en een hete geverfde carseyen tot een proeue

3366 360 2400 65 mochte af senden ende tot verwonder it getot dato heden geen intwoort

3366 389 2335 75 becomen, soo dat ul. andermael p desen eens wilte schriven en adviseren

3339 449 2387 72 dat present de schoonste partije van alderhande geveryde goederen bjeven

3353 522 2447 46 hebbe als ul ue heelen sal gesien hebben, isoorts oock westte ende alder hande

3362 532 2453 111 soorte van laeckenen naert de denight van het goet soo sal ick ul. toonen

3356 591 2328 75 dat ude niemant in de werekt beter coop en can softten sal bedienen. dh

3356 619 2432 105 m uller is van sjn ryse wedercoment en heeeft mij neuraeght oft de briefken

3364 715 2388 38 al betaelt sijn & daerom versoecke ul. gelieft de goerheyt te hebben van t gelt

3360 748 2446 77 te senden och voort briefken diet op 20 deser vervalt van ƒ 300:- het welck

3351 789 2379 91 sal af wachten als mede iul antwoort oft uk ivers in can dienst doen en

3353 831 398 126 soo Blijve

3182 899 962 193 Brussel TH: Grimberge

5066 943 474 147 Adij 17 ditto

3345 1022 2310 121 hebbe ul lasterdagh p beurtschip geconsigneert een paecke gemerck

3345 1099 2409 107 MV.B pr. ordre ende voor reken van mons enicolas van den berghe tot halle

3334 1173 2375 40 gelieft de goet heft te hebben van daer voor sorge te draeghen ende hem

3346 1224 2438 103 het selve op sijn ordre toe te senden. ul. sal hem en mij verobligeren die

3353 1235 805 130 naer groetenhsse blijve

3176 1308 1218 191 Brussel Joannes haegens

5096 1322 648 165 Adij17 ditto

3343 1466 2407 92 ick verhope ul. goet retoux ick hadde satterdagh den geheelen morgen het geleck

3337 1539 2441 68 verwaght van us tot mnent te sien ende op den meddagh quack mons Elindekens

3347 1584 2450 77 mj segghen ul. met hem in comp. soo instantelijck gingh vertrecken hebbe hem

3342 1635 2512 80 l. facture oock ter handt gestelt en pr sijn ordre u en sijn goet te saemen op l

3347 1688 2366 93 gepackt en aen hem in aen pacoske gemerckt Ci de addresseert. de vijf

3330 1743 2472 69 gelierfde quaerten sijn in een paexkappaert volgens ul. ordre gepacht gemerc

3331 1810 2459 72 ende op mijnen sholbrieff geaddresseert int gulden hooft op de graen mert

3336 1851 2478 90 aen mons Hde pauw ul gelieft dittovrient maerte sprecken eende door heme

3337 1899 2366 87 het selve van de halle te coen althaelen mons. kindekens heeft in t oock

3343 1947 2494 115 geordoneert eenen bayom het groot pack te doen en op ull reken te stellende

3337 2033 2456 94 soo als gedaen hebbe het is eenen fimen van  32 aƒ 26:¼ omdat ul. eens soude

3345 2091 2413 72 sien wat differentie daer is t uuscken mijne bayen ende die ors op een ander

3341 2151 2382 81 gecoght heeft t de facture bedraeght ƒ 740:5¼ ende daer me den baef bij

3330 2196 2478 98 ght sal bedraegen ƒ 766:8¼ mons. lindekens heeft m ij oock geordo-

3331 2252 2481 107 neert dat soude brieff ins maecken, ul. afsenden ende dat ic dae sal teeckenen

3333 2316 2426 87 hebbe liever dat ul dat selfs naer ul. goustie en commoditget doet ende sal die

3332 2372 2488 91 van u2. verwaghten mits ick voor ul. vertreck niet n een en hebbe connen spresende

3328 2420 2488 94 hebbe ooek geslen dat ul en mons. Lindekens op andere plaetsen groote partije

3336 2472 2518 109 goets gecoght heeft dat mij leedt is geweest naer de mael ick soo schoon sorte e

3333 2546 2472 89 ment bj mij hebbe endedat ick ul. soo goeden coop hebbe gepresenteert te dienen

3328 2595 2484 70 hadde ul latterdaghs morgens de goetheyt gehadt van weder te comen ick ben

3319 2661 2487 84 seecker dat ick aen ul. ineordere bartije soude hebbe connen vercoopen maen

3336 2703 2469 83 moete het meeste attribueren aen den persoon die bij ul. is geweest ende dat

3321 2776 2484 65 doet heeft uyt geleyt en mijn geheel packhuys in d'sordoe stelde soo veen

3331 2832 2482 122 dat ick ass offt d'andere vrienden geen appaisement conde geven en voor

3320 2910 2435 106 alle de moeyte gedaen te hebben soo en hhebbe hem sedert noch niets ver

3327 2958 2435 112 nomen oft weeder gesien nochte niemandt van synen twegen dat niet

3312 3030 2514 120 redeljck in is nochte oock niet wel geageent. heeft het op een ander betere

3327 3096 2429 109 naer sijn goustie gevonden te n minsten ist redelisck chesmij quaeme

3324 3157 2495 149 spreecken want ick aen naemant geerne tegens hier goust ie vetr vercoope

3329 3211 2434 92 ul. sal wel onder vinden dat ul. net gens beter coop ngchte met meerder

3329 3277 2477 114 san eeritijdt als bij mes en sal bedient worden en oock ul. vrienden die ul. sal

3304 3324 2483 129 gelieven by mij te oodresseren. ick verhope dat ul. goet de biet sal hebben

3309 3376 2327 141 en al haest wederom connen over comen en alsier midde lertijdt iets

3328 3465 2514 133 manckeert van sortem ent  sij geverfde schoone roode bagen carseyen de

3325 3523 2413 127 oft iedts anders gelieft mij maer te schrijven en sal ul soo wel diencn

3329 3569 1702 136 aloft ur. hier present waere en soo Blijve

3207 3648 1364 182 Brussel Parolus Aen dekens

5156 3695 566 167 Ady 17 d

3325 3783 2506 173 ick verhope vl. goet retour ende dat het afgesonden goet satterdagh met het

3330 3876 2500 147 beurtschhip well sal arriveren en u l. ts contentement terhandt comen

3326 3945 2498 154 ick hebbe gesien dat uk en mons. haegens al groeete partije gesoght heeft

3324 4013 2451 145 op een ander. ick moete patientie aemen de ondervindinge sal ue

3310 4072 2393 162 selfs aen uysen dat u nergens beter coop en sult bedient under

3319 4171 2421 106 alt bj mj uaeraen ick hoyt en sal manckeren verhopende in

3323 4218 2484 144 anderde occasien m aer gacleur te hebben. ul. hadde mij geordoneert
