6250 4449
826 67 2289 131 blanche pr le drap aurore et jausne jauray soing de les

822 161 2283 145 avoir pres si bien q le bleu en peu de jouis et en touser qui

817 240 2258 178 vs plaira me commander je ne manqueray pas tous jours a

814 315 1343 173 vs server au ples juste uis passible

663 401 943 192 Mons Palijpper da porit

2004 458 491 141 21 bber 1708

817 511 2258 188 ensuitte a l'honneur de la chere votre du 15 courant je vvs ay

814 619 2244 175 envoyée hur la drap japerfin escarlats dhollande N3515 dont vs

809 761 2200 160 avez choix avec 2 demie piesces de petits draps rouge 2 gaod

813 827 2186 195 1 jaune et un pal bleu dans une jiets ballots marques

797 953 2277 153 S.V.L pr la barque marchande pr. brusselles a l'addresse de kervoy

777 1013 2162 197 bauw hoste a la teste dor au marche au gram Nig

798 1124 2245 132 mn ordonne d'envoyer la declaration a Brusselles je ne lay

2332 1254 155 68 encor

804 1240 2281 173 encor jamais fait aux autres mesme il y a un ballot partie

826 1374 2280 170 avec le vre pr mons tellement f ie ne scay comme

814 1437 2234 197 cela a Brusselles et V:4: sera mieux des en unfomer et l'en

812 1567 2165 151 voyer mesme, les draps escarlats dhollande je ne les cy

809 1677 2209 175 qu'en commession et mon dermier ordre et prix est come

797 1811 2228 160 vs les marque sur les eschandillions cependant je le mette

821 1875 2108 222 encor 2 pattars moins a  21 cest un tres superfin

805 2006 2134 189 et curceux drap et a bon marche si je le pouvois moin

803 2115 2288 186 donner ie le ferois car je ny profite que ma commissi

814 2233 2267 155 et vs pouvez bien considerer q j'agis la dedans como pr moy

780 2353 2304 190 mesme et que je ne feray pas payer mes chalans d'avanta

797 2464 2298 198 que ie plus jeste t dernier pris possible enfin ie ne doite

802 2586 2259 143 nullement op enserez tres content cor cest quelque chose

788 2687 2338 199 de curecux   pissce de rouge es verd sont pace quel

785 2840 2270 156 e ne paroissent quene piesce mais le jaune et le pal

793 2923 2292 173 bleu chaque appart le dernier prix que ie les peu donner

809 3036 2196 158 cest 18 patfais et come cella jen ay vendu beaucxep

816 3133 2320 193 a mons Brusselles mallines et icy et meuliuur marcha

800 3272 2280 144 vs n'en avez jamais eu ni veu et je ne dou pasou

792 3350 2201 153 v:g en tirera d'avaitage cet shiver car 1 en ny bien

783 3448 2230 166 vendue pp tous et j'en ay bieu de toutte faute couleure

779 3560 2230 173 ie m estonne que v s n'en ce point ordonne en brus

795 3657 2324 196 bleu puis qu'avez besoing de netits draps car jen ay ausi

781 3810 2315 141 aublane et se je les fasse fund de icy ils viendront t

777 3915 2311 138 79 et une srte un peu plus fine a N10 a cause que la

795 4004 2155 126 teinture est si chere p icy et augmente si bien sur en

794 4128 2274 117 petis drap que sur un fen 10 pattarni e de plas a

782 4185 2232 187 netitr draps du pays ne pavent doint en proche

3391 87 2351 82 z ecuste quilt ne sont pas  doure de laine

3383 124 2410 195 que ceux dangliterre come vs sagerez vs misme

3380 224 2472 224 les ayant veu jay aussj prix une petit bayes pr

3367 306 2483 263 fordulure pr conserver le draps se 7:9: a le

3361 418 2458 289 soing de quelque sortiment de draps noir ou bleu

3363 522 2341 260 ou draps de dammes ou quelqes soite de mas

3371 672 2306 263 chandise d'angleterre tant cavisces ou fris ettes

3385 795 2329 290 blanghe ou teintes aussiy bayes diver le vre

3369 911 2339 270 dlanelles de 3 larges on que que sorte de draps

3390 1037 2320 238 te vs prie me commander en toutte occasien

3353 1175 2309 256 et V. g. trouvera q j auray tousjour un soing

3358 1301 2461 216 particulier pr vs bien servir et a jeste prix toult

3341 1447 2449 195 toe de maichandise generalement n'a gama

3342 1538 1780 182 estor a i bas grix je vs salue et suis

4736 1669 496 137 21 sber 1308

3254 1695 1003 156 Brusselle Henry de Pauw

3355 1745 2406 194 deen t allen tot advis dat op beurt hebben geaddresseert

3359 1866 2452 180 deen gemockt &25t p ordre en voor reck van jou ffras

3341 1977 2496 173 de wed Jan Bust masson het 2 gemerck E5x ingelijck voor

3344 2113 2444 161 voor, e½ van Philips die pont tot berge gelief daer mede

4424 2181 250 91 medes

3349 2169 2374 233 goede sorge te draege en daer bijde hunne ordre mede te

3364 2316 2442 177 volgen waer op miy sal verlaeten en ue groetende blijve

3231 2418 1079 216 Brussel Procureur ierre

5127 2468 640 159 Adij 218ber: 1708

3339 2530 2470 173 op t versoeck van mons. hengij Bevers soo sende ul. hier ingesloten een certif=

3342 2677 2457 80 scatie van de meeste cooplieden geteeckent gelijck als hij heeft geordoneert op te

3333 2747 2523 112 stellen om aen de geinfresseerde inde saecke tegene den baurtman te connen &

3341 2773 733 146 dienenen soo Blijve

3213 2850 1058 162 Mons Anthorno DHousf

5089 2859 649 188 Adij 24 dittot

3360 2953 2447 150 il y a longtemps que ie n'ayt eu aucunne de cheres vres m'aucun de vos commen

3343 3063 2473 88 dements domme la saison pour la debite s'augnce ie ne veu manquer vous donnez

3353 3119 2470 104 advis que i'ay receu vne tres belle partie de toutte sorte de marchandise d'Angleterre

3344 3164 2445 97 comme draps superfins nouvelle couleure a la mode tout prix de 121 a uisques

3351 3233 2461 50 a ƒ3:- draps double presse draps du nordet dous ins aussy frisettes cagisces et bayes blan=

3340 3279 2476 86 sches et tientes couleur de flanelles de 30 larges et superfinnes blanches crdisez bayes

3346 3308 2454 112 deventer i'ay aussij un tres belle assortement de drapstaents trenture d'Angleterrez

3346 3380 2457 93 comme range  pal bleu jausne et verd a onlescu l'a de draps superfins 3600

3331 3393 2427 120 bleu noir et drap de dammes aussy draips escariats d'hollande en fin ce pous belle

3327 3486 2502 86 assortiment de toutte sorte de marchandisses qu'il yat a voir selon que v. m'avoit

3348 3525 2476 100 marquez p. la derniere lettre i'quois ereu de vous voir iey au mois des vres passe mais

3343 3578 2426 80 ie n'agnore pas que vous differerez le voyage ius quez a ceque les frmas seront

3333 3629 2463 83 en gadnison cependant comme ie me trouve un peu embarusse pour faire

3335 3701 2448 47 mes remises en Anglettere excusez la liberte pr. la quelle il me faulttvous

3329 3752 2488 83 prier a me vouloir assister et me faire quelque remises en tout que pourries

3331 3795 2429 98 avoir besoing soyes persuade que parsonne au monde ne sera plus promde

3349 3868 2451 128 pour vous hen servir et a iuste prix que moy que me dit parfaitement

3341 3909 1295 139 comme a mad mois. vre compagre

3226 3929 698 188 Arssel C. segers

5015 3987 532 138 Adij ditto

3340 4043 2463 150 hebbe het sijn en tude wel ontfang : aengenaeme van 14 cour met reken van het

3351 4165 2442 59 vercoght pack carseyen bedraegen de ƒ1008:- wisselg, waer voor ul. conform hebbe

3351 4214 2429 71 gedebateert: ick moste ul. segghen dat daeroverde ƒ120:- aen toelegge ick sal

3347 4256 2386 76 patientie nemen en hoehen dat het hoodt en een ander sal voorssien gelijck

3335 4279 2492 90 mijne erienden daer in met mij geageere hebben, en wensche ick niet dat het aen
