6303 4441
899 18 2345 182 pela e en e vos ia   a he aons stoy brigen a ve

901 138 2348 172 bien servir et me preferer aussy a touts auttres. ilvou

894 251 2149 224 plaira encor d'achepter huiet ballots de dossens

913 351 2290 176 seavoir quatre chacque de douz p de ƒ33:- a ƒ 33:6

888 432 2258 260 et quatre ballots ehacque de douzcps de ƒ54:- a

883 563 2249 184 en ne que ballots deux carisees pour farde lure. p

916 662 2275 267 prochaine ie vous envoyeray des eschantliliozs

898 806 2343 185 comme ie souhaitte de les avoir assorti. les vaisseaus

887 893 2332 199 dhull ne sont pas encor arriveé et l'on me man de

854 1004 2238 202 hollande que s'on ne les attend pas cito. ie ne

905 1103 2215 204 seuy pour quelle raison cependant cela me

914 1212 2225 212 cause grand preiudice et l'auvois dena vendue ces

901 1349 2336 193 sept ballots s'ils seroient ieu. ie ne doubre poinctou

905 1419 2266 214 les deux derniers seront desna charge et ien attend les

914 1546 2156 183 connossements comme aussy vre advis de ce que vous

896 1679 2122 189 aurez achepte p. avance aussj de tempsen temps

908 1776 1824 210 nouvelles de ce qu'il se parse et suis

2463 1917 672 232 adij 11 april 1709

781 1919 1510 242 London Let stockdale

893 2110 2338 167 ie vient de receuoir la chere vre du 22 du passe pr. la quelle

893 2209 2345 213 me marquez qu'aurez bon soing pour accompter mon

913 2303 2322 210 ordre sur ce la i'espere que la mienne du premier du

913 2419 2316 193 court ne vous aura point donne d'interruption et

907 2575 2297 184 gensuitte ma derniere du 8 du court vous tacherez de

901 2639 2293 259 procurez et accomplir la ditte partie a mon plus grand

895 2760 2340 244 advantage possible ce que ie vous confirme et prie

904 2865 2334 197 ie ne peu voir pour quelle suiect les fabriques ien cherz

902 3005 2346 221 erient la bruit de la payx at peude fondement euques

901 3127 2351 207 a present vousferes deux ballois charque de 25 p de

898 3252 2355 217 colchester bayes et deux ballots de ces cinquanteb de

909 3367 2330 211 1 wanskens bayes et 25 serges flanelles ensemble. en tout

907 3475 2342 221 quatre ballots et a chacque on demce cotton blanc

904 3592 2342 252 pour faroulure quant vous voyez que le convoy pour

913 3712 2320 210 ost en de serame ca de et regle et que les vaisseaux

906 3847 2345 226 parteront sans manque vous les pourrez charger p

899 3955 2344 175 cette voyz m ais en chacque vaesscaue non plus

898 4070 2339 200 dion ballot sur tout prennez quarde qu'il ngent

913 4222 2333 175 poinet de grain et que ces soient de bons vaisseaux

3421 93 2123 119 et habells maestres a vous connue, aursy a desme

3412 183 2453 126 envoyer en temps les conossements et factures a fin

3411 236 2366 188 que ie puis auoer soing pour l'assenvance ce qul

3418 314 2300 201 requarde le fournessement de l'argent ie ne

3393 428 2465 184 souhaitte point que vous tiriez sur moy car ce la ne

3428 475 2280 237 m'est en cor poinet arrivée de marze. ie vous

3413 611 2428 189 remette cy in cluse  £210:-:- du 8 du cour vsences

3418 712 2421 187 en deux lettres sur le S. h firnesse j'aime mieux a

3410 799 2427 216 vous soulager touchant l'intrest car quant il est

3420 896 2424 253 possible ie vous remette a courte terme mais pour le

3414 1012 2414 246 pilsent il n'y a poinet telles lettres a tranves ayez

3425 1104 2416 230 bon soing pour menager mon interest et d'achepter

3394 1211 2363 238 te que ie vous ay de donne au plus  ust prix

3403 1308 2478 295 possible car on a tant de piennes pr icy pour

3393 1388 2338 276 intirer son argent avec fort peu de pro

3396 1557 2353 213 i'atten derais au plus toit responce de ce qu'il

3408 1656 1194 257 sera passe et ie me dit

3300 1793 2498 295 London P. De Dorpere Adyn April 1709

3399 1944 2379 271 synde differente posten gearriveert soo ben eehter

3393 2122 2424 185 sonder eenige van ue aengenaeme ick en twijffele

3390 2200 2463 194 niet oft de mijne van 25 meert en pin cour  sullen

3392 2327 2445 206 ue tijdelijck sijn ter handt gecommen en de sal nota

3395 2456 2347 242 gemaeckt hebben van mijne ordre voor 100 pr witte

3389 2561 2430 208 ongecruyste flanellen die gelieft te packen in twee

3374 2685 2484 204 packen ider van 50p met een wiit cotton tot ferdulure

3379 2788 2499 219 het sal mij aengenaem sijn te verstaen wat dien aengaen

3371 2888 2449 184 =de sal wesen gepasseert verhopende die voor nu sult

3372 3053 2366 187 hebben in gecoght verwaghte maer d'eere van ul

3384 3134 2466 210 antwoort om vede noodige penning. te faurnieren

3382 3263 2413 199 het moeten van d'alder fijnste soorte wesen. ick en

3384 3422 2427 153 twijffele niet oft ue sal gesorght hebben om die tot

3347 3510 2491 231 den naesten prijs moogelijck te becommen want

3363 3615 2526 223 ten vaere die ivers toe noodigh hadde sooen soude

3374 3798 2470 165 sulcke goederen niet begeeren mant dier is present

3373 3921 2464 163 ter nauwer noodt den intrest van te capitael aen

3365 4007 2466 211 te haeten de londens vloote is godt danck salvo

3369 4137 2517 229 gearriveert blijvende imafwachtine wat sal

3411 4306 776 74 sijn Gersase
