6264 4467
885 11 2338 199 . d sille cednande e are psy e eae er pere en

865 184 2323 103 beter coop en canve nergens vinden ia selfs in hollandt en sal ue tot

871 253 2326 141 soo eenen prijs niet te recht commen joff te huysvrouw heeft mij

871 313 2168 163 belooft meerdere te ontbieden in gevalle daer gaedinge in sal

871 434 2313 147 vinden dat niet eens en twijffele waghte oock antwoort wegens

864 513 2338 198 het spaens laecken daersij een staeltien van heeft mede genom.

861 668 2345 148 ende dat ick soo lanck appaert sal houden hebbe gresent van

857 733 2309 164 alle goederen soo schoon en versch sortiment als men soude

840 874 2153 166 connen wenschen en gelieft ve nu met een partijcken

847 951 2328 229 de preuve te nemen ue sal wel ondervinden het gene ick altoos

850 1042 2012 255 gesejt hebbe dat ick ue soo goeden coop sal bedienen

846 1154 2324 235 als die van hollandt waer op ve sich magh verlaeten ende

830 1300 1172 240 dat ick bden in alle occasien

635 1458 889 197 Lille mons Bacon

2366 1495 672 189 adij 17 de may 1709

862 1614 2279 169 i'ay eu l'honneur de mettre esmains d'ione de moiselle des eschantillions

842 1737 2267 133 de draps noirs et bleu et drais de dammet de nre fabricque quelle

835 1846 2329 197 quelle m'est venue demander de vre part. ie ne doubte nullement

851 1995 2342 176 on nous ferons connoissence et commencement en negoce lesagants

843 2103 2333 155 ve car les draps sont si bon marche en ces quartiers qu'ils n'ont

845 2236 2352 173 este de vie d'homme aussy toutte sorte de manu factures d'angleterre

815 2374 2334 150 dont iay  assortiment que ne trouverey pariett dans toutt le

830 2445 2373 248 pays comme elle vous donnera a connoistre a son retour surtout

831 2596 2333 212 soyez asseuve que ie vous venderay en touttes occasions a 4 just

837 2709 2303 234 prix que vous y trouverez vre advantage et lieu a pouvoir

829 2846 1362 212 continuer avec celluy qui se dit

643 2973 1008 206 Brussel Pdo witte

2278 3009 611 219 adij 17 mey 1709

833 3179 2335 178 hebbe ve oner eenigen tijdt eens geschreven en vervolgens ver=

838 3341 2300 151 =wacht dat ue soude hebben onergecommen alsoo present

847 3436 2331 184 soo schoone versch sortiment hebbe van alder hande nmeee

829 3572 2276 161 mode couleure spaensche laeckens geperste noortsche en

813 3692 2248 204 dosijnen en voorders van alder hande goederen alser in

827 3799 2298 209 lange jaeren geweest heeft: hebbe dan een staelboeck van

829 3981 2273 174 eenige laeckens gemaeckt die veeingesloten eerst sende

827 4109 2249 145 tot te speculatie die versoecke mij weder te sonden

831 4186 2326 170 ende daer van iets aenstaende mij te ordonneren

3427 107 2402 131 oft gelieft ue eens ier te commen ue can seecker wesen dat

3405 168 2352 175 desortiment van alles sult binden oock dat ick ue ten

3398 253 2295 209 uyttersten goeden coop sal bedienen die Blijse

3278 365 1334 265 Brugghe gillis van Coppenolle

4868 382 854 244 Ady 20 uly 1709

3373 506 2409 230 geerne gesien bij ue van e8 court. het arrivement van de

3394 692 2230 188 Londons vloete tot ostende daer den heere voor sij

3396 818 2326 135 gebenedeydt. ick verhoepe datter geen rempen aen

3407 882 2296 172 het selfde sullen sijn overgecoemen hebbe alleen in

3398 1037 2347 174 wee schepen intrest van twee packen te weeten in

3383 1086 2408 220 Lover parques ent N5 en in joa herwood ont N7 waer

3395 1207 2317 224 van ue op morgen de declaran sal afsenden alsoo

3373 1385 2460 169 heden met den post dagh op hollandt mij den tijdt mankeert

3392 1478 2416 199 ick en twijfele niet oft dese twee schepen sullen mede

3375 1631 2438 172 sal weten dat my tot antwoort gelieft te noteeren

3398 1734 744 153 terwijlen blijve

3276 1844 1040 214 London J. vanden Bustehe

4844 1845 755 236 Ady 20 ditto

3371 1984 2427 227 de ue van 22 pasto. hebbe wel ontfangen doch ick ben seer

3381 2094 2287 249 verwondert ue geen colchester bayen en hadde ingecoght

3377 2251 2343 156 aen dese partye is veel meer gelegen dan aen de cottons

3376 2332 2323 205 want de colchester bogen bij eenen generaelen vrede de

3362 2432 2463 221 meeste advance londen uyt doen. oversulckx recommandere

3359 2570 2435 182 ue andermael ten hooghsten mijn intrest en ordre voor de

3363 2695 2444 155 selve waer te nemen. ick dencke dat de meeste ordres al sullen

3371 2798 2395 200 volbraght wesen, ende dat ue nu sal beeter gelegentheyt aen

3365 2907 2404 190 tretfen om de mijne met advantagie te comen volbrengen

3376 3012 2461 208 daer seer naer verlange. wegens de cottont het is wel ue die

3346 3098 2492 234 met gelegentheydt sult oppacken volgens ue hebbe geordonneer

3343 3222 2350 181 ende versenden. gelieft int aflaeden den visicoin

3356 3350 2404 179 differente schepen te verdeelen ende te sorghen dat het

3352 3451 2490 214 goede ende bekende schippers moogen wesen want aen hunn

3312 3572 2473 165 vigilantie dependeert veel. wat aengaet den prijs ue moet

3327 3707 2420 187 die dan op de weltche maete gecoght hebben voorders

3345 3812 2396 214 dat coemt soo hoogh tot 33 als die sedert desen oorlogh

3338 3903 2373 251 geweest hebben want hebbe over 2 jaeren een partye

3271 4022 2466 208 uyt het landt gehadt blouwe cansen dat geen beetere

3313 4153 2527 189 sorte en soude desireeren tot 33 ende ditto vrient presentierde

3293 4248 2164 146 mij de selfde soorte voorledek jaer tot 28 te senden
