6269 4441
2262 55 836 160 adj 16 de mars 1709

739 60 740 146 Edy Cookson

866 149 2208 214 Mo derniere est du 25 du passé asteur i'ay bien receu les deux

866 275 2323 144 cheres vree du 29 janvier et 12 febvrier fassant responce a la mienne

864 388 2315 106 die 4 ditto pr la quelle ie vois que ma remise de  £200:-:- sur

870 465 2295 69 tourton et quiauer vous est bien parvenue jau les factures et

867 531 2337 116 ddchantiltions de einey, ballots as n°:17. 1819:20: 21 et i attend pre

875 577 2303 140 vre premiere aussj ceux des deux ballots restants scavoir ve de

861 671 2343 130 draps fins et vre de aris et auec ce la mon ordre sera complet pour

879 782 2321 116 cette fois i'au aussij de mr. hoare connossement de n°.17 chargis dan

871 820 2219 148 le vaiscl de Thomas Burell. i'espere que vous aurez auossy

869 932 2296 135 envoyce pour le present a hull les aultres et qu'il seront charge

869 987 2313 181 pour le present  et que ie les pourray avoir pr. le premier

861 1050 2329 174 convoy ensembles attendant de ce la vre advis et connossements pr

864 1186 2336 109 le premier  ordinair. i'espere que les draps seront de

864 1207 2322 171 la mesme calite comme les precedentes et s'ils tombent bien ie

865 1317 2338 131 vous donneray ordre pour une partie d'aultres pour lemoit de

863 1378 2334 150 may mais il me semble que cenvocy sont plus grissiers et plus

861 1485 2315 145 durs de laisne en touchant les eschantillions cependant il

862 1592 2345 111 n'is a rien a dire avant que ie les peu voir a la piesce quant iue

2887 1636 320 114 o estant

860 1636 2059 148 les examineray et vous en scauray dire mon

866 1708 2217 162 arrivée p. la grace de dieu vous me marque la prix de

849 1784 2301 166 carisees et bayes mais cela est encor trop matur pour le mais

833 1865 2325 200 de suin elles deminneront bien en prix cependant quant

846 1954 2359 211 vous engerez le temps les plus propre pour les pouvoir achepter

844 2062 2215 168 au olus bas prix il vous plaira me le marquer. j'auray

840 2147 2341 158 besoing den bon assortiment mais touttes les plus finnes bayes

855 2219 2332 170 et carisces qu'il jaurat a trouver ne voulant plus de cette

845 2306 2349 143 sorte comme m'aney envoyée a Annee passe ce que ie vous

844 2437 2290 136 advertisse asteur en temps. cy in cluse ie vous envoyée en

858 2497 2311 155 extrait de nre compte courant a causse que ie n'ay ballance

853 2595 2337 182 qu'au premier de febvrier estant v.a me dederable sty £19:12:4

2532 2671 94 59 00:

852 2669 2349 191 p solde et avec la derniere remise de s  astecer sur

855 2752 2291 203 compte nouveau ensemble  £219:12:4 p. premier ie

859 2871 1698 129 vous remetteray pour d'avantage estant

888 2932 1715 187 dese beyde brieven voorst gegaek over ostende

624 3035 807 189 mechelen p. so doghe

2348 3050 672 145 17 ditto

862 3117 2147 209 tot antwoort op de ue van gisteeren den bay is wel

842 3237 2303 202 geverft doch noch niet droogh anders en soude niet hebben

817 3344 2343 155 naer gelaeten ue die prompt af te senden evenwel soo het

835 3444 2325 174 morgen den minsten sonne sehijn is dat die naer den cuidagh

847 3549 2224 182 met de waegens laeten afgaen: sal ue remide daer ue

833 3686 2315 138 van gelieft te melden afwaghten en ue sal mij daer present

828 3763 2269 178 grooten dienst mede doen. sien voorders ue retolutie

801 3873 2331 154 te gemoet oft ue van mijne resteerende blouwe carseyen

835 3987 2297 140 ett eenige roode sal disponeeren oft niet want hebbe

837 4084 2352 161 die expres op ue ordre opgehouden blijve in alle occasien

3267 81 795 156 Brussel Ansillion

4768 57 991 206 Ady 19 mari 1709 d

3405 164 2370 252 i'ay bien recu la vres du 16 du court avec une levre pour

3393 333 2413 193 les 12 p de bayer, p. vous acceptee de ƒ240:- ea partie

3397 405 2199 214 porte ƒ252:- tellement que ie vous la renvoyee cy

3405 534 2383 214 incluse. ie vous ay marque le prix au paravant et ie

3392 632 2336 222 ne peu comprendre a quoy que cela serve. ce n'est que

3381 766 2334 197 pour brouiller vre compte car de la marchandise vous

3395 875 2272 169 livre, Annee passe il y 'at encor le mesme a faire

3392 993 2339 173 que nous de vons encor adiisser p ensemble sil vous est

3396 1114 2422 160 comme si bien & la moy que ie perde plus que l'interest

3390 1221 2407 213 de mon argent en vendant de bayes et carise, et s'il

3390 1335 2453 204 n'estoit pas pour vous rendre service et avoir assortiment

3349 1469 2403 141 de toutte sorte ie n'en voudrois jamais vendre une

3405 1625 2435 150 piesce. les bayes de 10 vous la avez eu de moy l'année

3409 1725 2395 158 passe, mais elles estoient de  24 jen ay encor quelques

3391 1808 2394 225 austy si vous les souhaittes ie vous plaira me l'adviser

3412 1927 2349 217 vous priant m'envoyeer vre acceptation de ce que

3403 2054 2248 186 ie vous ay livre, cette Anneé cy dont ie vous ay

3395 2173 1525 139 envoyée mes faitures et suis

3292 2286 1296 198 Brussel de wed. van de Borght

4988 2296 808 149 2d ditto

3385 2388 2405 201 ick verhoepe dat mijn bbrief van 9 deser ue wel sal sijn

3397 2526 2427 197 geworden. hebbe nu eenige staelbrecken van de nieuwe

3392 2649 2276 159 moede couleure spaensche Laekens ontfangen onder

3378 2794 2343 178 anderen eenen vant paxke laekens op ue staeltiens

3396 2882 2437 222 ontboeden dat ue ingeslooten sende met de naeste prijsen

3396 2990 2275 157 daer by genoteert gelieft dat maer by ue te houden

3383 3147 2339 135 en soo haest die met Godts gratie aniveeren salt ue

3377 3224 2449 156 cito laeten weeten. hebbe oock partije onderweegen

3378 3349 2389 160 van ƒ.12.1N. 15. 16 tot 3 20 a ƒ3 22 p super fijne voorders

3372 3426 2320 163 schoon sortiment van alderhande gepersten tot ue

3389 3561 877 131 dienste blijve

3260 3652 642 171 Brussel Segers

4824 3624 797 193 Ady Ditto

3390 3794 2474 143 ue van 17 court wel ontfangen met remise van ƒ400:- court

3371 3886 2472 150 op &nony op 2a d sicht pr casse welck sal invoorderen

3357 3962 2444 219 en ue crediteeren. voorders advies dat een schoon partije

3374 4121 2227 105 van alderhande nieuwe moede couleure gepersten en

3363 4192 2392 156 spaensche laekens onder wegh hebbe van alle prijsen en offres

3415 4277 1121 78 van dienst Este blijve
