6269 4441
878 72 2239 208 in hollandt gearriveert evenwel wort daeghelyckte te

863 171 2319 212 gemoet gesien het pak laekens dat op ue gesondene

832 309 2300 210 staelen hebbe geordonneert daer verwaghte daegielijck

876 436 1990 215 den stall boech af die ue instantelijck sal

865 559 2226 181 toesenden voor de rest hebbe alderhande nieume

863 690 2270 162 moede couleure spaensche laekens van alle prijzen

824 828 2267 200 onder weegen oock geperste ben midd clereydt

860 939 2282 171 van alle sortiment genoechtaem voorsien tot

840 1095 2301 184 ue diensse iets noodigh hebbende gelieft mij maer

856 1207 2298 134 te commandeeren sal in alle occasien toonen

829 1310 1629 203 dat ben aen gheel ue familie

668 1416 767 196 Ath CB. Courtois

2134 1438 931 176 Adij 11 meert 17045

892 1511 2213 184 J'ay bien receu la vre du 6 du cours aussy de mons f0

874 1657 2316 170 de Godder pour vre compte ƒ497:7½ argent cour en sutre

847 1747 2242 167 a ma quittence luy donner et ie vous en ay credite die

861 1839 2332 223 change £71:1:6- i'espere que nous aurons bn l'honne

866 1967 2267 176 de voir p. icy mad. vre compaqne en comp. de mons

846 2061 2277 205 et madmors. Lison mais il sera pour le moins aprit

830 2169 2327 176 les pasques qvant que la nouvelle marchandise n'arrive

855 2285 2278 203 a cause du lever hiver qu'il a fait et contimue encor

862 2412 2224 168 ce que jay trouve a propis vous adviser en mesme

839 2514 2295 175 temps cependant iiay encor bon assortiment de trutte

830 2614 2239 174 sorte de marchandise a vre service et vous pouvez

840 2726 2244 188 estre parsuade que parsonne au monde ne vosse

845 2817 2262 191 servira a si iust prix que i'ay n'ay fait et & quoyde

849 2973 2346 173 ie ne manqueray pas de contmicer en touttes occasions

860 3085 2159 205 qu'il vous plaire me commander estant du caur

2208 3183 863 222 Adij Ditto

626 3204 653 192 Atm A son

829 3314 2296 226 p loccasion que i'ay d'escrire a mons. Courtois vre

831 3443 2254 173 beau frls ie ne peu panquer de vous addrester cette

786 3573 2385 129 la mienne et vous adviser que pr le sort hieer qu'il

842 3681 2303 143 a fait et qui continue encor qu'il sera pour le moins

822 3778 2319 148 apres les pasques avant que la nouvelle marchandise

819 3925 2369 127 pourrat arrives. J'ay une si belle partie et assortiment

792 4014 2397 155 de draps nouvelle couleure a mode tant draps commons

863 4139 2233 183 et double presse que l'aisne despagne en chemin

848 4257 2142 123 que vous aurez veu de vre vie et s'en ay desin

3397 82 2494 131 receu ses eschantillions et cito qui sepont arrive, ie

3363 194 2438 127 me donneray ll'honneur de vous l'adviler  ne doubde pas

3403 256 2394 164 ou vous trouveres tout vre assortiment chez moy et ie vous

3389 360 2332 213 serviray tousiours a s roit prix q au un aultre ne le

3393 450 2386 233 pourra faire eume  s'il s macque de quelque

3392 595 2310 186 assordiment ie suis eno pourveu de toutte sorte

3391 722 2448 200 et il vous plair a me commander. ie me recommande

3394 828 2489 172 a vos bonnes graces et vous saluant comme madmois d'

3397 929 2215 192 vre Ampagie et toutte la famille ue me dit

4986 1093 569 143 11oocars 170p

3305 1037 1259 205 Londen Schauves en Stockdele

3391 1134 2513 179 s avons reccu diveuze postes tant p oostende que p hollande

3400 1256 2506 133 et ie me trouve dans auiunes de cheres vres ce quil m'en trastily

3404 1398 2472 157 es je ne scy a quoy me regler cependant je ne doute point e

3418 1482 2394 116 ou les ominoes du 28 janni viur et de 7 du passe et 4 court

3416 1570 2459 125 vs seront bien parvenue avec les remisc mertionnee en

3407 1657 2484 202 vre austres p ma derniere. les £1:100 sur  le S anul

3389 1770 2447 204 hoys dont cy imaluse la seende ie vs prie de me faire re

3410 1880 2320 160 porce et en envoyer facture et eschan tillions

3402 1986 2493 185 et connossement cito possible pr prendre mes mey

3386 2107 2480 146 sures a l'advemant car les dernieres us jontent qui

3395 2235 2460 143 y avois apparince d'avoir convoy au premies jous fell

3388 2320 2502 168 ment que je ne donte point ou vs aurez mon ordre pr 6s

3377 2435 2472 169 draps comples aussij que vs aurez chargez les balloot puis

3385 2592 2500 168 que je vs l'ayt tant p recommander p ones presedente il

3400 2686 2453 195 a fort pau a faire pr icy ad je ce n'ay point mon as sortnert

3392 2804 2456 173 p la premure occasion ie ne pourvez rien debiter

3385 2930 2410 185 bes saidon savance trop et pendant l'ette il y a rien

3419 3037 2372 183 a faine p icy pr vre gouvene attondant ceto possible

5161 3173 609 108 onder couvert van

3399 3177 2458 183 l'honneur de vre responce je ne dit de wed. Broeckmans

3304 3302 1144 142 Londen lasper vanden Russche

4990 3312 363 122 11 ditto

3396 3383 2459 103 in lange geene occasie gehadt van ue te schrijven alsoo hr niets tot te

3393 3468 2444 157 neffice op edity voor en valt nochte in t manefacture nochte in

3382 3504 2519 184 wissel de laesten gesondene 2 pascke devonter oft swanscins baeque

3391 3668 2477 134 hebbe nochte meste bij mij soo dat ue lake considerere den af treck

3379 3763 2382 125 die hur te lande is in ditte rech is abus hebbende ne gestelt

3386 3853 2513 156 oegens het catton vrapper 132 ½ g a 13 ½ s £7:15:9  moet wese

3386 3954 2509 162 7:9 soo dat ue voor het montant van die 2 pack alleen hebbe

3402 4039 2500 152 crediteert st £90:13 dat gelieve naer te sien ende te redresseren

3397 4133 2438 173 hebbe een briefken van 11 £ 100 van 29 Janurij sor op Joan

3388 4243 2385 118 mead a costy dat ue ingesloten sende bie donde tijdelijck
