6225 4452
2188 59 242 145 14 uly

706 74 930 194 Brussel Nicolas Douwedam

882 113 2199 212 ose eox tweijfele niet oft mijnen treft van gisteren ue ue ul geworden

879 189 2334 202 en naer dat du was vertrocken en ue packe naer beutschip was nao

891 261 2278 227 soo quam mijn snecht mij adverteren dat den schipper seyde dagelijck

895 358 2280 222 parteye op de vaert come ende oock de beurtschepen  vositeren

892 439 2269 181 datter groot perijckel is want de franschen maecken van alles contra

898 521 2309 193 bande ick hebbe het selve weder doen haelen ende geoede gevonde ue

869 593 2351 190 daer over eerste te schrijve want het soude mij groot gevoelen wese

877 682 2332 235 dat iemans van mij in vriende eenigh malheur overquame het en

881 762 2329 255 can maer weynege dagen differenn oft het van daegh oft wans dae

884 859 2328 247 afvaert het is waer dat de schippers voor sun sijn met behoorebjs

887 958 2288 234 pas port en attestatie van den hier grithier vanden broeck meer

2100 1077 223 77 niett

877 1016 2290 257 en wille goederen op hunnen riscco scheepnemen soo dat va

892 1100 2337 282 soecke my gelieve eens te schrijven hoe het beste maecke sal

882 1266 1931 203 naer ue contentement en soo bijve in alle occasie

698 1397 2204 205 Brussel Joaff. Janssens bij de schoole van de scheuten 13 juny

881 1468 2226 166 mons nicolis van den berge tot halle heeft mij overienige

896 1539 2320 170 daegen geschreven dat een wissels op ue soude trecke ƒ 1000 wissel

901 1699 2319 124 ende alsoo tot noch doe geene occasie ionnen vindel om het selue

895 1734 2318 204 te doen en ue dicknaels niet en soude wete om wat rede dat deffert

881 1815 2320 203 soo hebbe geraeden gevonden ue hier over eens te schrijven en dat het

891 1915 2305 190 selve doen sal soo haest het moeelijck is geliet ue dan oock

865 1996 2358 202 tal schrijve aen veren ordre het sal wesen te betaen in alle oc

890 2097 2329 190 sien daer ue ingelijcke dienst can doen gelieft mij maer de commen

886 2219 973 184 deren die blijve van herte

2388 2304 551 179 ady 15 d. 1709

724 2329 1156 185 Rotterd: Jacques Meyers

892 2468 2332 174 en hebbe mijn leven meer gednnveneert geweest als bij ontfangen van

887 2584 2312 162 ue aengenaeme van 12 court waerby de saecke wegens mijne trier

890 2680 2328 125 packen seer verandert vinde buyten ue voorgaende misstue wat

872 2756 2357 144 heden soude mij connen moneeren om ue temis leyden ende

874 2861 2343 183 niet recht tijt te bechten sulcx en can noydt anders als tot mijn

858 2970 2349 146 disavantagie wesen ick sende ue ingesloten copge van de facturer

863 3072 2337 141 soo als die din coops in costen en segghe andermael dat soo lanek

882 3153 2271 145 ick nu inde negotie geweest hebbeddoor gaent mijne goederen

881 3260 2341 127 noyt anders verclaert hebbe als op den selfden goet oock mijn

875 3343 2220 155 vader en alle andere vrienden sende icken rescontrere

886 3488 2334 102 niemandt die oydt in hollandt over de weerde calanie heeft

869 3582 2350 129 gehadt. hoe sulcx mij terbeurtis gevallen en hadde oock niet

866 3657 2319 162 connen begrijgen als u, geclarisseert sunde voor daedan ige

887 3759 2338 166 voervallen en can sich niemandt inde weerett behoeden

868 3863 2352 143 oock van  luyden oock van luyden die ter goeder naem en

883 3964 2326 188 saeom wesen geen achter dencken hebben dat die imant

856 4099 2359 166 van hiun eggen correspondenter mmenden in laborente

882 4167 2186 215 souden wechelen . ue moet oock niet qualijck

3432 0 2199 204 evenen p elde eeeden n nee ee

3411 160 2428 134 want sulckx is altijdts buyten mij geweest hebben de met mijn

3423 261 2332 143 vrienden int noorden geaccordeert dat die staende de

3417 369 2393 95 oorlogh generael voort casseurantie moeten caneren

3417 434 2397 157 ende dien volgens neiydt ken nisse gehadt hoe sij het daer

3410 524 2381 117 mede hebben gestelt de saecke soo sijnde soo en can het

3419 595 2316 173 niet minder oft de commpden moeten scherlijck -

3424 732 2405 162 op in iater wesen maer in ousdanige af fainens alo mey

3401 822 2433 159 met hun niet can te recht commen n dise rete maniere

3410 918 2340 126 soo ist goet men sich tevenwel aenhooger handt can

3397 986 2439 161 addresderen want alwaert aen saecke van 3 a £ 4000:-

3408 1093 2380 134 soo waere het quaedt ge noeck ƒ1000:- voor eccomodement

3392 1165 2399 175 te pretenderen en als hien sulckx gepermitteert is sooen

3384 1299 2448 133 hebben sij maer alle de goederen soo van mij als van andere

3398 1382 2440 146 altijdts te naecken endee dan moetter altiyots in valibel voor

3392 1480 2417 153 hen avancce wese  datter stucken verswegen waeren

3392 1607 2427 149 oft het recht van den staedt gefrandeert men soude geen

3387 1670 2433 157 mont om te sprecken hebbenmaer om een somme van

3383 1815 2436 109 eenigh hondert guldens verswegen te hebben wegens 2t

3375 1869 2356 147 vey geldt op soo een de pernete maniere te willen

3400 1989 2448 171 voorts gael en is seckerlijck de intentie van de regeringe

3384 2094 2362 148 niet want wj het last igk genoech hebben ten tusee

3386 2203 2461 143 plaetschende pycken te moeten patteren ende een derde

3361 2293 2477 130 want t capitael in oncosten te moeten hangen ick en

3378 2419 2473 146 geloove net dat het ue oft jmandt in hollandt oydt isover

3368 2505 2455 187 te commen wegens het aen geven derweerde aen geslaegen te

3361 2580 2474 186 sijn geweest. het is mij noch gebeurt met het laeste voor dese

3368 2696 2469 178 gearriveerde Londons vloote datter eenige packen op veclandt

3375 2797 2474 200 buyten orde naer sijn afgeschept qccest ende de vrienden van

3368 2893 2468 210 in iddelborgh adviseenden met dat maer wel soude setten wegens

3354 3000 2482 191 het op gelven en bedreeren van de stacken en oorde weerde

3335 3118 2505 177 datter niets te vreesen was gelijck hebben doen blijcken want

3362 3219 2390 162 hebben packen van 14 £ 80:-:- voor ƒ200:- weerde doen

3366 3349 2475 178 passeren en can ue die reken thoonen en laeten sien. als

3354 3418 2482 190 hier een ongenal ier comt d'officieren laeten hien met overst

3353 3537 2494 183 van iuge sich telijck consen feren op dat men noch maer

3357 3642 2467 213 soude weder commen want segghen voor hem dae geljckte

3361 3762 2312 144 broodt oock al te bidden hebbe over 4 a 5 maenden al

3355 3863 2342 172 swaerder moegelijck heyt gehadts daer waeren twee van

3338 3990 2501 151 mijne pasxkens een voor berghen en een voor Brussel versonden

3326 4043 2492 206 en p. abas verheert gemerckt. dat tot Brussel moedt wesen wast

3325 4158 2357 171 op Berghen voorts gegaen ende den vrient verclaerde

3343 4237 2332 157 dosijnteens ende het waeren car mosijnede comipsen
