6250 4449
2413 62 627 129 ady 12 gbre 1708

603 75 1379 110 Amsterdam B: Te Boullenger

817 140 2322 148 cau receu, en son temps l'agreable vre du p. du count envez les eschan

814 225 2290 103 tillions et facture done balle de draps tients rouge et bleu quls ne

800 292 2341 133 me peuvent servirtant en considerations de droits de sorties dhollande

815 350 2313 115 quil me faudroit payer comme ie me persuade que pour la caliti

796 408 2347 118 de la marchandisie que ie trouve sort moindre et p consequence

792 453 2335 120 qui ne peu servir que pour de mositaires ie vous les rerenvoyce

798 512 2354 110 in cluse priant de ex cuser ma liberte ie vois la notte de carseu

790 583 2325 91 il n'sarien a faire caron les abandonne au mes me prote  la

799 659 2360 104 negoec de manufactures est oince dans ce paus er les Anglois en son

797 714 2316 96 principatement la cause que courrent de bille en ville touts les

793 771 2335 108 jours en abonden ce et tachent de beneficier leur marchandisze

793 806 2029 100 jux mesme ou nous l'avons fact ace tres fois ie vous salue

2826 861 105 81 98

2494 865 575 145 Adij 12 ar

602 862 1406 150 Rotterdam Blijves Meyers

795 1000 2370 120 in gevolgh ut aengenaeme van 2 court soo hebbe met op ul. geloften gesilen

801 1045 2303 112 ende destwee paissken bayen vytsenten voor eeerst te gemoet gesiet

793 1116 2366 115 ick hebbe ve het  selfde optfalder hooghste versochtende gerecoman

772 1158 2388 138 deert alsoo ditto bayen veel op ieveringe vercoght wis te welcke occasie

793 1255 2354 50 mit soude eschapperen ingevalle dandere hiinne goederen voor

769 1298 2388 108 ick de meyne coste becommen niettegenstaende tot dato heden van

764 1347 2401 111 de arschepinge niets vernoemen en by prouisie sijn hier salter

792 1404 2316 112 daegh teweee schepen oft beurt lheden gelost met packen vijt de

784 1451 2337 144 gearriveerde soo londons als hulsege schepen soo dat ue nu lae

799 1528 2361 129 bordeelen wat schaede ende disavantagie het tardeeren mijse

798 1600 2337 107 veroorsaecken bidde en gelieft niet sangerte tarderen dachen

795 1630 2370 155 begere de twee baege packen niet met het selfde schip daer ue de carsey

801 1705 2357 133 packen sal in aglaeden recommandere te oock het versochte

775 1773 2297 85 dien aengaende niet te vergeeten als mede voorde in geleyde

791 1828 2379 139 voort ianck te doen geven op Engelandt afwachte  antworrt

763 1852 528 125 soo Blijve

2421 1966 564 135 adij  ditto

771 1952 1209 147 Lond la veufve Masson

784 2095 2380 154 ayant depesche a la porte la mienne du 8 du cour a la queble al vous plaiss

799 2180 2309 98 me faire responce ie 10 ie receuois l'honneur de la vre du 6 iesuis

792 2233 2344 106 brenasse que le dernier ballot vous soit bien parvennue d'ansy, et que

801 2281 2329 124 trouvez les draps noirs et les bayes et carisees a vre contentement en

788 2344 2348 128 effeet ils sont bbeaux et son marche si bien que le supperson drap d'An

775 2399 2377 130 alettere. ie suis sur prix de ce que m'en dittez car  l'ay ex amines es

763 2430 2395 164 i'en estois charme. cest tout que s'on puis voit de curieux tant pour

772 2513 2325 112 la superfinne et douce l'aisne que pour la nnesse et l'asprest en

782 2586 2348 100 ie vendant vous trouverez l'effert scar il ne sepuis aulttrements

792 2649 2333 108 vous m'estiez parent ie ne le peu donner moins, au contraire ie les

784 2705 2386 119 ien d' icy en conscien ce 323: les supersins et parsonne ne les abandons

774 2768 2351 95 moine on ne le penvent faire. ie tous envoyeray cette sepimgine

785 2829 2357 102 p. la grace det dieu les not demie p. tients scavoir deuxbleu deux

769 2865 2392 119 lauroue et deux plus fonce que i'ay fait tiendre conform vos eschaz

786 2951 2367 97 Aillions. ie ne les ue pas encorveu meus ne ne doubtte poinet ou tl

774 2997 2335 92 seront conform ils sont encor dans la presse ilauray soing de les

800 3051 2237 101 paeter quils ne parroistront les deux demie g vre pr ie vous

796 3138 2335 96 en voyeray deux bayes en viron de ƒ20:- auvry vre bage deventer et

790 3179 2338 79 vre flexcellede 3 a larere mais puis quelv & mare commande

795 3260 2341 85 les plus finnes. ie ne sca que faire dur sendais a ƒ40 et aussy les

804 3322 2348 82 Apperfinne a ƒ48:- ie ne peu conprendre que v a ne mmonme

791 3354 2328 108 Jahais de colchester baiies vouges. elles  servent pour

787 3443 2375 95 de redeaux et i'en vend beau coup mesme en dolbt pre parer

801 3499 2338 102 pour mons. d'Houst quilat estez iey et a qui i'ay sien due groste

793 3539 2319 112 partie de toutte sorte de marchandisse cl est ex esfeet comme

795 3629 2354 114 n'ay l'honneur de vous dire que toutte sorte de marchandisse

793 3690 2338 96 est a S1 bas prix et a si bon marche quil se puis jamais estre

793 3755 2380 88 ausses que i'ay de toutt &eneracement si beau magasin et assorte

805 3821 2357 77 ment milly at avoir dans tout les pays de toutte sorte et pri8

782 3865 2392 110 ans et commans en tout quil vous nre maira commander vous

779 3922 2338 83 trouverez. que ie vous se reuray touiours comme si se ries i

776 3978 1599 96 presente et le racue possibles ie me dit

572 4044 1112 159 Brussel procureurterro

2292 4056 694 127 t  dip Ditto

785 4167 2385 108 ick ben ten hooghsten verblijdt te sien vijt den brief van mons njs dat

833 4248 2303 91 'st sijne saecke tegens den beurtman heeft gewonnen. Godt sij

779 4288 2350 85 daer ver gedanckt en gelieft aen hem den tegenspoet die hij

3375 22 2410 114 aud en t beegn pan sun assaerens paett ont moet biy het toecomende

3359 93 2423 60 met voorspoet en bemediettie te segehen ende te loonen ick en cas

3367 154 2430 53 met naer laeten hem daer over benevens aen ul geluck te wens

3367 202 2332 73 en de geen ander addres wet ende mitt hej mij nottert foresent tot

3363 217 1394 88 Brussel te wesen soo neme libertis

4811 229 922 80 det inges loftene onder u

5802 258 78 57 b

3360 282 2527 88 convert af te senden met versoeceve aen hem gelieft te behandigen de

3372 314 2435 125 ofs vertrocken sijnde op leuven voorts te senden in alle occasie

3345 376 331 89 ie

5179 408 595 122 Adj 12 gber 1708

3221 422 662 149 Brussel P. ni

3361 459 2432 120 ick ben seer blijde te sien bijve aengenaeme van 4 cchir dat  sijn

3353 560 2448 66 sproies del vonnen heeft tick hoepe dat de saecke daer nu mede te

3358 601 2404 86 eynde sal wesen ende datue aen sijn quarant sal commen ende

3365 623 2452 96 schter volgens wederom niennden moet ende couragie sit hebben

3363 661 2514 110 omve becomste affairens te hernemen en met gewenste voorspoetselen

3359 729 2341 84 te moeen continheren dat den goeden godt vlwelt verleencn

3365 791 2410 60 ick aldensche ul dan daer over veel gelucket ende bedancke ul dat met

3358 814 2527 106 hebt gelieven daer van advies te geven p vander cammen htere

3352 868 2451 100 sijnde haeft het mij oock commen segghen voor dat ul. brief hadde

3355 949 2398 68 ontefanck jck en can ul. nmet meer te gijnen als dat altijdts tottol

3355 990 2448 79 diens t ben ende dat ul. in alle occasien sult ondervinden dat met

3354 1038 2448 76 een peereijck man te doen hebt die ul in trest als eijgen sal e

3359 1057 2420 113 behertigen en soo slugte naer cordiaele groet en wie aen alle de

3361 1128 265 79 vrie

3684 1166 91 98 d

5547 1191 76 82 d

3196 1201 967 160 M1M. ou Pont

5122 1211 451 121 adj 12 d

3355 1328 2426 84 i'espere que ma lettre du 5 de ce mois vous fera bien parvenue et que

3351 1381 2413 76 v. e au ra reu p. la ditte l'abus touchant le ballot didz qui p me pris

3352 1434 2438 91 et en vosée pour mons a la place du vre et que doibt estre a Bruxelles

3341 1467 2410 100 il n'2 sagit spoinct de ma faute mais cette p. neglsgence de s

3351 1548 2423 88 Jarobs quil m'accoit donme ordre de margiuer son ballot avec un

3343 1617 2417 86 addresse pour mons iene scaypour quelle raison. le sien qu'il

3334 1646 2401 110 est pour le present au Bureace de mons est partijdicy le 3 sbre et

3403 1717 2486 95 re neest parti que le 20  cependant le sr. Jacobs a neglige et

3355 1755 2426 96 a l'aiuxé son ballot ta la Lalle de Bruxelles sans que ijenais wien

3335 1814 2473 89 seeu iasques a ce que ie vre y est arrine ansy secharte p avon

5812 1867 63 57 us

3352 1869 2423 84 ture gura pris 'ion pour l'aultre ie ne doubte nullement on les

5824 1910 53 63 11

3356 1945 2411 69 mess. de fourregse ayant ben ma lettre p. la quelle ils peuvent

3345 1999 2382 45 estre esclairsi et asscere quil n'g at en queunne frande auront

5817 2001 70 76 us

3335 2034 2546 109 satisfaction. i'ay responce du Sr Jacobs quil ma marque que cet

3353 2094 2432 76 une chose faite et quil n's a riens a faire que de vous prier d'avoir

3334 2122 2448 117 la bonté d'accepter des sept  de draps tients avec la paye puis que

3353 2222 2414 47 cest la mes mel sorte et fealite de draps et quils retirera les vrs de

3331 2277 2375 42 la palle de Bruxelles hormis Lescarlat qu'il vous en voyera

3334 2290 2423 100 d'abord sil v.a en soit content ce que ie vous prie me marquer

3337 2359 2480 90 vous ne pouves n al car ie vous asseure aussy que c'est du mesme

3359 2417 2451 108 ballot et dont le dit s. Jacobs a fait choise estant icy voicy incluse

3341 2469 2504 97 une notice de ces 7 ps surdittes pour v. governo ie vous prie de m'honane

3313 2531 2502 93 ser d'un mot de vre responce et me croire que ie suis parfaiteme

3319 2597 161 84 ent

5147 2678 534 128 Adip Ditto

3198 2623 1227 226 Brussel h de Pauae

3334 2770 2486 144 ick en twijffele niet iet mijn brief van 5 court sal ul het sijnen tijde wel syn

3335 2855 2475 103 teworden, ende ul sall daer bij gesien hebben het abus datter is voorgevallen

3329 2928 2454 86 paeckende de twee paxkens een gemerckt T.D.D ende het ander.V.M. ul. op

3342 2975 2367 95 20 sber met he beurtschip af gesonden ende geaddresseert. dat van

3329 3047 2549 81 N.D.M. hebbe sedert advies ontfange dat het selfde tot Berghen wel is geade

3329 3107 2458 85 =priveert doch dat van 8 d voor mons. P. du pont is noch costy op de

3336 3154 2429 114 palle. het self de schijnt p francois Jacobs daer geerne te houden

3345 3236 2344 87 om te sien ofthy met den eygen naer sich conde verstaen ende in

3327 3296 2417 99 plaetsehe fan het sijn datnn tot bergen souer te nemen ick

3331 3357 2497 112 schrijve heden vijt sijnen naem daer oner aen dh du pont soo dat ue noch

3337 3417 2480 115 eenige daeren gelieft ien te sien tot dat wy antwoort hebben alsoo

3325 3464 2448 105 kens het selfde afte senden gaiyck ul. op 5 court hadde gerecomandeert

3332 3535 2460 125 sal ue in wesyn ige daeegen adviseren hoe wij het daer mede sulten stellen

3326 3595 2506 148 hebbe ul. satter dagh ps beurt sch ip wederom afgesonden ende geaddreseert

3329 3661 2483 132 twee packen gemerckt RBn°1en 2 die verhode ue op morgen wel sullen

3333 3721 2506 138 gewotden die sijn p ordre en voor reken van mons Anthoineou

3334 3784 2424 123 tot Bergen ditto vrient is hier selfs in parsoon geweest en heeft miij

3325 3836 2493 137 gesurt we, daer over selfs int passant naerhuys te sullen spreken gelijck

3332 3873 2477 158 niett twijffele oft het gedaen heeft gelieft dan daer medel achter volgens

3330 3953 2482 126 sijn ordre te volghen en de goede sorghe te draegen op datter geen

3330 4017 2478 154 voorder abus en geschiede wins te wel ins gelijckx boicasie te connen

3328 4077 1989 88 hebben om ul dgenst te doen en ul. sal mij altijdts vinden

3208 4146 1275 121 Brussel dewed vanderxsorght

5222 4154 542 126 Adj 14 ditto -

3310 4241 2457 117 ick hebbe beyde ue aengenaeme van 7 en 13 court door mons. vl soon
