6264 4467
744 70 2456 214 London Jaspr. Vanden Bussche ady 11 April 1709

837 201 2309 234 reforere mij aen mijnen laesten van 8 court waer mede ue

845 286 2266 211 mijn ordre tot incoop van een partije goederen de dato

848 374 2336 218 25 meert hebbe geconfirmeert ende large ges ick wille

837 482 2367 220 verhopen dat dien van primo geen achterdeel sal hebben

831 593 2353 270 gecauseert ende dat ue voor nu seer naer mijn ordre sal

830 723 2336 218 hebben compleet gemaeckt verwaghte maer alleen

842 837 2343 196 d'eere van ue antwoort om de noodige penning. te

847 950 2355 266 fournieren en recommandereve ten ryttersten mijn

846 1051 2328 227 intrest waer te nemen ende te doen als voor eygen

841 1192 2268 243 waer in mij ganschop ue goede genegentheyt ende

818 1329 2380 227 conduitte verlaete wegens het op packen

844 1469 2351 218 en afsenden en is niets dat presseert als kennisse

839 1553 2358 212 van den incoop sal hebben sal sulcx ordonneren

848 1673 1733 233 als pr. voorgaende geseyt en blijve

1961 1797 404 160 11 april

664 1843 768 193 Leed Janes Ibbetson

839 1862 2232 247 Ick en twijfelen niet oft den mijnen van 8 cout sal ewel sijn

853 2013 2247 185 geworden en ue sal dien volgens sjn voortgegaen om mjn

875 2100 2201 149 ordre in dato 25 meert wegens casseyen te volbrengen dat

878 2195 2224 162 ue confirmeeren ende ten hooghsten reecommandre

862 2269 2288 166 oock dat ue die tot den alde naesten rijs mogelijck sal

866 2361 2272 164 por te becoemen oock te letten op de goederen en denghsaem

873 2479 2245 183 qualitiyt want gemijne soederen en con ick niet debitur

880 2559 2294 146 ick verlange naer ue antwoort om te sien wat sal gepasseer

864 2650 2258 186 sijn en aettervolgens sal ue dan remitteren en voorders

874 2781 756 166 ordre jinde blijve

2124 2819 436 169 11 apre

668 2867 902 180 Leeds thomas Rase

867 2880 2269 216 referen mij aen mijnen laesten van 8 court waer mede

856 3024 2203 170 ue hebbe geordonneert voorts te gaen ende te volbrengen

868 3109 2206 185 mijn ondre wesens carregen als de dato 25 meert dat

854 3213 2243 177 verhoepen ue sal hebben volbrocht gelieft toch te letten op

860 3332 2197 179 goede qualitjt en denghsaeme goederen ende dat ue op

866 3427 2315 145 nauste mij bedient want andersints en sal int toe noemende

875 3514 2164 152 geene commissie meer geven ick verwachte ue antwoor

848 3647 288 144 blijve

2201 3651 330 148 11 april

636 3653 1022 237 Dermonde Pierre De Baut

861 3756 2296 117 sende ue heden met het beurtschip op dermonde 3 paxkens het eene

893 3852 2256 131 gemerckt EE5 voor reet van mons Ignace horion het andere £

884 3920 2215 110 voor reck van mons Joseps Daulmerie het derde gemerck A.D.P

871 3981 2274 125 voor reel van mons Anthoine de Rasmes alle don voor ith die

862 4065 2168 149 gelieve cito voorts te sende de vraght is alhier betaelt ick blijve

5791 100 72 101 y

3335 78 1164 180 Brussel R De Baune

5034 87 725 177 adij 13 April 1709

3265 157 78 135 n

3386 192 2311 129 Ick hebbe ue gisteren met het beurtschep geaddressei

3372 308 2482 124 een paxke gemerckt V.BM voor reken van de ned. masson

3370 409 2471 132 tor bergen dat verhope op morgen bjve wel sal arriveren

3389 481 2450 204 gelieft daer voor sorge te draegen op dat het niet en het

3388 557 2310 208 en gereet en geraecke en haer ordre mede te volgen

3344 660 2428 242 woint sij daer mede seer verlegen is groete veen blijve

4881 753 534 210 adij 13 ditto

3234 774 1190 274 London S. De Dorpere

3377 908 2452 192 referere mij aen mijnen laesten van 11 court over hollandt nu becomme

3357 1023 2480 206 heden te aengenaeme van 25 meert beantwoordende de mijne 4.16en

3372 1098 2475 180 25 d. het is wel de remise van 1 £150:- vo wel is geworden, oock

3356 1185 2450 217 dat ue de geordoneerde 100 p witte ongecruyste flanellen hadde

3362 1239 2483 213 ingecoght ende dat ue die in twee packen soude op packen en

3361 1368 2490 200 met het transport  convoij naer de maes, dat in weynige

3358 1449 2387 206 daeghen stont te seylen soude afsenden. verhope sulcx sult

3374 1559 2484 194 conne neffectueren en het sal mij aengenaem sijn verwon

3363 1672 2439 176 =dere mij ue den prijs niet en heeft genoteert soo als die sijn in

3356 1736 2468 212 =gecoght die echter p eersten nevens de facture ben afwachten

3351 1851 2497 180 ede. sal het montant van onse reken naer sien oock vande

3364 1965 2447 177 nu in gecoghte flanellen en t gene ue daer toe noodigh heeft

3362 2040 2479 227 p naesten over hollandt remitteren in genalle ue in disbourse

3355 2135 2490 197 soude wesen soo sal ve contentement geven en voorden int reste

3358 2252 2452 161 soulageren ick hope de partije sal sijn tot facorabelen prijs

3347 2351 2495 162 ingecoght oock datter goede maete sal aen wesen en afwachtende

3333 2454 1832 201 wat voorders is gepasseert blijve van herten

5013 2541 409 193 adij de

3252 2555 1420 229 London Jasp van Bussche

3346 2678 2416 202 referere mij aen mijnen laesten 11 court over hollandt mits heden

3341 2829 2438 164 ditteren te posten over ostende sijn gearriveert ende dat ick mij

3356 2939 2438 151 vinde sonder eenige van ue aengenaeme soo weete niet wat het

3353 3079 2455 113 beduyt want verwaghtede secker te vernemen ue mijn ordre voor

3326 3125 2527 157 de colchester bayen en cottons soude hebben volbraght ende ingecoght

3325 3218 2519 207 ick en dencke niet dat den mijnen van pm sulcx sal hebben doen

3341 3333 2493 175 tarderen in welcke genalle ue evenwel sal sijn voortsgegaen op de

3345 3408 2511 205 mijne van 8 court. bidde mij te noteren wat dien aengaende is gepass

3348 3541 2506 182 =eert oock de quante tijdt en prijs der goederen en ist moogelijck daer

3334 3621 2496 218 van de facturen ingevalle niet geraeden vinde met mijn schoon

3331 3739 2426 212 moeder die partije te sluyten soo salve even wel het montant

3331 3845 2430 163 op cort sicht remitteren oft andersins de Brieven die ue sal

3331 3937 2500 187 sinden laeten dis compteren. afwachtende met verlangen ue

3301 4074 782 170 cadies, soo Blijve

5060 4128 490 205 ady7 d.

3237 4191 790 153 Aelds Cookson

3326 4244 2474 143 ie me refere a ma derniere du 11 du court pr. hollande celle
