5962 4388
643 0 2398 142 de heres vres et sans oecune de vos commen dements ce sondant

663 97 2401 114 ie ne peu manquer a vous faire de naiveau offre de mes services

657 181 2373 116 principalement commesie vois que la saisson pour la debite

656 297 2402 129 commence a s'avanceret que toutes sortes de marchandises

639 359 2353 121 est a si bon marche et a sibas prix les draps noir et bleu

643 436 2427 157 que ont touiours este a  20 ie vous les lutreray de la mesme

649 583 2394 108 ca lite a ƒ514 les drap de dam. qui ont este a ƒ5 asteur la

635 683 2386 113 mes me galite a ƒ13 i'ay aussiy de beau draps escarlats et

658 753 2382 147 rou ge communs pour 54 sbattars de tres beau draps blau

648 886 2193 113 pour les religieex pour £22:- que lon a touliours

647 993 2348 115 vendue a £25:- n'ay aussiy de draps superfins de toute

648 1067 2418 172 sortes de couleures a la mode et prix aussijt de draps couleures

658 1170 2195 173 commans de 50 pattars 48:- 1542:-40 et 38 patttars de

656 1286 2399 135 cavisees blanches d'Anglettere a ƒ 23:- lescoleures a 26: -

667 1431 2185 158 les rouges a ƒ29:- bleu a ƒ32 les bayes aussy a tres bon

642 1489 2309 209 marche les bayes de 3 a large on flancelles a ƒ42:- et

648 1639 2434 145 bayes de venter pour ƒ40:  i'ay aussij de tres belles flanelles

1133 1747 117 81 usy

1064 1755 51 58 t

642 1715 2188 208 superfines crssee latres bon marche pour le reste

665 1850 2398 185 toutes sortes de marchandises a l advenant iV.G. a besoing

651 2009 2427 159 de la moindre chose ie vous prie me commander ie me

638 2085 2296 180 recommande a vre bonne grace et ie vous asseure

651 2191 2314 211 que vous ne serez servi a mellieur marche de vre

636 2329 1119 191 prie pendant que ie suis

2092 2392 865 260 Aadi1 e 1717

416 2476 1036 159 pamus parce her mand

628 2600 1190 214 copie het selfde als boven

2181 2748 715 245 Adij 12 d. 807

414 2747 1251 275 Ath  Bapte Lolivier

639 2926 2443 182 i'ay bien receu la chere vre du 6 du court mais ie suis estonne

650 3090 2434 154 de voiy que la rolle de drap bleu ne vous estez est pas rendue

647 3189 2389 161 en son temps  ie l'ay bien mis a la barque avec

639 3315 2364 194 l'addresse de l'hoste au cert volant embas de la vielle

648 3446 2369 151 halle au bleda Brusselles ensuitte a vre ordre mesme

636 3563 2340 128 ie luy en ay donne advis p. la poste ie ne peu faire

633 3673 2391 180 d'auanage cito receu la chere vre ie luy ay escript

637 3785 2208 215 de rechef qu'il allie voir sur la halle ilas aussj

648 3956 2221 169 escriptt au facteur de la barque marchande a

507 4095 2298 149 Bruxelles mais iusque a ce iour ie n'ay pas

634 4184 2121 152 responce de lion ne de ll'aultre selon toute

3322 0 2424 130 lagolle sera sur la halle mers mais l'hoste a

3311 102 2462 118 mial fait de n'en avoir pas eu soing a l'arivee de la barque

3323 196 2440 136 compe ie luy ay recommande il vous plaira de luy escrire

3316 302 2402 117 car ie ne peli faire d'auantage que ie n'ay fait ie suis

3323 410 2385 112 mary que nous n'aurons pas l'honneur de vous voir p. icy

3330 455 2417 173 cette Anne ensuitte que me marquez cependant ..

3335 549 2410 166 a besoing pour le moins de quelque assortiment s'il

3325 660 2388 148 vous plaist de me donner l'honneur de vos commende

3307 800 2394 123 mentts pour un assortiment d'hiver ie vous asseure

3327 871 2405 194 que parsonne au monde ne vous servira mellieur

3326 975 2392 168 ne mellieur marche que mois estant toutes sortes de

3327 1038 2401 176 marchandises a fort bon marche les carisees tres bonne

3332 1200 2423 171 le blanche a ƒ243:- les tientes coleures a ƒ26:- les frisettes

3328 1295 2424 181 a 10½ pattars les tientes a l'advenantt comme aussy les

3335 1383 2401 187 bayes i'ay les plus beau draps de toute sorte de coleures

3360 1515 2468 194 pour ne patturs et le reste de marchandise a l'advenand

3332 1624 2349 170 a tres bon marche si 7.4. a besoing de la moindre

3335 1735 2475 149 chose ie vous prie de m'honorer de vos commendements

3334 1852 1291 166 et ie tos moigheray que suis

3092 1947 1017 261 ghendt Jacob Baut

5011 1984 723 203 Adij 12 xber 1707

3337 2116 2452 238 become ul. aenghenaeme van ghisteren met een remise

3344 2264 2340 137 op sicht op Joff maria van hessel van eenhondert

3193 2350 2589 171 ret entnticittigh ponden vlaems wisselghelde waer voor

3337 2462 2464 215 het noodigh sal besorghen en ul. conform in recken

3198 2561 2605 168 crediteren en twijffele niet oft u.l. sal nu en dan eenighe

3336 2679 2294 202 enspectie hebben ghenomen weghens het ghene

3324 2807 2502 192 passeert in den boedel van de Buck seude wel geerne

3302 2940 2408 163 1el. largo adeies dien aengaende eens hebben en £-

3335 3070 2365 219 goeden raedt ditto de Buck doet affres van 30 pes

3305 3139 2492 231 met borghe en alsoo hier diffegente van de ghein=

3309 3290 2470 186 =trescerde die costij gheweest hebben om inspectie

3320 3419 2458 167 van den boedel te nemen ons asseureren datter meer

3343 3529 2385 201 in effeeten is ia bynae verseeckeren datter o0 pet

3343 3617 2434 225 van sal comen soo blijft sulckx stecken sonder te

3323 3781 2470 210 worden gheconsidereert oft aenghenomen ul. ten

3327 3897 2357 247 plaetee sijnde can sulcx beeter volghens datter

3312 4030 2390 239 passeert oordeelen als wij die niet weeten als p

3321 4140 2449 189 relaes en daerom versoecke met ul. comoditijdt
