5972 4388
689 32 2340 130 gheintresseerde die versoecken te teeckenen daer op heeft mons.

673 106 2378 130 Deeckens ul. heden morghen p. bode gheschreven volgens

682 203 2340 137 hij mij heeft gheseydt niet anders denckende oft een ieder

665 310 2418 137 saude dese resolutie hebben gheaprobeert ende gheteeckent

673 443 2351 125 om desen naer meddagh pr. post daer van te connen aen ul

674 504 2399 184 copge senden doch alsoo dat obstakel vindt en veele van de

670 634 2257 135 eerste resolutie tot noch toe niet en willen veranderen

680 733 2374 212 soo en twijffele niet oft hij sal ul. oock desen naer meddagh

675 877 2152 165 pr post daer van hebben kennisse gegeven tot ul. en

667 954 2282 179 Dh ghecomitterde costij han governo want ten sij de

665 1087 2204 165 crediteuren van sentement alhierghelieven te

677 1206 2408 207 veranderen soo Blijft d'eerste boven p resolutie in taedt

674 1366 2373 143 niet te min gheloove alsereenige van opinie veranderen

669 1459 2340 170 en wielen teeckenen dat dan wederom de meeste sullen

668 1600 2344 186 hun conformeren maer dat en can soo op eenen dagh

675 1702 2286 208 a twee niet te weegh ghebrocht worden daer

646 1813 2357 202 veele geintresseerde merckelijck verlegen naer het waghten

649 1938 2228 209 van penningen alhier soo verre datter compassie

625 2045 2259 163 mede te hebben is, ende daerom is het te wenschen

619 2177 2325 145 dat het hodt gelieve datter moogen de beste middelen

628 2266 2217 210 moogelijck gebrugcht worden om den boedel tot het

638 2388 2302 189 beste profijt moogelijck te redderen. en hebbe niet

650 2507 2233 170 ongeraeden gevonden alhoewel int perticulier ue

643 2605 2298 170 hier over eens te schrijven ende versockende een

657 2732 1322 165 letter antwoort soo blijve

1966 2743 549 226 a 17

471 2788 903 230 Gent J:B De saedelaer

662 2898 2364 142 bende ue aengenaeme van 26 en gisteren sijn mij op gisteren avons ceost

641 2999 2408 169 ter hant coemen soo dat noyt saeckelijck dien van 26 op1 post comp

665 3093 2314 183 doir moet sijn genegligeert het was te laet om de versoecke carseyen

668 3203 2331 130 heden ue te connen senden mits hier heyligh dagh is oor en ca

646 3325 2421 158 sulckx onmoigelijck niet voor morgen geschieden p waegens diie

664 3404 2375 198 sondagh sullen vertrecke en maene agh soo hoepe tot costij ain

670 3504 2370 200 veren tot ue governo p naes te sal ue jacture sende en advis en

665 3629 1518 168 voorders larae jeweyne terweekent blijve

1980 3696 954 211 Ady 30 sber 1707

464 3707 986 255 Ghendt BB De Saedelaer

637 3855 2334 202 gelijck ue op 28 hebbe geschreven soo hebbe ue de

650 4005 2431 178 gementioneerde carseyen toegesonden p waegens met

659 4088 2418 177 voerman francus saet in een paxke gemerckt A.B.S. dat

663 4234 2350 109 verhoepe ue morgen wel sal geworden wat aengaet

3303 71 2457 131 de les couleuren hebbe die alle van een different couleus

3316 151 2376 202 gesonden treckende opt giet oft blijft op dat ue soude

3301 288 2389 172 sien welcke daer van dat ul de meeste noodigh heeft

3337 376 2363 181 vermis het maer alleen voor een proeve it de wiste

3336 507 2296 161 hebbe oock ver van de selfde soorte gesondenn alsoo

3333 646 2359 177 van de gemeynste daer voor snde moeten een pack

3317 739 2305 192 openenende ditte soorte tot ƒ 22:- en hebbe niet

3337 855 2272 200 tot noch toe als met den glleeten pack vercoght

3328 983 2450 166 de blouwe en can niet minder geven als ue hebbe

3331 1094 2284 216 genoteert tot ƒ 31:- ick stelle die tegens ƒ23:- witt

3331 1198 2328 242 en ditto sootie cost mij st7 ƒ334:6 a ƒƒ:5 soo dat ue

3312 1342 2357 223 laete considereren wat profijt daer biy voor mij te

3285 1553 2339 185 doen is. de gemeynste aƒ 22:- costen ƒ 32:6 a33:

3306 1640 2344 197 door mallanderen, vermist het sailoen nu daer in

3321 1763 2439 202 voor de winter goederen soo en twijfele niet oft ue sal

3334 1882 2436 231 al eene partije noodigh hebben van geverfde puincspael

3281 2022 2350 200 die sijn tot ue dienst en ue en gelieve maer te

3313 2128 2316 255 ordonneeren want hebder partije genoech geverft

3322 2240 2468 252 en daer van met den loomer goede provisie gemaeckt

3314 2351 2486 233 op voorraet van alderhande moede conleuren blouwe

3214 2461 2461 255 en roode, ick verhoepe dat ue mijn restantien

3329 2597 2408 197 evenwel met die sarsoen van verhier sult conen

3349 2719 2474 266 afsetten waer in ue mij ten uytersten sal verobligeeren

3338 2831 2317 188 en sulckx sal geerne vernemen als oock een sue

3311 2931 2381 236 advies wegens d'affairens van Meynier de Buch

3215 3059 2623 226 naer mijns oordeels du ncht mij het besreden he profitabele

3290 3199 2449 211 ste voor de crediteuren te wesen dat niet soude

3331 3281 2479 205 den winchel open houden en soo de goederen verperen

3313 3380 2405 219 om die in reputatie te houden en het capitael te

3333 3493 2382 175 salveeren wan die met een priblicke wenditie soo

3310 3601 2292 180 in den winckel als in denbergh te vercoopen

3302 3716 2432 197 oude versaeke weten dat alles meer en meer soude

3330 3840 2247 175 onder de voeten geraeken ale de winckels voor

3290 3949 2360 127 lange faeren voorsien wesen, en over sulckx iets

3316 4045 2250 188 te debiteeren ende dat meer is bovendien daer biy

3330 4170 2330 125 considerabel verlies voorden boedel: godt geve
