6269 4449
2505 54 676 159 adij 3 Janvier 1709

694 41 815 152 Loed. 168i1on

883 119 2308 155 ie suis sans aueunne de cheres vres ma derniere est du 28 du passe avec

911 217 2298 118 or dre d'achepter deux ballots de mes me prix qualité et souleurs comme

891 288 2325 127 neget 16 de ƒ2:9 a 33:- a ƒ33:4 en esperence gaves encor les eschan

868 336 2335 127 tillions chez us outtre que ie ne vous recommande asune couleu

886 399 2294 123 dans l'assortiment de ces deux ballots estant celle cittdont i'en

892 467 2322 122 veu bien quatre a cing p l'vre un peu plus vesre et differente

877 559 2326 94 a l'austre et pour le seste les mes mes couleures cfonme eu manes

871 609 2341 117 envoyce. oultfre un ballot touts de 34:6 moegenant que la calite

871 664 2255 95 soit bonne et encor un ballot toufs superfins draps de 33:6

884 718 2319 132 conform ma memoire et les eschantillions que ie tous aipen

865 783 2353 135 =voyce p ma precedente sur ditte que ie ne doubte pourtet on elle

869 836 2338 136 vous sera bien parveznue d'aussu sa remisse de s £118:2:3 sun

877 910 2267 116 John mead dont inclusse la seconde vous metterez chacque

871 989 2298 107 ballot de doue p. de draps deux pr de carisees pour fardulure

879 1027 2291 135 ie m'aus asseyex pricque et vous donne a connoistre mon

880 1108 2273 118 intention ce pour quoy tachey de me bien servir et a

876 1184 2193 101 prendre esguris attendant l'honneur de vre responce

852 1230 368 114 he

1846 1241 1366 126 f1gchter onder couvert van de oede

1869 1331 475 107 Broockmans

2477 1332 610 161 adi 3 ditto 704

670 1325 1205 176 Mechelen henrij Jodogne

883 1427 2270 161 tot antnoort bh aengenaeme van gisteren ick debitere seer veel

879 1553 2261 107 van die genek de laeckens doch niet minder als een pattaconp a

849 1608 2313 107 en en wel om dat ue mij animeert dat van oudt tot tydt een ige

871 1689 2337 105 partjckens sont connen van doen hebben, ende dat ue mj contant

866 1769 2319 75 te betaelen geofriseert heeft soo sal ue die tot 45 st pra laeten

876 1826 2245 94 wel weetende we oock iets moet avanceren echter moer ue

853 1877 2316 126 seecker weeten dat dan den interest van mijn geldt daer

850 1980 2328 111 nauwelyest aen en avan eere ick en debitere niet als met den

851 2025 2160 112 grossen en ber altijdts ten vetersten wel voorsien van

852 2086 2353 124 dilder hande  engelsche manufacturen ick magh ue

851 2178 2354 123 aspeureren als nuy eens sullen kennisse maecken dat neij meerder

859 2272 2304 90 affairens saemen sullen doen en dat ue daer by advan tagie

834 2309 2368 130 en contentement sal hebben ick en hebbe geen lichter roode

829 2410 2264 114 laeckens als daer ue de staeltiens van heeft bidde mij soo

845 2502 2359 111 haest moogelijck mijn stael boeexkens weder te senden alsoo

822 2558 2334 126 die maer voor honsters dienen en ick die dae gelijcke

835 2626 939 120 noodigh hebbe Blijve

649 2689 1173 194 Rjstel Livin del Cambre

2317 2648 693 246 Adij 4 ditto

865 2804 2194 194 Copge ad verbun als aen p eA. Pouruanne op

917 2916 594 168 21 xber 1308

644 3021 1460 186 Brussel la veufve fondeur et huys

2264 2993 660 227 Adj Ditto

925 3163 789 120 copye als boven

660 3176 114 136 b

640 3327 1248 220 Rijssel mons. van etchere

2365 3270 625 234 Adj ditto

922 3451 794 171 copye als boven

2559 3625 469 138 adj7 ditto

655 3559 1110 245 ien de CEade Baptens

854 3682 2351 149 aensche ue van herten het saligh nieuwe jaer met alle soorten van

836 3785 2308 128 benedictie en contentement tot saigent en veel gelver dat het den

834 3860 2374 111 goeden godt gelieft heeft ue nemens de ingesetenen a costy voorde onver

808 3947 2402 77 mey deagine ruiie en bomtarderinge van het belogh te salveeren

837 4005 2372 80 geljck het na wederon als vooren hber communcatie en necoti

836 4013 2369 130 hebben ende dat niet en twijffele oft ve sal al eenigh sortiacht

835 4119 2375 86 mankeren en noodigh hebben sto come vep desen mijn dienst

842 4186 2227 62 presenteren en laeten weeten dat van alle soorten van

834 4222 2383 97 engelsche goederen ten uijtersten voorsien den ook in lans

823 4300 2331 71 este suecrte en bloue 3600 ½ aeckens drap de samme

3426 27 1246 91 er snie m mesre tot vee die

4909 33 959 123 ho Pile P SB omonsn

3428 76 2396 120 langesthidts niet gedeaen ick verhoepe dat eyde kennisse eons

3443 186 2372 74 sulten herwaeten want ue moet seecker wesen dat in geheel

3433 215 2443 108 brabandt oft vlaenderen veniemant beteroot betecoop en eand

3426 256 2440 133 nochte en sal bedienen als ick daerom heeefft ue iets noodigh

3423 327 2433 120 gelieft eens de preuve te nemen en mij te ordonneren ooc

3426 364 2440 146 als ve over comt mij deere aen te doen van naer te commen

3426 437 1750 141 en sal in alle ofessien thoonen dat den

4977 461 831 178 Adij 4 January 1709

3285 513 1163 201 Brusselh. De Baune

3419 584 2404 156 naer wensch van het saligh nieunee jaer u diendagen otadvies

3419 678 2440 145 dat ue hebbe een pasxke met het bsurtschip geaddresseert sijnde

3406 756 2454 120 alleen een rolleken gemerckt FB.D. p' ordre ende voor reken van

3409 800 2369 143 Mons. A. D' Houst tot Bergen gelieft daer sorge voor te

3394 879 2481 129 draegen en het selve cato op bergen voorts te senden volgens

3410 950 2453 125 de de ordre van voors onsen vrient. het selve volleken is van

3406 998 2456 140 latter dagh voorleden gelaeden doch het beurtschiso in blijven

3405 1066 2464 167 door segghen en niet voor gisteren vertroken soo dat het heden

3398 1129 1948 184 burte verhoepe sal arriveren en soo Blijve

4788 1250 611 164 5 January 1703

3341 1268 1177 184 emechelen lendrick Jedogue

3424 1420 2437 142 Ick becoeme ue aengenaeme van gisteren waer bij ue mij ordonneet

3490 1522 2384 132 8 geverfde engelsche laeckens te senden dat heden gedaen hebbe

3416 1599 2348 109 me eenen wit bay vrapper p beurtschip op mecheln in een

3427 1696 2385 147 pasxke gemerck  dat verhoegpe ue wel sal bethart coeme

3436 1801 2427 121 en tot ue contente nent wesen doch ick en can de selve sheete

3403 1857 2461 155 niet tene die ue geteecken heeft in den stael boeck door

3435 1989 2415 108 dien ick daer de gelijckx van vercocht hebbe en dat die

3406 2057 2433 165 tdilboeke & aleen dienen voor mons ter hebbe eenen

3415 2168 2367 115 vrapper bij ge daen om dat door het nat weder de

3427 2209 2414 206 laeckens niet en soude beschaedigen de facture heeft

3419 2348 2437 144 ue aen den voet deser bedraegende wissel alde 531:6¼

3389 2453 2400 157 en hebbe geen geile bayen gereet soude die coepres voor

3375 2523 2475 211 ue moc doen versve ende gelieft mij maer een staelte

3364 2657 2499 168 sende ue heeft mij met ue eersten brief geschreven contat

3405 2733 2451 174 te betaelen ende daer op, hebbe ick mijn caliulatie gemoekt

3399 2839 2416 155 want magh u segge dat de selve anders niet doan tot tes

3398 2912 2378 216 soude laete door dien ick nauwelijck½ den intrest van

3391 3059 2468 130 mijn gelt daer aen en profiteren dat ue gelieve in consede

3377 3135 2496 171 ratie deneme om voorders kennisse te maecke ick wet

3385 3257 2477 145 wel dat ue my de staeltiens wedersonde die ue heeft af geteke

3399 3364 2479 149 want die monsters dienen mij voor aliht en ue sal mij veroble

3366 3480 2485 106 geren soude ue vraege om daer voor een breefken te hebbe

3356 3555 2458 152 doch mits dat ick weete dat ue veel wisselb op tij heeft

3342 3666 2495 143 ende daer van veele daegelijckse door my hande passeret

3355 3784 2466 100 foor can ue mij voor de selve sormm diegelijcke sende ende

3400 3837 2466 161 dan sal ue noch daer aen de oncoste o fiteren welck

3404 3975 1172 159 ftwachte nie soo blijve

3275 4070 1376 155 London Scaven en Stockdan

5132 4052 520 180 adij 17 ditto

3335 4194 2464 98 ma derniere est le 27 du passe. asteur ie rent de receuoir la chere vre

3327 4264 2473 102 du 17 ditto pour responce a la mienne du 20p. la quelle ie vois que
