6225 4452
854 82 2278 150 commustion pour l'asveurt. ie vois j'avez donné ordre

833 175 2321 200 de faire les connostements a mr. Jjhn firth. iien suis bien

835 324 2331 162 content et ie ne doubte pas ou vous luy avez donne ordre

800 422 2357 181 pour faire l'asseurence ce quiil observera sans faulte

811 522 2338 173 tellement quoil est imutile que ie luy confirme ce la

825 649 2366 186 oultre ie vous ay escript les conditions du premier instan

808 770 2297 208 que devez avoir soing pour faire l'insurence et en

803 872 2368 213 quarander et que il vous remetteray la valeur einoque

759 1002 2429 204 les ballots seront arrive icy. ie vous prie donné ordre

824 1120 2349 204 a m firth quiil les declare transtor et quel me les

804 1232 2385 220 envoyee cito possible car ie n'aime pas a luy escrire

810 1349 2384 215 pour des certainnes raisons, et s'il fasse ces devoirs

814 1472 2210 228 pour menager les frain il pourroit bien avoir

807 1616 2250 152 aussy mes compassions pour l'asvenir. marquel

814 1733 2173 198 luy qu'il fatte comme s'il seroit pour luy

829 1834 2313 188 et alors ie voyeray un peu comme il me servira

835 1963 2188 147 voila tout ce quiil la oftre iusques apresent et

829 2120 2368 125 i'espere pr la grace de ieu l'arsvee au premiers

846 2196 1250 176 jours: il vous salue et suis

2087 2243 871 240 Adij 5 xbre 1709

636 2274 923 228 Leedfwen S Coockton

833 2445 2334 109 ie ne doubre pas ou ma derniere du 26 du passe vous sera

805 2529 2384 186 parvenue en son temps avec remise du mesme jour vrences

778 2635 2384 152 1 sur le chev h furnite de e £200:- dont y incluse la

800 2741 2363 187 seconde. depuis j'ay receu la chere vre du 9 gbre avec

787 2828 2303 206 advis q'avez donner ordre de tirer sur moy  £200:-

808 2936 2378 194 a mons. Libius de Dorpere ce quiil m'advise aussy d'avoir

805 3061 2394 218 fait tra feray honneur a la traitte mais ie suis chagrin

804 3181 2378 199 quiil ne tire pas a veu au lien de  os comme je vous

790 3303 2386 208 ay prie d'ordonner uit que mon argent est prest et

812 3397 2379 196 que le cours a esences, est fort desavant a sieux aussy

811 3527 2372 164 contre ma reputation. comme ie vous ay escript touts

823 3609 2295 172 ces draps blanc me resteront sur les bras et pour les

796 3724 2366 221 faire passer il me faudra bien 2ou 3 ballots astort,

805 3846 2387 200 sur les couleures que ie vous envoye cy incluse de 14 non

825 3952 2332 191 plis chacque ballot a liordinaire de que ie vous prie

817 4086 2297 165 d'achepter a vre commodité et p. occasion a mon plurs

840 4193 2172 203 grand advantage possible. il ny a rien qui presse

3391 72 2454 176 prennez bien quarde que les draps soient larges et point

3382 180 2269 194 grossiers car il ne sijffit point d'acheprer et m'envoyeer

3355 307 2393 196 il fault aussy que les draptont au moint la longier de

3380 434 2334 202 . 30 a 434 et point y. 26 comme vous r'avez envoyée

3364 536 2341 207 les derniers non obstant mon ordre let frain sont trop

3379 640 2437 261 grands et excessief pour de si petittes pietces. iay ouvert

3395 763 2337 191 un ballot de bayes de  35 bayes counnet a ƒ37 et

3383 893 2416 165 ie les trouve toutte la mesme sorte comme les bayes

3391 1011 2470 230 de e 40 a ƒ 42 qui ne vaillent rien tellement que cette

3367 1126 2406 235 sorte que m'envoyes pour  40 a 42 ne devoir estre

3383 1274 2404 206 non plus que  35 a p 33 ou 7 vous you vernes cela

3366 1375 2440 224 aet en faittes dittinction comme il vous plaist selon (

3349 1493 2422 228 quiil me semble. il y at austy replieque a faire pour

3367 1623 2478 196 les fraix dont vous me chargez tros sur les ballots ie vous

3372 1741 2381 206 en envoyeray notice et touchant ce 6 gros surchacque

3365 1853 2419 204 piesce de baye pour la dresser vat bien avant et ie ny

3384 1993 2362 168 prouve non plus de difference j'au paravant envoyez

3370 2086 2326 182 moy compte courant mars ne ballancez point vos

3370 2248 2487 128 livres avant que ie vous marque que ie le trouve d'acccord

3344 2319 2406 179 antsy que ie vous faste les remitses pr. solde pour estre

3369 2448 2398 177 d'accord ensemble. ie vous remetteray lindy asvenir

3374 2536 379 132 et suit

3271 2621 1099 182 Brussel francus Jacops

4756 2561 924 278 Adj 6 br 171

3369 2748 2401 264 soo aenstonst becoemt pauly ue brief en coemt

3334 2877 2520 237 my vraeghe uyt ue naem naer pin couleuren

3340 2988 2474 243 waer van differente stucken hebbe van diversche

3350 3111 2440 260 couleuren deen nchter als dander van differente

3358 3224 2482 292 prijsen dogh met den sondagh en can ue ommoogelijc

3323 3343 2523 235 de taelen niet senden alsoo die bj andere wesen

3319 3510 2487 215 mitt dat can sien uyt ue brief dat ue van intentie

3347 3593 2395 215 is over te coemen soo magh ue versehert wesen

3340 3722 2390 225 daer van sortiment genoegh te sullen vinden

3337 3816 2461 239 als oock van alder hande andere goederen soude

3338 3924 2450 234 wel gedffereert hebben om ue te nacht met de

3312 4057 2435 215 hen te schrijven maer dan soude ue mijn brief

3307 4220 2365 164 morgen vroegh niet connen ter handt coemen
