6264 4467
693 80 730 191 Athj f. Lison

2195 84 711 189 adij 17 April 1709

873 220 2309 174 J'ay bien receu la chere vre du 12 du court quecone assignation

863 315 2282 150 de neufients florins de change sur le S. hagendore qui les

861 406 2317 182 a payée ensuitte et ie les garderay a vre dsposition

873 497 2286 150 ii'ay aursy envoyce le bellet chez mons. boon iusques a ce-

863 612 2306 190 iour le draps double presse ne sont pas encor arrivee

862 733 2338 150 on ne scait don qpeut provenir cette retardement a moins

878 806 2076 199 que ie ne scoy le vent contraire cito que i'en auray

867 916 2298 162 nouvelle ie ne manqueray pas de vous en donner part

858 1044 1157 188 que suis en touttes occasione

2193 1099 683 209 adj 18 de

698 1148 1152 207 Rotterd. J Meyers

860 1264 2296 203 te aengenaeme van 12 court hebbe wel ontfangen waer by

848 1367 2330 214 gesien de packen & n°6IM no4 pr. Joos Baet als oock

855 1482 2183 196 IM N° 23 en n°7 p marimus Muyters oock waeren

853 1561 2371 213 af gelaeden d' schippers sijn maer heden voor lillo aencomen

853 1691 2324 196 hebbe voorders al verwaght advies dat n°5 oock soude

848 1794 2328 183 wesen af gescheept en twijffele niet oft de hulsche vloote

847 1906 2364 201 sal na op schieten met desen facorabelen wint want

862 2022 2355 193 volgens advis van hult waeren die al in gee geweest dat

863 2117 2129 196 versoecke mij tijdelijck gelieft te adviseren en blijve

2320 2246 770 213 21 April 1709

683 2259 664 195 Brussel segers

837 2392 2177 207 ue vass 19 conr. ontfangen. en hebbe geen laeken

833 2508 2200 220 op ue gesonden el stael: voorde offres van

833 2645 761 182 ienst. Ae

648 2761 2388 256 London Janm. vanden Bussche ady 22 d

847 2939 2323 183 sien bijve aengenaeme van primo deser ue het partijceken van

846 3075 2346 140 de twee hondert p. halve witte genopte cottons tot de laege prijs

847 3172 2357 188 hadde ingecoght dat mij seer aengenaem is vertrouwende het van

826 3319 2355 113 de beste qualitijdt sijn als ve hebbe versocht: de blouwe canten

858 3385 2336 183 sijn ordinair wel de beste. ick wensche p ve naesten daervan de

854 3478 2303 192 prijs te moogen weeten en verhope insgelijckx de hondert

858 3576 2345 197 pr. colcherter bayen sult hebben becommen tot de goede prijs

840 3725 2294 108 remittere veringesloten op vso op Guillemo hoddes en Pior=

836 3785 2327 183 st £200:-:- waer voor gelieft het noodigh te besorgen

848 3892 2279 177 voorders mt refererende aen mijne laeste van 8.11 en 13

841 3987 790 187 court soo Blijve

863 4071 2352 220 gelieft sorge te raegen datter goede maere op de cottons

867 4202 2275 178 gegeve worde en op de looden de iuste maete te doen

884 4330 2313 62 stellen ender de goede maete op de factare aftrecten

4923 83 747 149 adj 22 sppril 1709

5805 113 59 82 Rgh

3265 72 1539 186 London Linin deDorpere

3376 159 2388 199 referere my aen mijne van 11 en 13 court nu hebbe ontfang

3374 303 2497 152 ue aengenaeme van primo deser met facture en connossemente

3377 387 2482 183 van de hondert pl ingecoghte flanellen en afgescheept

3373 472 2421 198 p. Rotterd in twce packen & N°8 en 9 ick en twijffele

3355 602 2447 142 niet oft die qualitijdt moet de alderbeste wessen want den

3377 652 2455 217 prijs ie wat coceslieff ick endencke oock iet die nu dierder

3364 740 2478 215 sijn ingecoght als geweest hebben godt gelieve de selve

3360 835 2380 181 salue te brengen remittere ue ingesloten sto £ 200:-

3365 934 2456 171 op nosch de medina waer voor gelieft het noodigh te

3360 1019 2362 196 besorgen sal ue p naesten voorders rempes doen ende

3352 1117 2416 196 orde senden voor een partijchen spaensche Laeckens

3360 1200 2359 176 in te booopen als ve het sal oordeelen tot mijn meeste

3373 1308 2446 184 advantagie te eesen want daer en is niets dat presseert

3375 1404 2442 185 en hebbe de drij gearriverde packen  n° 5. 617 noch niet alle

3355 1515 1994 226 becommen ick groete ve in blijve van herten

5008 1646 635 226 ady 22 d. 1709

3264 1635 1146 231 Rotterd:  Meyers

3347 1788 2531 198 de aengenaeme van 19 cou r wel ontfang. het laeste pack

3357 1959 2420 126 n°5 is heden soo tijde alhier aen gecommen als d'andere

3369 2032 2317 137 soo dat het niet fataelder can wesen moete patientie

3361 2122 2446 169 hebben. gelieft voor mij te doen verscheren van London op

3359 2210 2401 149 costen op goederen aen boort de onders schepen

3344 2338 2474 150 die voor nu al behoorden over geweest te hebben met het

3359 2401 2446 203 trans port convoij volgens de adviser van Londen de twee

3353 2508 2421 226 ingeleyde recommandere de voorts ganck te geven voor

3334 2633 1145 196 engelandt en blijve

3335 2722 1991 189 op t schip de hope schipper Jan Dabon ƒ1000:-

3367 2834 2146 185 op t schip de tolcken schipper George matuson ƒ1000:-

4935 2912 573 133 saemens ƒ 2000:-

5156 2967 118 126 d

3268 2945 811 185 Brussel Ansillion

4957 3028 458 122 24 Ditto

3374 3102 2428 188 ie ne doubte pas ou la mienne du 14 cour vous sera

3330 3222 2495 174 bien parvenue avec les eschantillions de draps escarlais

3341 3335 2402 168 ie vous prie m'adviser sl 9 en a qui vous peuvent

3329 3495 2424 142 servir pour les pou voir envoyeer samdy prochain

3325 3586 2555 249 p. las barque ensemble avec les draps rotuges qui seront

3340 3704 2501 199 prests. en touttes occasions il vous plaira commander

3356 3831 871 196 celluy qui le dit
