<?xml version="1.0" encoding="UTF-8"?>
<alto xmlns:xsi="http://www.w3.org/2001/XMLSchema-instance"
      xmlns="http://www.loc.gov/standards/alto/ns-v4#"
      xmlns:page="http://schema.primaresearch.org/PAGE/gts/pagecontent/2013-07-15"
      xsi:schemaLocation="http://www.loc.gov/standards/alto/ns-v4# https://www.loc.gov/standards/alto/v4/alto.xsd">
   <Description>
      <MeasurementUnit>pixel</MeasurementUnit>
      <OCRProcessing ID="IdOcr">
         <ocrProcessingStep>
            <processingDateTime>2022-02-11T21:31:25.691+01:00</processingDateTime>
            <processingSoftware>
               <softwareCreator>READ COOP</softwareCreator>
               <softwareName>Transkribus</softwareName>
            </processingSoftware>
         </ocrProcessingStep>
      </OCRProcessing>
   </Description>
   <Layout>
      <Page ID="Page1" PHYSICAL_IMG_NR="1" HEIGHT="4406" WIDTH="5947">
         <TopMargin HEIGHT="0" WIDTH="5947" VPOS="0" HPOS="0"/>
         <LeftMargin HEIGHT="4406" WIDTH="0" VPOS="0" HPOS="0"/>
         <RightMargin HEIGHT="4406" WIDTH="0" VPOS="0" HPOS="5947"/>
         <BottomMargin HEIGHT="0" WIDTH="5947" VPOS="4406" HPOS="0"/>
         <PrintSpace HEIGHT="4406" WIDTH="5947" VPOS="0" HPOS="0">
            <TextBlock ID="region_1637583607554_262"
                       HEIGHT="4305"
                       WIDTH="2738"
                       VPOS="45"
                       HPOS="354">
               <Shape>
                  <Polygon POINTS="354,45 3092,45 3092,4350 354,4350"/>
               </Shape>
               <TextLine ID="region_1637583607554_262l1"
                         BASELINE="1156,132 1200,131 1245,128 1290,126 1335,126 1380,124 1424,124 1469,124 1514,124 1559,124 1604,125 1648,126 1693,126 1738,126 1783,126 1828,126 1872,126 1917,124 1962,124 2007,122 2052,120"
                         HEIGHT="130"
                         WIDTH="930"
                         VPOS="58"
                         HPOS="1139">
                  <String ID="string_region_1637583607554_262l1"
                          HEIGHT="130"
                          WIDTH="930"
                          VPOS="58"
                          HPOS="1139"
                          CONTENT="P. Samon Bootshaece"/>
               </TextLine>
               <TextLine ID="region_1637583607554_262l2"
                         BASELINE="664,232 707,228 750,225 793,222 837,221 880,220 923,218 967,218 1010,218 1053,218 1097,218 1140,218 1183,218 1226,218 1270,218 1313,216 1356,216 1400,215 1443,214 1486,212 1530,210"
                         HEIGHT="140"
                         WIDTH="898"
                         VPOS="129"
                         HPOS="647">
                  <String ID="string_region_1637583607554_262l2"
                          HEIGHT="140"
                          WIDTH="898"
                          VPOS="129"
                          HPOS="647"
                          CONTENT="no. 8 met 12 witte bollen"/>
               </TextLine>
               <TextLine ID="region_1637583607554_262l3"
                         BASELINE="1494,276 1566,274 1639,272 1711,270 1784,270 1857,270 1929,270 2002,270 2074,272 2147,272 2220,274 2292,276 2365,278 2437,278 2510,280 2583,280 2655,280 2728,282 2800,280 2873,280 2946,278"
                         HEIGHT="200"
                         WIDTH="1486"
                         VPOS="149"
                         HPOS="1478">
                  <String ID="string_region_1637583607554_262l3"
                          HEIGHT="200"
                          WIDTH="1486"
                          VPOS="149"
                          HPOS="1478"
                          CONTENT="&amp; 24 pr. saemen onderde . ƒ 40:-"/>
               </TextLine>
               <TextLine ID="region_1637583607554_262l4"
                         BASELINE="680,300 705,298 730,297 756,296 781,294 806,292 832,292 857,291 882,290 908,290 933,290 959,290 984,290 1009,290 1035,290 1060,290 1085,290 1111,291 1136,292 1162,292"
                         HEIGHT="147"
                         WIDTH="514"
                         VPOS="223"
                         HPOS="664">
                  <String ID="string_region_1637583607554_262l4"
                          HEIGHT="147"
                          WIDTH="514"
                          VPOS="223"
                          HPOS="664"
                          CONTENT="n°.9 met 12 d"/>
               </TextLine>
               <TextLine ID="region_1637583607554_262l5"
                         BASELINE="380,582 508,566 636,552 764,540 892,529 1021,521 1149,513 1277,508 1405,504 1533,500 1662,498 1790,498 1918,498 2046,500 2174,504 2302,509 2431,515 2559,522 2687,530 2815,538 2944,548"
                         HEIGHT="293"
                         WIDTH="2594"
                         VPOS="344"
                         HPOS="364">
                  <String ID="string_region_1637583607554_262l5"
                          HEIGHT="293"
                          WIDTH="2594"
                          VPOS="344"
                          HPOS="364"
                          CONTENT="Brussel Cherte decetvlant enberde aville Ady 73 bere7"/>
               </TextLine>
               <TextLine ID="region_1637583607554_262l6"
                         BASELINE="780,640 810,640 841,640 871,638 902,637 932,636 963,633 993,631 1024,630 1054,628 1085,624 1115,621 1146,619 1176,617 1207,614 1237,612 1268,610 1298,607 1329,606 1359,604 1390,602"
                         HEIGHT="166"
                         WIDTH="647"
                         VPOS="512"
                         HPOS="761">
                  <String ID="string_region_1637583607554_262l6"
                          HEIGHT="166"
                          WIDTH="647"
                          VPOS="512"
                          HPOS="761"
                          CONTENT="halle au bleed"/>
               </TextLine>
               <TextLine ID="region_1637583607554_262l7"
                         BASELINE="652,792 763,788 875,783 986,779 1098,776 1210,772 1321,768 1433,766 1544,764 1656,762 1768,760 1879,758 1991,757 2102,756 2214,756 2326,756 2437,756 2549,756 2660,756 2772,757 2884,758"
                         HEIGHT="249"
                         WIDTH="2264"
                         VPOS="601"
                         HPOS="636">
                  <String ID="string_region_1637583607554_262l7"
                          HEIGHT="249"
                          WIDTH="2264"
                          VPOS="601"
                          HPOS="636"
                          CONTENT="ie vous ay envoyée hier p. la barque march pour Brusselles "/>
               </TextLine>
               <TextLine ID="region_1637583607554_262l8"
                         BASELINE="668,882 784,880 900,878 1016,876 1132,874 1249,872 1365,868 1481,866 1597,864 1713,860 1830,858 1946,856 2062,854 2178,852 2294,850 2411,850 2527,848 2643,850 2759,850 2875,852 2992,854"
                         HEIGHT="143"
                         WIDTH="2358"
                         VPOS="751"
                         HPOS="651">
                  <String ID="string_region_1637583607554_262l8"
                          HEIGHT="143"
                          WIDTH="2358"
                          VPOS="751"
                          HPOS="651"
                          CONTENT="une rolle marque p. ordre et pour compte de mons. Jean"/>
               </TextLine>
               <TextLine ID="region_1637583607554_262l9"
                         BASELINE="654,994 772,994 891,990 1010,988 1129,986 1248,982 1367,980 1486,976 1605,974 1724,970 1843,968 1961,964 2080,962 2199,960 2318,958 2437,956 2556,956 2675,956 2794,956 2913,958 3032,960"
                         HEIGHT="207"
                         WIDTH="2412"
                         VPOS="856"
                         HPOS="636">
                  <String ID="string_region_1637583607554_262l9"
                          HEIGHT="207"
                          WIDTH="2412"
                          VPOS="856"
                          HPOS="636"
                          CONTENT="Bapte Coliuter d'Ath ie ne doubte pas ou il vous aura escript "/>
               </TextLine>
               <TextLine ID="region_1637583607554_262l10"
                         BASELINE="664,1088 778,1086 893,1084 1008,1084 1123,1082 1238,1080 1353,1078 1468,1076 1583,1074 1698,1072 1813,1072 1927,1070 2042,1068 2157,1066 2272,1064 2387,1062 2502,1062 2617,1060 2732,1058 2847,1058 2962,1058"
                         HEIGHT="172"
                         WIDTH="2331"
                         VPOS="957"
                         HPOS="647">
                  <String ID="string_region_1637583607554_262l10"
                          HEIGHT="172"
                          WIDTH="2331"
                          VPOS="957"
                          HPOS="647"
                          CONTENT="surtce mesme suiet. ie vous prie d'en avoir bon soing a luy "/>
               </TextLine>
               <TextLine ID="region_1637583607554_262l11"
                         BASELINE="646,1184 762,1182 878,1182 995,1180 1111,1180 1228,1178 1344,1178 1460,1178 1577,1178 1693,1176 1810,1176 1926,1176 2042,1176 2159,1175 2275,1174 2392,1174 2508,1172 2624,1172 2741,1170 2857,1168 2974,1166"
                         HEIGHT="119"
                         WIDTH="2360"
                         VPOS="1073"
                         HPOS="629">
                  <String ID="string_region_1637583607554_262l11"
                          HEIGHT="119"
                          WIDTH="2360"
                          VPOS="1073"
                          HPOS="629"
                          CONTENT="l'envoyer pr. chartier  dAth et suiere ces ordres at sues "/>
               </TextLine>
               <TextLine ID="region_1637583607554_262l12"
                         BASELINE="406,1452 474,1448 543,1444 612,1440 680,1438 749,1436 818,1433 886,1432 955,1430 1024,1428 1093,1428 1161,1426 1230,1426 1299,1426 1367,1426 1436,1424 1505,1424 1573,1424 1642,1422 1711,1422 1780,1420"
                         HEIGHT="235"
                         WIDTH="1409"
                         VPOS="1274"
                         HPOS="388">
                  <String ID="string_region_1637583607554_262l12"
                          HEIGHT="235"
                          WIDTH="1409"
                          VPOS="1274"
                          HPOS="388"
                          CONTENT="Mons Guilliam Joseph Maille "/>
               </TextLine>
               <TextLine ID="region_1637583607554_262l13"
                         BASELINE="2252,1436 2281,1436 2311,1436 2341,1436 2371,1436 2401,1436 2431,1436 2461,1434 2491,1434 2521,1434 2551,1434 2580,1432 2610,1432 2640,1432 2670,1432 2700,1432 2730,1432 2760,1432 2790,1432 2820,1434 2850,1434"
                         HEIGHT="210"
                         WIDTH="630"
                         VPOS="1300"
                         HPOS="2236">
                  <String ID="string_region_1637583607554_262l13"
                          HEIGHT="210"
                          WIDTH="630"
                          VPOS="1300"
                          HPOS="2236"
                          CONTENT="Adij 23 sber 1703"/>
               </TextLine>
               <TextLine ID="region_1637583607554_262l14"
                         BASELINE="634,1582 751,1580 868,1576 986,1574 1103,1572 1221,1570 1338,1568 1455,1566 1573,1564 1690,1564 1808,1562 1925,1562 2042,1562 2160,1562 2277,1562 2395,1562 2512,1564 2629,1564 2747,1566 2864,1569 2982,1572"
                         HEIGHT="192"
                         WIDTH="2380"
                         VPOS="1433"
                         HPOS="617">
                  <String ID="string_region_1637583607554_262l14"
                          HEIGHT="192"
                          WIDTH="2380"
                          VPOS="1433"
                          HPOS="617"
                          CONTENT="n'ay ereu detemps en temps d'avoir l'honneur de vous voir p. icy pour"/>
               </TextLine>
               <TextLine ID="region_1637583607554_262l15"
                         BASELINE="626,1680 745,1678 864,1676 983,1673 1102,1670 1221,1669 1340,1668 1459,1666 1578,1666 1697,1666 1816,1664 1935,1666 2054,1666 2173,1666 2292,1668 2411,1670 2530,1672 2649,1674 2768,1676 2887,1680 3006,1684"
                         HEIGHT="160"
                         WIDTH="2411"
                         VPOS="1554"
                         HPOS="611">
                  <String ID="string_region_1637583607554_262l15"
                          HEIGHT="160"
                          WIDTH="2411"
                          VPOS="1554"
                          HPOS="611"
                          CONTENT="vous pouvoir faire responce de bouche a les deux vres du 2oxbre et "/>
               </TextLine>
               <TextLine ID="region_1637583607554_262l16"
                         BASELINE="650,1786 768,1782 887,1778 1006,1774 1125,1770 1244,1768 1363,1766 1482,1764 1601,1762 1720,1762 1839,1762 1957,1762 2076,1762 2195,1762 2314,1764 2433,1766 2552,1768 2671,1770 2790,1774 2909,1777 3028,1780"
                         HEIGHT="119"
                         WIDTH="2408"
                         VPOS="1728"
                         HPOS="635">
                  <String ID="string_region_1637583607554_262l16"
                          HEIGHT="119"
                          WIDTH="2408"
                          VPOS="1728"
                          HPOS="635"
                          CONTENT="24 cunvier dernier cependant comme ie ne vois pas d'apparence "/>
               </TextLine>
               <TextLine ID="region_1637583607554_262l17"
                         BASELINE="636,1900 754,1896 872,1892 990,1888 1108,1884 1226,1881 1344,1878 1462,1876 1580,1874 1698,1872 1817,1870 1935,1868 2053,1868 2171,1868 2289,1868 2407,1870 2525,1871 2643,1872 2761,1876 2879,1878 2998,1882"
                         HEIGHT="166"
                         WIDTH="2396"
                         VPOS="1775"
                         HPOS="619">
                  <String ID="string_region_1637583607554_262l17"
                          HEIGHT="166"
                          WIDTH="2396"
                          VPOS="1775"
                          HPOS="619"
                          CONTENT="ie vous dre diraj que telle hestoire ne m'est arrivee de ma vre"/>
               </TextLine>
               <TextLine ID="region_1637583607554_262l18"
                         BASELINE="630,2006 748,2004 866,2002 984,2000 1102,1996 1221,1994 1339,1991 1457,1988 1575,1986 1693,1984 1812,1982 1930,1980 2048,1980 2166,1978 2284,1978 2403,1978 2521,1980 2639,1982 2757,1984 2875,1986 2994,1990"
                         HEIGHT="189"
                         WIDTH="2398"
                         VPOS="1882"
                         HPOS="613">
                  <String ID="string_region_1637583607554_262l18"
                          HEIGHT="189"
                          WIDTH="2398"
                          VPOS="1882"
                          HPOS="613"
                          CONTENT="qu'il ne suffie pas de dire que iay change lex draps et vous en"/>
               </TextLine>
               <TextLine ID="region_1637583607554_262l19"
                         BASELINE="642,2100 762,2100 882,2098 1002,2098 1122,2096 1243,2094 1363,2094 1483,2092 1603,2092 1723,2090 1844,2090 1964,2090 2084,2090 2204,2090 2324,2090 2445,2090 2565,2090 2685,2092 2805,2094 2925,2096 3046,2098"
                         HEIGHT="128"
                         WIDTH="2434"
                         VPOS="2009"
                         HPOS="627">
                  <String ID="string_region_1637583607554_262l19"
                          HEIGHT="128"
                          WIDTH="2434"
                          VPOS="2009"
                          HPOS="627"
                          CONTENT="envoyée qn aultre que n'enssiez achaptez monsieur ie preten de "/>
               </TextLine>
               <TextLine ID="region_1637583607554_262l20"
                         BASELINE="642,2210 762,2208 883,2204 1004,2202 1125,2200 1246,2198 1367,2196 1488,2196 1609,2194 1730,2194 1851,2194 1971,2194 2092,2194 2213,2194 2334,2194 2455,2194 2576,2196 2697,2196 2818,2198 2939,2200 3060,2200"
                         HEIGHT="149"
                         WIDTH="2450"
                         VPOS="2090"
                         HPOS="626">
                  <String ID="string_region_1637583607554_262l20"
                          HEIGHT="149"
                          WIDTH="2450"
                          VPOS="2090"
                          HPOS="626"
                          CONTENT="de faire ma negoce denant Dieu et tout lemonde sans reproche"/>
               </TextLine>
               <TextLine ID="region_1637583607554_262l21"
                         BASELINE="646,2314 765,2312 884,2310 1003,2308 1122,2306 1241,2306 1360,2306 1479,2304 1598,2304 1717,2306 1836,2306 1955,2306 2074,2306 2193,2308 2312,2308 2431,2308 2550,2310 2669,2310 2788,2311 2907,2312 3026,2312"
                         HEIGHT="134"
                         WIDTH="2411"
                         VPOS="2212"
                         HPOS="630">
                  <String ID="string_region_1637583607554_262l21"
                          HEIGHT="134"
                          WIDTH="2411"
                          VPOS="2212"
                          HPOS="630"
                          CONTENT="comme un  honneste homme doibt faire et sur ce pied ie vous "/>
               </TextLine>
               <TextLine ID="region_1637583607554_262l22"
                         BASELINE="640,2420 755,2418 871,2416 987,2413 1103,2412 1219,2410 1335,2410 1451,2408 1567,2408 1683,2408 1799,2406 1914,2406 2030,2406 2146,2406 2262,2406 2378,2406 2494,2406 2610,2406 2726,2406 2842,2406 2958,2406"
                         HEIGHT="118"
                         WIDTH="2351"
                         VPOS="2332"
                         HPOS="624">
                  <String ID="string_region_1637583607554_262l22"
                          HEIGHT="118"
                          WIDTH="2351"
                          VPOS="2332"
                          HPOS="624"
                          CONTENT="dit que ie vous ay envoyee les les mesme drap noir que vous "/>
               </TextLine>
               <TextLine ID="region_1637583607554_262l23"
                         BASELINE="636,2522 750,2520 864,2520 978,2518 1092,2518 1206,2516 1320,2516 1434,2514 1548,2514 1662,2514 1777,2512 1891,2512 2005,2510 2119,2510 2233,2510 2347,2508 2461,2508 2575,2508 2689,2506 2803,2506 2918,2506"
                         HEIGHT="94"
                         WIDTH="2315"
                         VPOS="2448"
                         HPOS="620">
                  <String ID="string_region_1637583607554_262l23"
                          HEIGHT="94"
                          WIDTH="2315"
                          VPOS="2448"
                          HPOS="620"
                          CONTENT="m duez achepte en suitte comme il est marque sur mon"/>
               </TextLine>
               <TextLine ID="region_1637583607554_262l24"
                         BASELINE="638,2650 756,2646 874,2642 993,2638 1111,2636 1230,2634 1348,2632 1466,2630 1585,2628 1703,2628 1822,2626 1940,2626 2058,2626 2177,2626 2295,2626 2414,2626 2532,2626 2650,2628 2769,2628 2887,2628 3006,2628"
                         HEIGHT="170"
                         WIDTH="2399"
                         VPOS="2512"
                         HPOS="622">
                  <String ID="string_region_1637583607554_262l24"
                          HEIGHT="170"
                          WIDTH="2399"
                          VPOS="2512"
                          HPOS="622"
                          CONTENT="livre estant toniours prests de les verifies pr. serment mon"/>
               </TextLine>
               <TextLine ID="region_1637583607554_262l25"
                         BASELINE="640,2752 756,2749 873,2746 990,2744 1106,2742 1223,2742 1340,2742 1456,2740 1573,2740 1690,2742 1807,2742 1923,2742 2040,2742 2157,2744 2273,2744 2390,2744 2507,2744 2623,2742 2740,2742 2857,2740 2974,2738"
                         HEIGHT="180"
                         WIDTH="2366"
                         VPOS="2634"
                         HPOS="624">
                  <String ID="string_region_1637583607554_262l25"
                          HEIGHT="180"
                          WIDTH="2366"
                          VPOS="2634"
                          HPOS="624"
                          CONTENT="mon garcong de boutique ne  pacte la marchandise"/>
               </TextLine>
               <TextLine ID="region_1637583607554_262l26"
                         BASELINE="650,2862 768,2860 887,2860 1006,2860 1125,2858 1244,2858 1362,2858 1481,2858 1600,2856 1719,2856 1838,2856 1956,2856 2075,2855 2194,2854 2313,2854 2432,2854 2550,2854 2669,2852 2788,2852 2907,2852 3026,2852"
                         HEIGHT="178"
                         WIDTH="2408"
                         VPOS="2741"
                         HPOS="633">
                  <String ID="string_region_1637583607554_262l26"
                          HEIGHT="178"
                          WIDTH="2408"
                          VPOS="2741"
                          HPOS="633"
                          CONTENT="qu'en ma presence dont i'ay un soing particulier de regarder"/>
               </TextLine>
               <TextLine ID="region_1637583607554_262l27"
                         BASELINE="650,2974 762,2972 875,2970 987,2968 1100,2968 1212,2968 1325,2970 1437,2970 1550,2972 1662,2974 1775,2976 1887,2976 2000,2978 2112,2978 2225,2980 2337,2978 2450,2978 2562,2976 2675,2974 2787,2970 2900,2964"
                         HEIGHT="173"
                         WIDTH="2283"
                         VPOS="2881"
                         HPOS="633">
                  <String ID="string_region_1637583607554_262l27"
                          HEIGHT="173"
                          WIDTH="2283"
                          VPOS="2881"
                          HPOS="633"
                          CONTENT="la marchandise le n° 49 que l'aulneur marque sur son"/>
               </TextLine>
               <TextLine ID="region_1637583607554_262l28"
                         BASELINE="662,3106 777,3104 892,3102 1008,3100 1123,3100 1239,3098 1354,3098 1469,3098 1585,3096 1700,3096 1816,3096 1931,3096 2046,3096 2162,3096 2277,3098 2393,3098 2508,3098 2623,3098 2739,3100 2854,3100 2970,3100"
                         HEIGHT="138"
                         WIDTH="2340"
                         VPOS="3019"
                         HPOS="646">
                  <String ID="string_region_1637583607554_262l28"
                          HEIGHT="138"
                          WIDTH="2340"
                          VPOS="3019"
                          HPOS="646"
                          CONTENT="billiet cest lenumera du fubrieateur que vous trouverez pres"/>
               </TextLine>
               <TextLine ID="region_1637583607554_262l29"
                         BASELINE="640,3210 757,3211 875,3212 993,3212 1110,3212 1228,3212 1346,3212 1463,3210 1581,3210 1699,3208 1817,3208 1934,3208 2052,3208 2170,3208 2287,3208 2405,3210 2523,3214 2640,3217 2758,3222 2876,3228 2994,3236"
                         HEIGHT="143"
                         WIDTH="2389"
                         VPOS="3132"
                         HPOS="623">
                  <String ID="string_region_1637583607554_262l29"
                          HEIGHT="143"
                          WIDTH="2389"
                          VPOS="3132"
                          HPOS="623"
                          CONTENT="de la lisiere du drap mais point sur mon plon ou la toillette "/>
               </TextLine>
               <TextLine ID="region_1637583607554_262l30"
                         BASELINE="634,3326 748,3326 863,3326 978,3328 1093,3328 1208,3328 1323,3328 1438,3328 1553,3328 1668,3328 1783,3328 1897,3328 2012,3330 2127,3330 2242,3332 2357,3333 2472,3336 2587,3338 2702,3342 2817,3346 2932,3350"
                         HEIGHT="155"
                         WIDTH="2331"
                         VPOS="3238"
                         HPOS="619">
                  <String ID="string_region_1637583607554_262l30"
                          HEIGHT="155"
                          WIDTH="2331"
                          VPOS="3238"
                          HPOS="619"
                          CONTENT="ou en veloppe croyez mons. que vous m'avez cause pr. ce la "/>
               </TextLine>
               <TextLine ID="region_1637583607554_262l31"
                         BASELINE="662,3464 775,3462 889,3458 1003,3456 1117,3454 1231,3454 1345,3452 1459,3452 1573,3452 1687,3452 1801,3452 1914,3452 2028,3454 2142,3455 2256,3456 2370,3458 2484,3461 2598,3464 2712,3466 2826,3468 2940,3472"
                         HEIGHT="153"
                         WIDTH="2309"
                         VPOS="3347"
                         HPOS="646">
                  <String ID="string_region_1637583607554_262l31"
                          HEIGHT="153"
                          WIDTH="2309"
                          VPOS="3347"
                          HPOS="646"
                          CONTENT="beacoup du chagrin et que vous auez affaire a un homme"/>
               </TextLine>
               <TextLine ID="region_1637583607554_262l32"
                         BASELINE="638,3574 753,3572 869,3572 985,3572 1101,3572 1217,3572 1333,3572 1449,3572 1565,3572 1681,3572 1797,3573 1912,3574 2028,3574 2144,3576 2260,3578 2376,3580 2492,3582 2608,3584 2724,3586 2840,3588 2956,3592"
                         HEIGHT="209"
                         WIDTH="2351"
                         VPOS="3454"
                         HPOS="621">
                  <String ID="string_region_1637583607554_262l32"
                          HEIGHT="209"
                          WIDTH="2351"
                          VPOS="3454"
                          HPOS="621"
                          CONTENT="qui pour tout le bien de la terre ne voudroit faire aucun"/>
               </TextLine>
               <TextLine ID="region_1637583607554_262l33"
                         BASELINE="652,3670 766,3672 880,3672 994,3674 1108,3676 1222,3676 1336,3678 1450,3680 1564,3682 1678,3684 1792,3686 1906,3688 2020,3690 2134,3692 2248,3695 2362,3698 2476,3700 2590,3702 2704,3704 2818,3706 2932,3708"
                         HEIGHT="167"
                         WIDTH="2313"
                         VPOS="3606"
                         HPOS="635">
                  <String ID="string_region_1637583607554_262l33"
                          HEIGHT="167"
                          WIDTH="2313"
                          VPOS="3606"
                          HPOS="635"
                          CONTENT="fort apersonne vous me devez de carisees et bayes vous "/>
               </TextLine>
               <TextLine ID="region_1637583607554_262l34"
                         BASELINE="636,3794 752,3794 869,3794 986,3794 1103,3796 1220,3798 1336,3799 1453,3802 1570,3804 1687,3806 1804,3808 1920,3812 2037,3814 2154,3816 2271,3818 2388,3822 2504,3824 2621,3826 2738,3828 2855,3830 2972,3832"
                         HEIGHT="218"
                         WIDTH="2371"
                         VPOS="3682"
                         HPOS="619">
                  <String ID="string_region_1637583607554_262l34"
                          HEIGHT="218"
                          WIDTH="2371"
                          VPOS="3682"
                          HPOS="619"
                          CONTENT="envoyee le 4 gbre passe £19:5:- de change ce que ie vous "/>
               </TextLine>
               <TextLine ID="region_1637583607554_262l35"
                         BASELINE="656,3920 717,3920 778,3920 839,3920 900,3920 961,3918 1022,3918 1083,3916 1144,3916 1205,3914 1266,3914 1327,3912 1388,3912 1449,3912 1510,3914 1571,3914 1632,3917 1693,3920 1754,3923 1815,3929 1876,3934"
                         HEIGHT="171"
                         WIDTH="1251"
                         VPOS="3808"
                         HPOS="641">
                  <String ID="string_region_1637583607554_262l35"
                          HEIGHT="171"
                          WIDTH="1251"
                          VPOS="3808"
                          HPOS="641"
                          CONTENT="prie de me remettre et suis @"/>
               </TextLine>
               <TextLine ID="region_1637583607554_262l36"
                         BASELINE="406,4102 481,4099 557,4098 632,4095 708,4092 784,4091 859,4088 935,4087 1010,4086 1086,4084 1162,4082 1237,4080 1313,4079 1388,4078 1464,4076 1540,4076 1615,4074 1691,4073 1766,4072 1842,4072 1918,4070"
                         HEIGHT="161"
                         WIDTH="1548"
                         VPOS="3958"
                         HPOS="387">
                  <String ID="string_region_1637583607554_262l36"
                          HEIGHT="161"
                          WIDTH="1548"
                          VPOS="3958"
                          HPOS="387"
                          CONTENT="Chatean cambresie Nicolas Deulin"/>
               </TextLine>
               <TextLine ID="region_1637583607554_262l37"
                         BASELINE="2372,4100 2405,4103 2439,4105 2472,4107 2506,4108 2540,4110 2573,4111 2607,4113 2640,4114 2674,4115 2708,4116 2741,4117 2775,4118 2808,4118 2842,4118 2876,4119 2909,4120 2943,4120 2976,4120 3010,4120 3044,4120"
                         HEIGHT="222"
                         WIDTH="707"
                         VPOS="3976"
                         HPOS="2354">
                  <String ID="string_region_1637583607554_262l37"
                          HEIGHT="222"
                          WIDTH="707"
                          VPOS="3976"
                          HPOS="2354"
                          CONTENT="Adij 24 sber 1707"/>
               </TextLine>
               <TextLine ID="region_1637583607554_262l38"
                         BASELINE="606,4298 729,4296 852,4296 975,4296 1098,4296 1221,4296 1344,4298 1467,4298 1590,4298 1713,4300 1836,4300 1959,4300 2082,4300 2205,4300 2328,4298 2451,4297 2574,4295 2697,4292 2820,4288 2943,4284 3066,4278"
                         HEIGHT="194"
                         WIDTH="2495"
                         VPOS="4180"
                         HPOS="589">
                  <String ID="string_region_1637583607554_262l38"
                          HEIGHT="194"
                          WIDTH="2495"
                          VPOS="4180"
                          HPOS="589"
                          CONTENT="ie vient de receuoir la chere vre du 18 du court pour responce "/>
               </TextLine>
            </TextBlock>
            <TextBlock ID="region_1637583611289_265"
                       HEIGHT="4311"
                       WIDTH="2770"
                       VPOS="39"
                       HPOS="3108">
               <Shape>
                  <Polygon POINTS="3108,39 5878,39 5878,4350 3108,4350"/>
               </Shape>
               <TextLine ID="region_1637583611289_265l1"
                         BASELINE="3354,112 3466,114 3578,116 3690,118 3802,119 3915,120 4027,122 4139,124 4251,124 4363,126 4476,126 4588,128 4700,128 4812,128 4924,130 5037,130 5149,132 5261,132 5373,134 5485,135 5598,136"
                         HEIGHT="118"
                         WIDTH="2276"
                         VPOS="65"
                         HPOS="3337">
                  <String ID="string_region_1637583611289_265l1"
                          HEIGHT="118"
                          WIDTH="2276"
                          VPOS="65"
                          HPOS="3337"
                          CONTENT="i'ay le plus beau magasin et assortiment de toutte sorte de"/>
               </TextLine>
               <TextLine ID="region_1637583611289_265l2"
                         BASELINE="3328,202 3450,200 3573,200 3695,202 3818,202 3941,202 4063,204 4186,206 4308,206 4431,208 4554,210 4676,212 4799,214 4921,216 5044,217 5167,218 5289,220 5412,221 5534,222 5657,222 5780,224"
                         HEIGHT="124"
                         WIDTH="2483"
                         VPOS="138"
                         HPOS="3313">
                  <String ID="string_region_1637583611289_265l2"
                          HEIGHT="124"
                          WIDTH="2483"
                          VPOS="138"
                          HPOS="3313"
                          CONTENT="manufactures d'Anglettere que lon puis vois il'est inutil de vous"/>
               </TextLine>
               <TextLine ID="region_1637583611289_265l3"
                         BASELINE="3336,282 3456,282 3577,282 3698,282 3818,282 3939,282 4060,284 4180,286 4301,286 4422,289 4543,290 4663,292 4784,295 4905,297 5025,300 5146,302 5267,303 5387,304 5508,306 5629,307 5750,308"
                         HEIGHT="101"
                         WIDTH="2444"
                         VPOS="235"
                         HPOS="3321">
                  <String ID="string_region_1637583611289_265l3"
                          HEIGHT="101"
                          WIDTH="2444"
                          VPOS="235"
                          HPOS="3321"
                          CONTENT="en voyyer des eschantillions car iay troip grosse partie de draps "/>
               </TextLine>
               <TextLine ID="region_1637583611289_265l4"
                         BASELINE="3344,364 3464,362 3584,360 3704,358 3824,358 3944,358 4064,358 4184,360 4304,361 4424,362 4544,365 4664,368 4784,370 4904,374 5024,376 5144,380 5264,383 5384,386 5504,389 5624,392 5744,394"
                         HEIGHT="115"
                         WIDTH="2431"
                         VPOS="311"
                         HPOS="3329">
                  <String ID="string_region_1637583611289_265l4"
                          HEIGHT="115"
                          WIDTH="2431"
                          VPOS="311"
                          HPOS="3329"
                          CONTENT="et ie ne me peut pas de faire de mes monstres si vos Amis en "/>
               </TextLine>
               <TextLine ID="region_1637583611289_265l5"
                         BASELINE="3356,454 3477,450 3599,448 3721,446 3842,446 3964,446 4086,446 4207,446 4329,446 4451,448 4573,450 4694,452 4816,454 4938,456 5059,460 5181,462 5303,466 5424,470 5546,473 5668,476 5790,480"
                         HEIGHT="122"
                         WIDTH="2470"
                         VPOS="385"
                         HPOS="3338">
                  <String ID="string_region_1637583611289_265l5"
                          HEIGHT="122"
                          WIDTH="2470"
                          VPOS="385"
                          HPOS="3338"
                          CONTENT="ont besoing et sont d'intention de me venir voir ils peuvente"/>
               </TextLine>
               <TextLine ID="region_1637583611289_265l6"
                         BASELINE="3334,532 3456,532 3579,534 3701,534 3824,534 3947,536 4069,536 4192,538 4314,538 4437,540 4560,542 4682,542 4805,544 4927,546 5050,550 5173,552 5295,556 5418,559 5540,563 5663,568 5786,574"
                         HEIGHT="127"
                         WIDTH="2486"
                         VPOS="477"
                         HPOS="3317">
                  <String ID="string_region_1637583611289_265l6"
                          HEIGHT="127"
                          WIDTH="2486"
                          VPOS="477"
                          HPOS="3317"
                          CONTENT="estre asseure qu'ils trouveront leurs assortiment de toute sorte"/>
               </TextLine>
               <TextLine ID="region_1637583611289_265l7"
                         BASELINE="3358,638 3479,634 3601,630 3722,627 3844,624 3966,624 4087,622 4209,622 4330,624 4452,624 4574,626 4695,628 4817,630 4938,632 5060,636 5182,638 5303,642 5425,644 5546,648 5668,650 5790,654"
                         HEIGHT="169"
                         WIDTH="2467"
                         VPOS="529"
                         HPOS="3341">
                  <String ID="string_region_1637583611289_265l7"
                          HEIGHT="169"
                          WIDTH="2467"
                          VPOS="529"
                          HPOS="3341"
                          CONTENT="calite et poux il m'est indifferendt de vendre ouen argent"/>
               </TextLine>
               <TextLine ID="region_1637583611289_265l8"
                         BASELINE="3358,732 3476,728 3594,724 3712,721 3830,718 3948,718 4066,716 4184,716 4302,716 4420,718 4538,718 4656,720 4774,722 4892,724 5010,726 5128,728 5246,730 5364,733 5482,736 5600,738 5718,740"
                         HEIGHT="133"
                         WIDTH="2392"
                         VPOS="666"
                         HPOS="3343">
                  <String ID="string_region_1637583611289_265l8"
                          HEIGHT="133"
                          WIDTH="2392"
                          VPOS="666"
                          HPOS="3343"
                          CONTENT="long ou en argent de chargge i'ay de draps de 38 pattars"/>
               </TextLine>
               <TextLine ID="region_1637583611289_265l9"
                         BASELINE="3350,826 3470,824 3591,824 3712,822 3832,822 3953,822 4074,820 4194,820 4315,820 4436,820 4557,822 4677,822 4798,824 4919,826 5039,828 5160,830 5281,834 5401,838 5522,842 5643,848 5764,854"
                         HEIGHT="157"
                         WIDTH="2447"
                         VPOS="726"
                         HPOS="3333">
                  <String ID="string_region_1637583611289_265l9"
                          HEIGHT="157"
                          WIDTH="2447"
                          VPOS="726"
                          HPOS="3333"
                          CONTENT="42.45.48 a 56 s54 double presse de foutes couleures draps fins "/>
               </TextLine>
               <TextLine ID="region_1637583611289_265l10"
                         BASELINE="3362,918 3481,920 3600,922 3719,922 3839,924 3958,924 4077,925 4197,926 4316,926 4435,926 4555,926 4674,928 4793,928 4912,930 5032,932 5151,934 5270,938 5390,942 5509,946 5628,951 5748,958"
                         HEIGHT="154"
                         WIDTH="2419"
                         VPOS="831"
                         HPOS="3345">
                  <String ID="string_region_1637583611289_265l10"
                          HEIGHT="154"
                          WIDTH="2419"
                          VPOS="831"
                          HPOS="3345"
                          CONTENT="de ƒ3:- ƒ3:10 ƒ3:18. ƒ 4:- ƒ 4:4 ƒ 4:10 ƒ 4815 ƒ a ƒ5 ƒ 5:5 ƒ 5:16 a ƒ 6 les"/>
               </TextLine>
               <TextLine ID="region_1637583611289_265l11"
                         BASELINE="3360,1038 3475,1038 3590,1038 3705,1036 3820,1036 3935,1036 4050,1034 4165,1034 4280,1034 4395,1034 4511,1034 4626,1034 4741,1034 4856,1034 4971,1036 5086,1038 5201,1040 5316,1042 5431,1044 5546,1048 5662,1052"
                         HEIGHT="122"
                         WIDTH="2335"
                         VPOS="946"
                         HPOS="3343">
                  <String ID="string_region_1637583611289_265l11"
                          HEIGHT="122"
                          WIDTH="2335"
                          VPOS="946"
                          HPOS="3343"
                          CONTENT="superfins 2 'attenderay l'honneur de vous troirset ie vous"/>
               </TextLine>
               <TextLine ID="region_1637583611289_265l12"
                         BASELINE="3362,1148 3482,1146 3603,1142 3724,1140 3845,1140 3966,1138 4086,1136 4207,1136 4328,1134 4449,1134 4570,1134 4690,1134 4811,1136 4932,1138 5053,1140 5174,1142 5294,1146 5415,1149 5536,1153 5657,1158 5778,1164"
                         HEIGHT="170"
                         WIDTH="2450"
                         VPOS="1059"
                         HPOS="3344">
                  <String ID="string_region_1637583611289_265l12"
                          HEIGHT="170"
                          WIDTH="2450"
                          VPOS="1059"
                          HPOS="3344"
                          CONTENT="puis sasseurer que vous ne trouverez parsonne qu'il vous"/>
               </TextLine>
               <TextLine ID="region_1637583611289_265l13"
                         BASELINE="3364,1254 3473,1254 3582,1254 3691,1254 3800,1254 3909,1252 4018,1252 4127,1250 4236,1250 4345,1248 4454,1248 4563,1246 4672,1246 4781,1248 4890,1248 4999,1250 5108,1254 5217,1257 5326,1261 5435,1268 5544,1274"
                         HEIGHT="205"
                         WIDTH="2213"
                         VPOS="1140"
                         HPOS="3349">
                  <String ID="string_region_1637583611289_265l13"
                          HEIGHT="205"
                          WIDTH="2213"
                          VPOS="1140"
                          HPOS="3349"
                          CONTENT="vendra mellieur marche que mos qui suis "/>
               </TextLine>
               <TextLine ID="region_1637583611289_265l14"
                         BASELINE="3120,1428 3246,1424 3373,1420 3500,1418 3627,1416 3754,1414 3880,1414 4007,1416 4134,1418 4261,1420 4388,1424 4514,1427 4641,1432 4768,1436 4895,1441 5022,1446 5148,1452 5275,1458 5402,1463 5529,1468 5656,1474"
                         HEIGHT="258"
                         WIDTH="2575"
                         VPOS="1282"
                         HPOS="3101">
                  <String ID="string_region_1637583611289_265l14"
                          HEIGHT="258"
                          WIDTH="2575"
                          VPOS="1282"
                          HPOS="3101"
                          CONTENT="London Scaven en Stockdale  Adij 26 gber 1707"/>
               </TextLine>
               <TextLine ID="region_1637583611289_265l15"
                         BASELINE="3348,1568 3467,1570 3586,1574 3705,1576 3824,1578 3943,1580 4062,1582 4181,1585 4300,1586 4419,1588 4539,1590 4658,1592 4777,1594 4896,1596 5015,1598 5134,1600 5253,1602 5372,1604 5491,1605 5610,1606 5730,1608"
                         HEIGHT="213"
                         WIDTH="2415"
                         VPOS="1464"
                         HPOS="3331">
                  <String ID="string_region_1637583611289_265l15"
                          HEIGHT="213"
                          WIDTH="2415"
                          VPOS="1464"
                          HPOS="3331"
                          CONTENT="j'aij bien receu en son temps les cheres vres du 19et 29 du passe les"/>
               </TextLine>
               <TextLine ID="region_1637583611289_265l16"
                         BASELINE="3352,1680 3471,1682 3591,1686 3710,1688 3830,1690 3950,1692 4069,1694 4189,1695 4308,1696 4428,1698 4548,1698 4667,1700 4787,1700 4906,1702 5026,1704 5146,1706 5265,1708 5385,1712 5504,1715 5624,1719 5744,1724"
                         HEIGHT="148"
                         WIDTH="2425"
                         VPOS="1599"
                         HPOS="3335">
                  <String ID="string_region_1637583611289_265l16"
                          HEIGHT="148"
                          WIDTH="2425"
                          VPOS="1599"
                          HPOS="3335"
                          CONTENT="veaisseaus son grace au signeur bien arrivee a ostende vous -"/>
               </TextLine>
               <TextLine ID="region_1637583611289_265l17"
                         BASELINE="3360,1780 3479,1784 3599,1786 3718,1788 3838,1790 3957,1792 4077,1792 4196,1794 4316,1796 4435,1796 4555,1798 4674,1798 4794,1800 4913,1800 5033,1802 5152,1804 5272,1806 5391,1809 5511,1812 5630,1815 5750,1820"
                         HEIGHT="136"
                         WIDTH="2425"
                         VPOS="1721"
                         HPOS="3343">
                  <String ID="string_region_1637583611289_265l17"
                          HEIGHT="136"
                          WIDTH="2425"
                          VPOS="1721"
                          HPOS="3343"
                          CONTENT="m 'envoyez compte de fraix de 9 balles cottons pr. la vre du 29 du "/>
               </TextLine>
               <TextLine ID="region_1637583611289_265l18"
                         BASELINE="3372,1892 3490,1894 3608,1896 3726,1896 3844,1898 3962,1900 4080,1900 4198,1902 4316,1902 4434,1904 4553,1904 4671,1906 4789,1906 4907,1907 5025,1908 5143,1908 5261,1910 5379,1912 5497,1912 5615,1914 5734,1916"
                         HEIGHT="136"
                         WIDTH="2396"
                         VPOS="1834"
                         HPOS="3356">
                  <String ID="string_region_1637583611289_265l18"
                          HEIGHT="136"
                          WIDTH="2396"
                          VPOS="1834"
                          HPOS="3356"
                          CONTENT="passe portant  £24:9:6 dont ie suis bien surpris si ie vous doibt"/>
               </TextLine>
               <TextLine ID="region_1637583611289_265l19"
                         BASELINE="3356,1994 3478,1996 3601,2000 3723,2002 3846,2002 3968,2004 4091,2005 4213,2006 4336,2006 4458,2006 4581,2006 4703,2008 4826,2008 4948,2008 5071,2008 5193,2009 5316,2010 5438,2011 5561,2012 5683,2014 5806,2016"
                         HEIGHT="141"
                         WIDTH="2483"
                         VPOS="1939"
                         HPOS="3340">
                  <String ID="string_region_1637583611289_265l19"
                          HEIGHT="141"
                          WIDTH="2483"
                          VPOS="1939"
                          HPOS="3340"
                          CONTENT="faire bon ces  £24:9:6 i'au ray lieu de me plaindre car ie porderne"/>
               </TextLine>
               <TextLine ID="region_1637583611289_265l20"
                         BASELINE="3368,2102 3487,2104 3607,2106 3727,2108 3847,2108 3967,2108 4087,2108 4207,2108 4327,2108 4447,2108 4567,2108 4686,2108 4806,2108 4926,2108 5046,2108 5166,2108 5286,2110 5406,2110 5526,2112 5646,2114 5766,2116"
                         HEIGHT="137"
                         WIDTH="2430"
                         VPOS="2050"
                         HPOS="3351">
                  <String ID="string_region_1637583611289_265l20"
                          HEIGHT="137"
                          WIDTH="2430"
                          VPOS="2050"
                          HPOS="3351"
                          CONTENT="gros appres les cottons ilest vray ma commis unerreur ie n'ay pas "/>
               </TextLine>
               <TextLine ID="region_1637583611289_265l21"
                         BASELINE="3342,2216 3464,2216 3587,2214 3710,2214 3833,2214 3956,2214 4079,2214 4202,2214 4325,2214 4448,2212 4571,2212 4693,2212 4816,2212 4939,2212 5062,2212 5185,2212 5308,2212 5431,2212 5554,2212 5677,2212 5800,2212"
                         HEIGHT="136"
                         WIDTH="2491"
                         VPOS="2109"
                         HPOS="3325">
                  <String ID="string_region_1637583611289_265l21"
                          HEIGHT="136"
                          WIDTH="2491"
                          VPOS="2109"
                          HPOS="3325"
                          CONTENT="seeil que vous estiez en disbourse pour les dits cottons ie suis prests"/>
               </TextLine>
               <TextLine ID="region_1637583611289_265l22"
                         BASELINE="3366,2322 3485,2320 3605,2320 3724,2318 3844,2316 3963,2316 4083,2314 4202,2314 4322,2312 4441,2312 4561,2312 4680,2310 4800,2310 4919,2310 5039,2310 5158,2310 5278,2310 5397,2310 5517,2310 5636,2311 5756,2312"
                         HEIGHT="149"
                         WIDTH="2424"
                         VPOS="2247"
                         HPOS="3348">
                  <String ID="string_region_1637583611289_265l22"
                          HEIGHT="149"
                          WIDTH="2424"
                          VPOS="2247"
                          HPOS="3348"
                          CONTENT="pou vous soulager pour l'interest pour l'avenir quant vous -"/>
               </TextLine>
               <TextLine ID="region_1637583611289_265l23"
                         BASELINE="3370,2422 3488,2421 3606,2420 3724,2418 3842,2416 3960,2416 4078,2414 4196,2414 4314,2412 4432,2412 4551,2412 4669,2412 4787,2410 4905,2410 5023,2410 5141,2410 5259,2410 5377,2410 5495,2408 5613,2408 5732,2408"
                         HEIGHT="125"
                         WIDTH="2396"
                         VPOS="2315"
                         HPOS="3354">
                  <String ID="string_region_1637583611289_265l23"
                          HEIGHT="125"
                          WIDTH="2396"
                          VPOS="2315"
                          HPOS="3354"
                          CONTENT="serez en disbourse vous me ferez plaisir de me l'escrire et "/>
               </TextLine>
               <TextLine ID="region_1637583611289_265l24"
                         BASELINE="3364,2516 3485,2514 3606,2512 3728,2512 3849,2510 3971,2510 4092,2510 4213,2510 4335,2510 4456,2510 4578,2512 4699,2512 4820,2512 4942,2512 5063,2512 5185,2512 5306,2512 5427,2512 5549,2510 5670,2508 5792,2506"
                         HEIGHT="120"
                         WIDTH="2463"
                         VPOS="2437"
                         HPOS="3346">
                  <String ID="string_region_1637583611289_265l24"
                          HEIGHT="120"
                          WIDTH="2463"
                          VPOS="2437"
                          HPOS="3346"
                          CONTENT="advertir tout francq car ie presend d'estre servi comme il fault "/>
               </TextLine>
               <TextLine ID="region_1637583611289_265l25"
                         BASELINE="3356,2622 3474,2622 3593,2622 3711,2622 3830,2622 3949,2620 4067,2620 4186,2620 4304,2618 4423,2618 4542,2616 4660,2616 4779,2614 4897,2614 5016,2612 5135,2612 5253,2610 5372,2608 5490,2608 5609,2606 5728,2604"
                         HEIGHT="126"
                         WIDTH="2405"
                         VPOS="2522"
                         HPOS="3339">
                  <String ID="string_region_1637583611289_265l25"
                          HEIGHT="126"
                          WIDTH="2405"
                          VPOS="2522"
                          HPOS="3339"
                          CONTENT="et ie n'ay pas a faire de toute ces fraix si mes remises ne vous"/>
               </TextLine>
               <TextLine ID="region_1637583611289_265l26"
                         BASELINE="3352,2744 3474,2739 3597,2736 3719,2732 3842,2730 3965,2728 4087,2726 4210,2724 4332,2724 4455,2724 4578,2722 4700,2722 4823,2722 4945,2720 5068,2720 5191,2718 5313,2716 5436,2714 5558,2712 5681,2709 5804,2706"
                         HEIGHT="182"
                         WIDTH="2486"
                         VPOS="2623"
                         HPOS="3334">
                  <String ID="string_region_1637583611289_265l26"
                          HEIGHT="182"
                          WIDTH="2486"
                          VPOS="2623"
                          HPOS="3334"
                          CONTENT="convenient pas vous n'avez quez me l'advertir et ie vous donneraz"/>
               </TextLine>
               <TextLine ID="region_1637583611289_265l27"
                         BASELINE="3340,2864 3462,2858 3585,2852 3708,2848 3831,2844 3954,2841 4077,2838 4200,2838 4323,2836 4446,2834 4569,2834 4691,2834 4814,2832 4937,2832 5060,2832 5183,2830 5306,2828 5429,2826 5552,2824 5675,2821 5798,2818"
                         HEIGHT="169"
                         WIDTH="2492"
                         VPOS="2725"
                         HPOS="3322">
                  <String ID="string_region_1637583611289_265l27"
                          HEIGHT="169"
                          WIDTH="2492"
                          VPOS="2725"
                          HPOS="3322"
                          CONTENT="ondre de temps en temps pourtirer car il fault necessarrement"/>
               </TextLine>
               <TextLine ID="region_1637583611289_265l28"
                         BASELINE="3360,2978 3482,2970 3604,2965 3726,2960 3849,2955 3971,2952 4093,2950 4216,2948 4338,2948 4460,2946 4583,2946 4705,2946 4827,2946 4949,2946 5072,2944 5194,2944 5316,2942 5439,2939 5561,2935 5683,2931 5806,2926"
                         HEIGHT="185"
                         WIDTH="2479"
                         VPOS="2834"
                         HPOS="3344">
                  <String ID="string_region_1637583611289_265l28"
                          HEIGHT="185"
                          WIDTH="2479"
                          VPOS="2834"
                          HPOS="3344"
                          CONTENT="menager a present tout cel que l'on peut eu ily a pas moisen"/>
               </TextLine>
               <TextLine ID="region_1637583611289_265l29"
                         BASELINE="3344,3094 3466,3086 3589,3079 3712,3073 3835,3068 3958,3066 4081,3064 4204,3062 4327,3060 4450,3060 4573,3060 4695,3060 4818,3059 4941,3058 5064,3057 5187,3055 5310,3052 5433,3048 5556,3043 5679,3036 5802,3028"
                         HEIGHT="233"
                         WIDTH="2492"
                         VPOS="2935"
                         HPOS="3327">
                  <String ID="string_region_1637583611289_265l29"
                          HEIGHT="233"
                          WIDTH="2492"
                          VPOS="2935"
                          HPOS="3327"
                          CONTENT="pour pouvoir continser ces affaires ie vous auray donné quelques"/>
               </TextLine>
               <TextLine ID="region_1637583611289_265l30"
                         BASELINE="3344,3196 3466,3188 3588,3183 3711,3178 3833,3174 3956,3172 4078,3168 4200,3168 4323,3166 4445,3166 4568,3164 4690,3164 4812,3164 4935,3164 5057,3164 5180,3164 5302,3162 5424,3160 5547,3158 5669,3156 5792,3152"
                         HEIGHT="141"
                         WIDTH="2482"
                         VPOS="3108"
                         HPOS="3327">
                  <String ID="string_region_1637583611289_265l30"
                          HEIGHT="141"
                          WIDTH="2482"
                          VPOS="3108"
                          HPOS="3327"
                          CONTENT="p. cette occasion mais ie n'ose pas  d'oresnauant ie ne vous"/>
               </TextLine>
               <TextLine ID="region_1637583611289_265l31"
                         BASELINE="3356,3308 3473,3302 3591,3296 3709,3292 3827,3288 3945,3286 4062,3282 4180,3280 4298,3276 4416,3274 4534,3272 4651,3270 4769,3268 4887,3267 5005,3266 5123,3264 5240,3262 5358,3258 5476,3256 5594,3254 5712,3250"
                         HEIGHT="166"
                         WIDTH="2389"
                         VPOS="3192"
                         HPOS="3339">
                  <String ID="string_region_1637583611289_265l31"
                          HEIGHT="166"
                          WIDTH="2389"
                          VPOS="3192"
                          HPOS="3339"
                          CONTENT=" donneray aueun ordre ou ie vous envoyeray auparavant"/>
               </TextLine>
               <TextLine ID="region_1637583611289_265l32"
                         BASELINE="3356,3420 3475,3413 3594,3406 3713,3402 3832,3398 3951,3394 4070,3390 4189,3386 4308,3384 4427,3382 4546,3379 4665,3376 4784,3374 4903,3372 5022,3370 5141,3366 5260,3364 5379,3360 5498,3356 5617,3352 5736,3348"
                         HEIGHT="227"
                         WIDTH="2414"
                         VPOS="3258"
                         HPOS="3338">
                  <String ID="string_region_1637583611289_265l32"
                          HEIGHT="227"
                          WIDTH="2414"
                          VPOS="3258"
                          HPOS="3338"
                          CONTENT="mes remises car il fault que la marchandise soit achepte"/>
               </TextLine>
               <TextLine ID="region_1637583611289_265l33"
                         BASELINE="3360,3538 3480,3529 3600,3520 3720,3514 3840,3508 3960,3503 4080,3500 4200,3496 4320,3492 4440,3490 4560,3486 4680,3484 4800,3482 4920,3480 5040,3477 5160,3474 5280,3471 5400,3468 5520,3463 5640,3458 5760,3452"
                         HEIGHT="193"
                         WIDTH="2434"
                         VPOS="3394"
                         HPOS="3343">
                  <String ID="string_region_1637583611289_265l33"
                          HEIGHT="193"
                          WIDTH="2434"
                          VPOS="3394"
                          HPOS="3343"
                          CONTENT="a bon marché au il n'ya pas moyen pour pouvoir profiter"/>
               </TextLine>
               <TextLine ID="region_1637583611289_265l34"
                         BASELINE="3338,3642 3460,3636 3582,3629 3705,3624 3827,3618 3950,3614 4072,3610 4194,3608 4317,3606 4439,3602 4562,3600 4684,3598 4806,3596 4929,3594 5051,3592 5174,3590 5296,3588 5418,3586 5541,3584 5663,3580 5786,3576"
                         HEIGHT="169"
                         WIDTH="2480"
                         VPOS="3500"
                         HPOS="3322">
                  <String ID="string_region_1637583611289_265l34"
                          HEIGHT="169"
                          WIDTH="2480"
                          VPOS="3500"
                          HPOS="3322"
                          CONTENT="pour vre governe i'au plus de cents piesces de draps chez moj"/>
               </TextLine>
               <TextLine ID="region_1637583611289_265l35"
                         BASELINE="3348,3754 3466,3747 3585,3741 3703,3735 3822,3730 3941,3726 4059,3723 4178,3720 4296,3716 4415,3714 4534,3711 4652,3708 4771,3706 4889,3704 5008,3702 5127,3700 5245,3699 5364,3696 5482,3694 5601,3692 5720,3690"
                         HEIGHT="167"
                         WIDTH="2407"
                         VPOS="3600"
                         HPOS="3329">
                  <String ID="string_region_1637583611289_265l35"
                          HEIGHT="167"
                          WIDTH="2407"
                          VPOS="3600"
                          HPOS="3329"
                          CONTENT="que v. g at achepte mais ie trouvte grande difference 6"/>
               </TextLine>
               <TextLine ID="region_1637583611289_265l36"
                         BASELINE="3344,3862 3461,3862 3579,3860 3697,3858 3815,3856 3933,3852 4051,3850 4169,3846 4287,3842 4405,3838 4523,3834 4640,3830 4758,3827 4876,3824 4994,3820 5112,3817 5230,3814 5348,3814 5466,3812 5584,3812 5702,3812"
                         HEIGHT="154"
                         WIDTH="2394"
                         VPOS="3727"
                         HPOS="3324">
                  <String ID="string_region_1637583611289_265l36"
                          HEIGHT="154"
                          WIDTH="2394"
                          VPOS="3727"
                          HPOS="3324"
                          CONTENT="en tre les premieres ballots que vous m'avez envoyée"/>
               </TextLine>
               <TextLine ID="region_1637583611289_265l37"
                         BASELINE="3366,3976 3488,3976 3610,3976 3732,3976 3854,3974 3976,3971 4098,3968 4220,3964 4342,3961 4464,3958 4586,3954 4708,3951 4830,3948 4952,3946 5074,3944 5196,3944 5318,3944 5440,3946 5562,3948 5684,3952 5806,3958"
                         HEIGHT="218"
                         WIDTH="2473"
                         VPOS="3826"
                         HPOS="3349">
                  <String ID="string_region_1637583611289_265l37"
                          HEIGHT="218"
                          WIDTH="2473"
                          VPOS="3826"
                          HPOS="3349"
                          CONTENT="ou les dernieres ie vous remette cy incluse  £200 a ven"/>
               </TextLine>
               <TextLine ID="region_1637583611289_265l38"
                         BASELINE="3370,4092 3488,4092 3606,4092 3724,4090 3842,4089 3960,4088 4078,4086 4196,4084 4314,4082 4432,4080 4550,4078 4668,4076 4786,4074 4904,4072 5022,4070 5140,4068 5258,4068 5376,4066 5494,4066 5612,4066 5730,4066"
                         HEIGHT="144"
                         WIDTH="2396"
                         VPOS="3966"
                         HPOS="3352">
                  <String ID="string_region_1637583611289_265l38"
                          HEIGHT="144"
                          WIDTH="2396"
                          VPOS="3966"
                          HPOS="3352"
                          CONTENT="sur h furnese dont il vous plaira me crediter vous me"/>
               </TextLine>
               <TextLine ID="region_1637583611289_265l39"
                         BASELINE="3484,4208 3596,4208 3709,4208 3822,4208 3935,4206 4048,4206 4161,4204 4274,4204 4387,4202 4500,4201 4613,4200 4725,4198 4838,4196 4951,4196 5064,4194 5177,4192 5290,4190 5403,4189 5516,4188 5629,4186 5742,4186"
                         HEIGHT="135"
                         WIDTH="2290"
                         VPOS="4116"
                         HPOS="3468">
                  <String ID="string_region_1637583611289_265l39"
                          HEIGHT="135"
                          WIDTH="2290"
                          VPOS="4116"
                          HPOS="3468"
                          CONTENT="e plaisir si vous pourrez trou ver occasion pour me "/>
               </TextLine>
               <TextLine ID="region_1637583611289_265l40"
                         BASELINE="3648,4316 3753,4314 3859,4312 3965,4310 4071,4309 4177,4307 4283,4304 4389,4304 4495,4302 4601,4300 4707,4298 4812,4298 4918,4296 5024,4294 5130,4294 5236,4294 5342,4294 5448,4294 5554,4294 5660,4294 5766,4296"
                         HEIGHT="137"
                         WIDTH="2153"
                         VPOS="4200"
                         HPOS="3631">
                  <String ID="string_region_1637583611289_265l40"
                          HEIGHT="137"
                          WIDTH="2153"
                          VPOS="4200"
                          HPOS="3631"
                          CONTENT="denir les deux monstrai que ie vous ay ordonné chez"/>
               </TextLine>
            </TextBlock>
         </PrintSpace>
      </Page>
   </Layout>
</alto>
