6269 4432
852 2 2313 120 a tout, le monde jane mest pas  u   maye llepirgere de la

936 84 2257 102 archandisses de telle nathre savce des graing en fin messr. i'ay cousulte pussieur

955 113 2186 96 sonnes mais ie n'as rencostre aueunne qui m'est pas de monsentement

946 160 2251 110 ne suis pas si irrasonable de faire pretention survre affaire qu'il ne me

959 248 2180 59 oit is as due ou permis. mettez l'affaire a l'ustitre de stirsonnes qui s

947 272 2221 103 ten dent et cesseray contentinformey en un on deee e vbs Ames aste

930 329 2180 78 cartiers et i'en parse rais anvoy l deux de mon coste et nous en fertri

932 360 2276 127 n'quant il vous piairz vous sou haittez contennat con de ne corres pon

924 428 2251 100 inee et ie ne souhaitte pas moins. un telaceident ne le doibt pas

928 478 2233 101 terromper. ie vous ay a ce dessien fait remise pr. ma derniere que

926 538 2283 102 vois qu'auez bien receu de £ 94:- mettez le sur compte nouveau com

918 578 2277 118 trousas prie de faire et nous l'aisserons le vreu compte iusques acq

899 653 2307 91 ela seal termise. jau eu dessin de me servir d'on aelttre mais voyare

884 702 2255 112 la vre derniere sus ditte que me demande mes ordres qu'ils vous

873 754 2320 115 sront tres auraables ie suis content de m'uacquiesxeret de mefier en

924 807 2255 115 et sur vous que me servirez sidesement et que feray en touts comme

936 881 2254 85 ia verous mesmes il ya fort paude negoce p. ca quartaers principalement

893 920 2276 111 la les manufactiures et de memoire dhomme pas monisde profit ni

840 988 2339 106 debite que cette Anne iu a cause que nre pays a souffert bau tou p pesa

832 1063 2363 94 ruinne et de gait de laquerre cette campague dont nous esperons des

827 1104 2325 93 =tre lauve pour l'avenit pr la conqueste de silies et de gand st Bruges-

838 1193 2282 86 qui ces detront toub mettre aussy r. la grace de diul quoy que iay

849 1222 2308 105 quaptete de marchandise plus que ie ne pourraij de boter en deux

826 1278 2376 125 Anssieu et en tre aultres encor plus de cent p. de draps l'aisne des page

829 1364 2360 97 venant de vos graces il me faudra quelques jolies couleures de dittfetent

847 1407 2292 108 prix pour le printemps aisen ir pour les assorter. sur ce pied sa me

835 1459 2313 122 thant en vous que vous y prendres toutte precaution possible tant

833 1515 2292 110 pour les plus jolies et pes nouvelles couleures qu'il n aura a trouvez

818 1584 2355 126 sque pourr la bonne calite et le mellieur mareze aussy que vous teres

904 1614 2292 131 achapt a vre commo dite et a mon plus grand advantage attandant

853 1703 2235 82 je temps et les jours de marche le plus propies il vous plaira d'avoir

844 1742 2335 103 soins pour trois ballots chacque de douze p' estant en touts trente sis

847 1801 2348 119 pr de draps et chacque ballot quec vres de mie pe de cotton pour ferduue

833 1888 2363 81 on enreloppe a assorter de ƒ7:8:10 et quelques vus de ƒ12613 neepassant

845 1952 2347 94 poinet le p17 c'est a dire la plus part enevirons de 24 ps de 37 ex b ie nien

826 2021 2260 68 preu poinet de commans de 35:6 a ƒƒ6:6 ie ne veu non plus de draps

851 2080 2279 78 conleuraris de more pas he pr. n'estant plus charge p. ces quartiers

853 2101 2316 105 ie vous poie aussy d'avoir engard de pacter touts trois vs et  un ballot

828 2174 2378 96 de doute pr. contien dra quattre pettits ballots et le marqueler destinguer

834 2230 2356 107 sur les eschantissions la raison est q'acause dispeu de dibit on baltot

844 2300 2319 94 estant montre et onvert son n'en schoinis que les mellieures couleures

840 2380 2335 77 et le reste nous reste sur les bras et de cette maniere  on les pourra

843 2435 2320 72 montrer et rendre p. trois es chantllions et trois p. ie vous prie

833 2469 2319 93 d'avois bon soing pour les belles couleures car cela nous profitte et

831 2508 2353 139 fait beaucoup centre aultres quelques jolies couleures brunnes de 7:8:10 et 312

836 2583 2335 118 pas plus haust ie vous envoue qhelques monstres cy inclusse et potr ie reste, ie

837 2662 2335 89 im apuis sur vre bon ingement et condu itte in alises remise de st £200:- en

832 2700 2316 101 deux lettres du 15 du court sen ces sur henry furnex vre deste £95:- et vre

832 2754 2360 121 de £105:- dont il vous plaira d'en procuter le necessaire et passer sur comp

837 2809 2313 113 nouzeau pour aller conform si bien que les e £48:- precedintes ie seraiy

841 2868 2266 93 atten dants ance plaisir l honneur de vre responce au prentier vous

840 2907 2322 103 son hattent theureusse nouvette stnnée avenir et que dieu nous plaist

821 2980 2332 79 faire la grace que pouvons avoiy ensemble plus de faveur, bostheures

825 3033 1141 103 negoce ne suis pas faittement

2593 3077 512 126 adij 20 xber 1708

613 3095 1531 122 Rotterdam Jonn vanderheyden

853 3210 2319 77 ue aengenagme van 12 en 30 sber en 18 cour hebbe hetsijnen tijde welontar

828 3240 2351 103 wat aengaet de eerste als ue in gelyckx gelieft wel te doorsien mijne reditt

841 3311 2366 96 wegens de vereplicerde on cont reken & dan behoorde ue daeraen te geguie

852 3376 2316 96 ren ende content te wesen ende eynde gemaeckt te hebben want

841 3421 2344 93 ick preten dere daer oft daer ontrent verlaght te sijn hoe het coste met

861 3486 2332 110 het verclaeren ende depescheren van de transitoor goederen toegaets

842 3543 2345 86 ende dat u daer tegens heeft e gerepliceert met ue van 12 boven. 3

836 3598 2319 91 is oorsaecke dat apantwoorrt van vel van 3a mijn ordres nier hebbe

832 3661 2323 99 gesonden tot het verclaeren van mijne goederen met de laeste

826 3706 2330 111 gearriverde soo hulsche als londons schepen dat ue niet qualijck

819 3767 2387 109 bont afnemen want het is redelijck daat ick mijn advantaghe soecke

849 3826 2350 100 nochtfans verseekere ue dat ue voor anders sal prefereren in gevallt

833 3877 2360 119 ue mij prompt ende opt nouste gelieft te bedienen wat engues

843 3949 2357 92 ue laeste van 18 cour de brienen sijn maergisteren tegene ten

836 3983 2339 117 giuont rijt gegenen soo dat den tydt niet hebbe gehadt om aen

836 4071 2373 99 huijs van Dh Deredro van Die maer te gaen mits den post dagh

826 4090 2370 135 van heden sal succx sonder faute op mooten doen en ul tegens

834 4181 2142 84 maen dagh toecomende swegens te causseyen onder ham

833 4220 2319 101 entworeden ve magh seeker wese datt en alle oecaser

827 4313 2183 56 uss seer geerne saldien it doen biddende tot die

3413 43 2394 72 en ce actiioy sber te comm in deven die bsegre iet geroect

3397 85 2425 95 soor de ingeleyde op kon don gelieft voorts gangh te geven als oo

3382 114 837 117 mij daer aeen glegen is

3248 226 1514 129 Rijssel Pierre Anthorne Touruanne

5043 177 774 215 Ady 21 xber 1716

3396 309 2351 132 ie n'aiy pas l'honneur de vous estre connue ce pendant comme il

3405 399 2416 59 sans doubte pour l'avenir plus de ne gocet lorrespondence sur ere ville a quoy

3380 429 2357 108 ie souhaitte de contribuer et faire con noissance sair prie la de moisellet

3389 503 2201 65 Engelique dnent de vous donner mon addrsee bet voudfaune oft

3387 521 2453 95 mes services comme aussj a touts marchands t patiquants en m'anufacduror

3363 568 2499 116 ce que i'espere elle autant en la bonte de faire de ma part neapmoins

3378 642 2437 59 ie prend la liberte de faire de misme pr. cettte la mienne et vous aseurer

3381 677 2431 84 qi' il me  serat on plaisir sensible de pouvoir faire connoissence et

3378 755 2506 52 in commen cement p ensemble en negoec j'ay touiours on assorti de

3370 750 2407 118 iment de toutte sorte de manu facteures d'An lerterre ausy de oeps

3383 790 2488 123 escavlats noirs et bieu 3600 et drapde daimmes superfinnes et commitps da

3378 864 2505 93 fabrie que de pays si beau qu'il u at a voir danptoutte nre sil le ettausiles

3374 897 2507 116 seule la negosiea vre serince si vous estes d'intention d'en piendrele

3371 943 2450 130 une esspreiude et faire un commencement vous pouver estre dasseure

3374 1012 2447 93 gavez le bon heuf de commencer dans un contuneture de temps

3371 1036 2493 124 manufactures n'ont este a plus bassrit ne mellieuz masche de vre

3378 1126 2419 79 thomghe aussy que ne pouvez vous abdressen danstaut le pang ie vre

3367 1159 2456 82 parsonne qui eyt plus de lebe ou de soing pour servir tres tidelement

3369 1193 2462 127 let a plus iuste pri ces Amis que moes que vous donnera les mettieures

3361 1236 2410 107 conditions acce la moindre profit possible. ie souhaitte le faveur

3369 1310 1052 114 de vre responce et me croire

5826 1355 53 44 u

3386 1323 2242 180 ie demeure vvs avis le comptoir deposte dans la rue de siddorp

5122 1458 502 127 ady 21 ditto

3240 1458 1040 184 Mons la veufve Mason

3361 1527 2441 153 ie vient de recevoir l'honneur de la chera vre du 19 du court pour resp=

3354 1588 2407 127 conce le drap auvore et la flanelle croisée est pactes ensemblea auec les

5829 1617 56 105 4

3364 1665 2453 108 draps de pie dans vn ballot marque seulement R et non pas VB.M comme

3364 1719 2397 119 vous austrez ballots ont este acalsse que son ne connoisteroit pas vre

3371 1741 2389 128 addresse a lentree de monge a dersien a vous connue ie necropas

3361 1811 2375 113 qu'il y a parson me au monde plus vigilant et expedient que mois

3367 1873 2462 104 car le fallot est purtie d' cn sehous a pres que j'a receu vre ordre cesuis

3353 1918 2465 124 aussij fort estonne que le ballot procedente ne vous soit pas encorpar=

3353 1964 2465 132 van que de moncorte ie ne puns faire d'auantage carse hucque fois -

3370 2013 2463 131 que ie vous en voye de la marchandisse lescrire adroitur a Brusxelles

3370 2074 2453 123 le mes me pour et ien donne advis a la faitte dor aveccommandation

3358 2145 2447 87 d'en avoir sorng et l'expe dier cito y. a de vroit escrire aussy et parler

3368 2160 2454 126 aut chartiers ie ne poievoys pas atrendre apres l'honne du la vre

3378 2223 2443 128 pour faire tiendre la couleur de Rose car setienturier en atten doit

3353 2279 2480 91 hpres ias donne six deme p u sont disca tien tes et elles contien

3344 2330 2487 135 dront cxsemble en virons de 15t et je vous les en voyeray cit p possible

3371 2398 2433 90 is fault necepairement les deux ballots sus ditsorent a la nase a

3330 2419 2507 121 Byuselles Si 7a ne les a point receu avant cette lamienne ie vous prie

3340 2531 2450 97 d'escrire a Bultelles et ie le fait encor vre fois aussy ce iourdhisy -

3360 2536 2388 133 in touttes orcasions ie vous prie me commander que vous souhaiere

3359 2585 2466 116 is bonne fert faistes en vre heureuse nouveze sAnne avenir remptie

3346 2660 1643 131 de tene dittions et contentement et suis

3262 2784 91 94 6

3258 2774 1282 150 yddel pan Bapt de Doun

5161 2759 497 185 21 ditto

3373 2741 2092 295 ed Mart Port Antones Bouriaee

3246 3041 1118 150 tijstyt de S. gouteman

3387 3149 1417 126 conge als boven adverbunt

4766 3259 606 103 22 xber 1708

3249 3268 1233 135 Brusselle Francois Ansilliosn

3327 3348 2516 109 ie viens de reuvois lhonneur de la chere vre du 20 pr responc

3359 3470 2481 94 jay encore une bonne partie de ces drap pal bleu si beuis quil

3357 3531 2500 109 yar a voir selon leur priex vre grace ou en as affert 42 patar la

3357 3618 2469 115 de nut tois que j'ay eu l'honneur de vs vois icy cependant cela

3329 3737 2494 99 n'4 faitmes a 45 patars il sort a vre service et moins je

3323 3820 2487 110 he le vex donner jen ay aussy de ras verd bren bleu

3331 3909 2494 134 et laussie au mesme prix et soyez assure q ce niy r'ofi

3331 4016 2444 107 pas eing gros a l'ausne jay aiussy 100 pices decuves ces

3346 4112 2478 112 l0 rouye N 50 bleu sans frise tientien d'angleterre ause

3353 4193 2434 115 a vre service a ƒ29 l un permis laustre pr lesreste

3347 4307 2485 50 carisees blancke et bayes de toutte sorte aus si d
