6225 4452
916 73 2106 170 staeltiens. hebbe oock pricies die op ue stael wel

883 189 2361 153 accordeeren immers ben van alderhande geverfdz engelsche

875 294 2373 158 laekens als roode, giele, groene blouwe, en bleck blouwe

905 407 2260 145 den uytersten wel voorsien tott 48t p elle. oock sijn

887 531 2298 157 present alle de versche goederen wel gearriveert ende

881 611 2167 145 hebbe het schoonste sortiment van alderhande

875 695 2318 250 goederen dat int gheel landt te sien is tot ue dienste

891 837 2190 209 van nieuwe moede couleure spaensehe lackens

909 953 2242 169 van alle prijsen geperstey noortsche ende dosijnen

882 1080 2225 165 alle soorten van carseyen, bayen colcherter ende

847 1167 2230 217 deventer bayens, frisaerden ende flannellen. en

875 1289 2147 169 twijfele niet oft ue sal met het aentraende

890 1403 2039 181 wwinter sai sten nevens de vrienden al eens

896 1496 1988 171 over coemen en een partighen noodigh

866 1632 2246 150 hebben. weest versehert dat niet en desirere

894 1739 2245 162 alst geluck van ue calandisie te moogen hebben

884 1871 2256 118 ende dat ick ue in alle occasien soo civiel en

873 1936 2157 237 goeden coop sal bedienen als ue ergens sal

898 2090 2188 153 connen te recht coemen waer op mooght

871 2178 2319 163 staet maeken ende dat ick ben in alle occasien

885 2294 2141 153 daer ue mij inae gelieft te commandeeren

880 2396 2097 180 sal ue vrient oock een a twee staelttens

855 2507 2023 146 mede geven om hem daer in te voldoen

2106 2596 923 176 Ady 12 Augusti 1709

686 2630 721 170 Lends Ibbestson

891 2754 2259 155 ue aengenaeme van 2 pasto hebbe het sijnen tijde wet

883 2844 2180 194 ontfangen waer bij gesign mijne remise van ste £160-

883 2932 2329 164 ue wel was geworden.. ick hebbe voor nu ue gesondene

868 3073 2345 200 packen carseyen alhier Godt lof wel ontfangen, doch tot

876 3167 2320 169 dato heden geen occasie gehadt om eenige te goenen ende

867 3282 2347 165 naer te sien soo dat tot nu toe daer niets posirief van

872 3396 2304 186 can melder oft ue repliceeren. wegens dat ue gelieft

879 3527 2302 161 te segghen dat die soo goet wesen en soo goeden coop

861 3650 2381 150 als die connen ingecoght worden het sal mij aengenaem

864 3749 2258 150 als die soo can bevinden ende dat daer bij eenige

898 3840 2283 202 advantegie can doen. het sal oock in leydinge geven

901 3957 2192 178 om niet gelegensheyt ue voorder ordres te senden

882 4074 2343 194 maer tegen woordigh en is in dese landen in negotie

891 4198 2346 172 niets te doen. ick veasseurere ue in sinceritijdt datteu

3401 82 2444 171 dotter geen intrest vant capitael aen de goederen te avanceren

3405 149 2361 199 dat weijnigh couragie can geven gelijck ue mede wel

3411 265 2450 195 can oordeelen. Godt verseene soo ue schrijft dat het

3394 378 2440 225 magh de laeste campagnie wesen ende dat wij den vrede

3411 521 2408 148 moogen erlangen on te sien oft de negotie sal beeter

3396 633 2387 201 faveur nemen want andersins soo moeten wij die

3414 716 2456 223 abandonneeren. ick wille wel dencken dat ue grootelijckn

3403 885 2423 146 sal verwondert wesen n in soo lange van my geene

3414 972 2194 216 brieven gehadt te hebben. hebbe van dagh tot dagh

3417 1094 2374 226 gedilayeert ue te schrijven in hoepe van te connen

3399 1233 2249 187 remitteeren. de wissel is soo hoogh geloopen

3395 1369 2376 159 ende de brieven soo schaert op londen dat een ider

3395 1472 2317 237 geabuseert staet ende niet weet wat mesures te

3406 1593 2364 167 nemen want soo men met te remitteeren geen

3400 1692 2381 172 advantagie doen can soo en ister op de goederen

3415 1844 2392 173 niets als schade te verwaghten. mits het de opinde

3402 1930 2318 225 van een ider is en van alle plaetschen geadviseert

3403 2067 2412 177 wort dat de wissel, alsoo geen stant can houden

3397 2194 2390 167 soo hebbe de sibertege gebruyckt wat te dilayeeren

3384 2312 2265 186 danckende ue sulckx niet qualijck sal nemen

3401 2437 2475 177 echter soo in een a twee posten geen veranderinge

3392 2619 2487 171 voor coomt soo sal verobligeert wesen ue te ordonneeren

3381 2699 2092 199 op mij te trecken middellert eydt soo blijve

3839 2808 1810 135 onder couvert de wed. Broeckmans

3287 2935 1002 206 seds thomas Peate

4754 2946 832 215 12 Auyr1:1207

3382 3101 2355 207 hebbe het sijnen tjde ontfangen nussive de dato 2

3363 3233 2518 178 past door m. ue soongeschreven in ue absentie en sedert

3367 3315 2458 230 op ue retout a costy ue eggene antwoort erlanght ende

3389 3466 2424 179 afgewaght op mjne voorge brieven. het is wel mijne

3380 3590 2359 161 emise voor ste £140 ue wel was geworden. de

3367 3739 2459 152 packen carseyen hebbe van hollandt op ue aenraeden

3329 3830 2460 217 laeten afcoemen ende in mijn huys wel ontfangen

3378 3937 2441 194 doch door faute van de biet en occasie tot dato heden

3369 4098 2492 155 geen geaspent oft naer connen sien mijn voorige reden

3308 4192 2567 144 van claghten laete aen ue eygen oordeel oft gefondeen
