<?xml version="1.0" encoding="UTF-8"?>
<alto xmlns:xsi="http://www.w3.org/2001/XMLSchema-instance"
      xmlns="http://www.loc.gov/standards/alto/ns-v4#"
      xmlns:page="http://schema.primaresearch.org/PAGE/gts/pagecontent/2013-07-15"
      xsi:schemaLocation="http://www.loc.gov/standards/alto/ns-v4# https://www.loc.gov/standards/alto/v4/alto.xsd">
   <Description>
      <MeasurementUnit>pixel</MeasurementUnit>
      <OCRProcessing ID="IdOcr">
         <ocrProcessingStep>
            <processingDateTime>2022-02-11T21:31:35.644+01:00</processingDateTime>
            <processingSoftware>
               <softwareCreator>READ COOP</softwareCreator>
               <softwareName>Transkribus</softwareName>
            </processingSoftware>
         </ocrProcessingStep>
      </OCRProcessing>
   </Description>
   <Layout>
      <Page ID="Page1" PHYSICAL_IMG_NR="1" HEIGHT="4449" WIDTH="6269">
         <TopMargin HEIGHT="0" WIDTH="6269" VPOS="0" HPOS="0"/>
         <LeftMargin HEIGHT="4449" WIDTH="0" VPOS="0" HPOS="0"/>
         <RightMargin HEIGHT="4449" WIDTH="0" VPOS="0" HPOS="6269"/>
         <BottomMargin HEIGHT="0" WIDTH="6269" VPOS="4449" HPOS="0"/>
         <PrintSpace HEIGHT="4449" WIDTH="6269" VPOS="0" HPOS="0">
            <TextBlock ID="region_1637654602505_1470"
                       HEIGHT="4368"
                       WIDTH="2541"
                       VPOS="34"
                       HPOS="657">
               <Shape>
                  <Polygon POINTS="657,34 3198,34 3198,4402 657,4402"/>
               </Shape>
               <TextLine ID="region_1637654602505_1470l1"
                         BASELINE="894,120 1008,120 1123,122 1237,124 1352,124 1466,125 1581,126 1695,126 1810,126 1924,126 2039,126 2153,126 2268,128 2382,128 2497,128 2611,130 2726,130 2840,132 2955,134 3069,136 3184,138"
                         HEIGHT="88"
                         WIDTH="2322"
                         VPOS="77"
                         HPOS="878">
                  <String ID="string_region_1637654602505_1470l1"
                          HEIGHT="88"
                          WIDTH="2322"
                          VPOS="77"
                          HPOS="878"
                          CONTENT="mis remises vous soient bien parvennue ce qu'il requarde mon"/>
               </TextLine>
               <TextLine ID="region_1637654602505_1470l2"
                         BASELINE="894,196 1009,198 1124,198 1239,198 1354,198 1469,198 1584,198 1699,196 1814,196 1929,196 2045,194 2160,194 2275,194 2390,196 2505,196 2620,198 2735,200 2850,204 2965,208 3080,212 3196,218"
                         HEIGHT="103"
                         WIDTH="2335"
                         VPOS="147"
                         HPOS="877">
                  <String ID="string_region_1637654602505_1470l2"
                          HEIGHT="103"
                          WIDTH="2335"
                          VPOS="147"
                          HPOS="877"
                          CONTENT="drere que ie vous ay donne pour preparer et acheptertrente "/>
               </TextLine>
               <TextLine ID="region_1637654602505_1470l3"
                         BASELINE="868,278 980,276 1093,273 1205,270 1318,268 1431,266 1543,266 1656,264 1768,264 1881,263 1994,262 2106,264 2219,264 2331,264 2444,266 2557,268 2669,270 2782,272 2894,276 3007,278 3120,282"
                         HEIGHT="119"
                         WIDTH="2281"
                         VPOS="199"
                         HPOS="853">
                  <String ID="string_region_1637654602505_1470l3"
                          HEIGHT="119"
                          WIDTH="2281"
                          VPOS="199"
                          HPOS="853"
                          CONTENT="ate p dedraps pour en fapte trois ballots con form"/>
               </TextLine>
               <TextLine ID="region_1637654602505_1470l4"
                         BASELINE="894,352 1005,350 1116,348 1228,346 1339,344 1451,342 1562,340 1673,338 1785,338 1896,336 2008,336 2119,336 2230,336 2342,336 2453,338 2565,339 2676,340 2787,343 2899,346 3010,350 3122,354"
                         HEIGHT="89"
                         WIDTH="2259"
                         VPOS="273"
                         HPOS="879">
                  <String ID="string_region_1637654602505_1470l4"
                          HEIGHT="89"
                          WIDTH="2259"
                          VPOS="273"
                          HPOS="879"
                          CONTENT="ma notice heme samble qu'il est Ample assez et que ie vousais"/>
               </TextLine>
               <TextLine ID="region_1637654602505_1470l5"
                         BASELINE="872,422 986,420 1101,418 1216,416 1331,414 1446,412 1560,412 1675,410 1790,408 1905,408 2020,408 2134,408 2249,408 2364,408 2479,410 2594,412 2708,415 2823,419 2938,423 3053,428 3168,434"
                         HEIGHT="111"
                         WIDTH="2328"
                         VPOS="362"
                         HPOS="856">
                  <String ID="string_region_1637654602505_1470l5"
                          HEIGHT="111"
                          WIDTH="2328"
                          VPOS="362"
                          HPOS="856"
                          CONTENT="donney e connoistre mon intention estant que vous voudr iez"/>
               </TextLine>
               <TextLine ID="region_1637654602505_1470l6"
                         BASELINE="900,488 1012,488 1124,488 1236,490 1348,488 1461,488 1573,488 1685,488 1797,488 1909,488 2022,486 2134,488 2246,488 2358,489 2470,490 2583,492 2695,496 2807,500 2919,505 3031,510 3144,518"
                         HEIGHT="111"
                         WIDTH="2276"
                         VPOS="412"
                         HPOS="883">
                  <String ID="string_region_1637654602505_1470l6"
                          HEIGHT="111"
                          WIDTH="2276"
                          VPOS="412"
                          HPOS="883"
                          CONTENT="avoir la bonte de laisser la vieu compte et commen ces "/>
               </TextLine>
               <TextLine ID="region_1637654602505_1470l7"
                         BASELINE="912,564 1025,562 1138,560 1251,560 1364,558 1478,558 1591,556 1704,556 1817,556 1930,556 2044,556 2157,557 2270,558 2383,560 2496,562 2610,564 2723,567 2836,571 2949,576 3062,580 3176,584"
                         HEIGHT="121"
                         WIDTH="2297"
                         VPOS="506"
                         HPOS="896">
                  <String ID="string_region_1637654602505_1470l7"
                          HEIGHT="121"
                          WIDTH="2297"
                          VPOS="506"
                          HPOS="896"
                          CONTENT="un nouveau pour les trois dernieres remiges de 99:- £95:-"/>
               </TextLine>
               <TextLine ID="region_1637654602505_1470l8"
                         BASELINE="896,636 1010,636 1124,636 1239,636 1353,636 1468,636 1582,634 1696,634 1811,632 1925,632 2040,630 2154,630 2268,630 2383,631 2497,632 2612,634 2726,638 2840,642 2955,648 3069,655 3184,662"
                         HEIGHT="120"
                         WIDTH="2319"
                         VPOS="567"
                         HPOS="881">
                  <String ID="string_region_1637654602505_1470l8"
                          HEIGHT="120"
                          WIDTH="2319"
                          VPOS="567"
                          HPOS="881"
                          CONTENT="et £105 iusquez a ce que nre different serat a diuste et que "/>
               </TextLine>
               <TextLine ID="region_1637654602505_1470l9"
                         BASELINE="896,706 1005,706 1114,706 1223,706 1332,706 1441,706 1550,706 1659,706 1768,706 1877,706 1986,706 2095,706 2204,706 2313,708 2422,708 2531,708 2640,710 2749,712 2858,714 2967,716 3076,718"
                         HEIGHT="83"
                         WIDTH="2210"
                         VPOS="665"
                         HPOS="882">
                  <String ID="string_region_1637654602505_1470l9"
                          HEIGHT="83"
                          WIDTH="2210"
                          VPOS="665"
                          HPOS="882"
                          CONTENT="non obstangie la ie vous ferais remises a l'ordinair pour e "/>
               </TextLine>
               <TextLine ID="region_1637654602505_1470l10"
                         BASELINE="908,776 1022,780 1136,780 1250,782 1364,782 1479,782 1593,780 1707,780 1821,778 1935,778 2050,776 2164,776 2278,776 2392,776 2506,778 2621,780 2735,783 2849,788 2963,794 3077,800 3192,810"
                         HEIGHT="152"
                         WIDTH="2315"
                         VPOS="690"
                         HPOS="892">
                  <String ID="string_region_1637654602505_1470l10"
                          HEIGHT="152"
                          WIDTH="2315"
                          VPOS="690"
                          HPOS="892"
                          CONTENT="que ie vous au ordon ne es le qu'il pourroit importer cepende"/>
               </TextLine>
               <TextLine ID="region_1637654602505_1470l11"
                         BASELINE="898,864 1012,862 1127,862 1242,860 1357,858 1472,858 1586,856 1701,856 1816,854 1931,854 2046,852 2160,852 2275,852 2390,852 2505,852 2620,854 2734,854 2849,856 2964,860 3079,862 3194,866"
                         HEIGHT="124"
                         WIDTH="2328"
                         VPOS="790"
                         HPOS="883">
                  <String ID="string_region_1637654602505_1470l11"
                          HEIGHT="124"
                          WIDTH="2328"
                          VPOS="790"
                          HPOS="883"
                          CONTENT="Mess. si vous ayez raison de doubter de moy alme micu que "/>
               </TextLine>
               <TextLine ID="region_1637654602505_1470l12"
                         BASELINE="898,954 1011,950 1124,948 1238,944 1351,942 1465,938 1578,938 1691,936 1805,934 1918,933 2032,932 2145,932 2258,932 2372,932 2485,932 2599,932 2712,932 2825,934 2939,934 3052,936 3166,938"
                         HEIGHT="150"
                         WIDTH="2300"
                         VPOS="847"
                         HPOS="882">
                  <String ID="string_region_1637654602505_1470l12"
                          HEIGHT="150"
                          WIDTH="2300"
                          VPOS="847"
                          HPOS="882"
                          CONTENT="vous ne le fasscez pas car ie pretend lestre pu netuellement "/>
               </TextLine>
               <TextLine ID="region_1637654602505_1470l13"
                         BASELINE="882,1036 994,1031 1106,1026 1219,1022 1331,1020 1444,1016 1556,1014 1668,1012 1781,1012 1893,1010 2006,1010 2118,1010 2230,1008 2343,1008 2455,1008 2568,1008 2680,1008 2792,1006 2905,1006 3017,1004 3130,1004"
                         HEIGHT="136"
                         WIDTH="2281"
                         VPOS="925"
                         HPOS="865">
                  <String ID="string_region_1637654602505_1470l13"
                          HEIGHT="136"
                          WIDTH="2281"
                          VPOS="925"
                          HPOS="865"
                          CONTENT="et bien servi et il'auvois volongiers ces trois ballots prest pour le "/>
               </TextLine>
               <TextLine ID="region_1637654602505_1470l14"
                         BASELINE="886,1110 989,1104 1092,1098 1195,1094 1298,1089 1401,1086 1504,1082 1607,1080 1710,1078 1813,1076 1916,1076 2019,1074 2122,1074 2225,1074 2328,1072 2431,1072 2534,1072 2637,1072 2740,1070 2843,1070 2946,1068"
                         HEIGHT="158"
                         WIDTH="2090"
                         VPOS="998"
                         HPOS="871">
                  <String ID="string_region_1637654602505_1470l14"
                          HEIGHT="158"
                          WIDTH="2090"
                          VPOS="998"
                          HPOS="871"
                          CONTENT="premier convoy ou la premier occasion pour &amp; otterdam"/>
               </TextLine>
               <TextLine ID="region_1637654602505_1470l15"
                         BASELINE="886,1182 997,1176 1109,1172 1221,1167 1333,1162 1445,1160 1556,1157 1668,1154 1780,1152 1892,1150 2004,1149 2115,1148 2227,1148 2339,1146 2451,1146 2563,1146 2674,1146 2786,1146 2898,1148 3010,1148 3122,1148"
                         HEIGHT="150"
                         WIDTH="2270"
                         VPOS="1058"
                         HPOS="869">
                  <String ID="string_region_1637654602505_1470l15"
                          HEIGHT="150"
                          WIDTH="2270"
                          VPOS="1058"
                          HPOS="869"
                          CONTENT="s'il vous le pouvez faire aucc ussez de commodite. prennez"/>
               </TextLine>
               <TextLine ID="region_1637654602505_1470l16"
                         BASELINE="906,1254 1018,1250 1130,1246 1242,1242 1354,1238 1467,1236 1579,1234 1691,1232 1803,1230 1915,1228 2028,1226 2140,1226 2252,1226 2364,1224 2476,1224 2589,1225 2701,1226 2813,1226 2925,1228 3037,1229 3150,1230"
                         HEIGHT="107"
                         WIDTH="2275"
                         VPOS="1191"
                         HPOS="891">
                  <String ID="string_region_1637654602505_1470l16"
                          HEIGHT="107"
                          WIDTH="2275"
                          VPOS="1191"
                          HPOS="891"
                          CONTENT="garde s'il vous psacst que vous ne charges q'un ballot dans "/>
               </TextLine>
               <TextLine ID="region_1637654602505_1470l17"
                         BASELINE="894,1334 1005,1330 1117,1328 1228,1324 1340,1322 1452,1320 1563,1318 1675,1316 1786,1314 1898,1314 2010,1312 2121,1311 2233,1310 2344,1310 2456,1310 2568,1310 2679,1310 2791,1310 2902,1310 3014,1310 3126,1312"
                         HEIGHT="106"
                         WIDTH="2263"
                         VPOS="1261"
                         HPOS="878">
                  <String ID="string_region_1637654602505_1470l17"
                          HEIGHT="106"
                          WIDTH="2263"
                          VPOS="1261"
                          HPOS="878"
                          CONTENT="chacque vaisseaux et p. de Braney vaisseaux et hatteliers"/>
               </TextLine>
               <TextLine ID="region_1637654602505_1470l18"
                         BASELINE="898,1402 1010,1400 1122,1400 1235,1398 1347,1398 1460,1396 1572,1396 1684,1394 1797,1394 1909,1392 2022,1392 2134,1390 2246,1390 2359,1390 2471,1390 2584,1390 2696,1390 2808,1390 2921,1392 3033,1392 3146,1394"
                         HEIGHT="93"
                         WIDTH="2278"
                         VPOS="1345"
                         HPOS="882">
                  <String ID="string_region_1637654602505_1470l18"
                          HEIGHT="93"
                          WIDTH="2278"
                          VPOS="1345"
                          HPOS="882"
                          CONTENT="a vous connue et on iln geut plus des grain comme du"/>
               </TextLine>
               <TextLine ID="region_1637654602505_1470l19"
                         BASELINE="890,1474 999,1474 1109,1472 1219,1470 1329,1470 1439,1470 1548,1468 1658,1468 1768,1468 1878,1466 1988,1466 2097,1466 2207,1466 2317,1464 2427,1464 2537,1462 2646,1462 2756,1460 2866,1458 2976,1456 3086,1454"
                         HEIGHT="127"
                         WIDTH="2229"
                         VPOS="1393"
                         HPOS="874">
                  <String ID="string_region_1637654602505_1470l19"
                          HEIGHT="127"
                          WIDTH="2229"
                          VPOS="1393"
                          HPOS="874"
                          CONTENT="passez touchant la calite et les belles coulenvedde draps"/>
               </TextLine>
               <TextLine ID="region_1637654602505_1470l20"
                         BASELINE="898,1546 1008,1544 1118,1542 1228,1540 1338,1540 1449,1540 1559,1538 1669,1538 1779,1538 1889,1538 2000,1538 2110,1538 2220,1538 2330,1538 2440,1536 2551,1536 2661,1536 2771,1534 2881,1532 2991,1530 3102,1528"
                         HEIGHT="95"
                         WIDTH="2235"
                         VPOS="1489"
                         HPOS="883">
                  <String ID="string_region_1637654602505_1470l20"
                          HEIGHT="95"
                          WIDTH="2235"
                          VPOS="1489"
                          HPOS="883"
                          CONTENT="ie ne vous le recommande plus car ie lay fait asses p mes"/>
               </TextLine>
               <TextLine ID="region_1637654602505_1470l21"
                         BASELINE="902,1620 1008,1618 1114,1616 1221,1614 1327,1612 1434,1612 1540,1612 1646,1612 1753,1612 1859,1612 1966,1612 2072,1612 2178,1612 2285,1612 2391,1612 2498,1612 2604,1610 2710,1608 2817,1606 2923,1602 3030,1598"
                         HEIGHT="96"
                         WIDTH="2157"
                         VPOS="1560"
                         HPOS="887">
                  <String ID="string_region_1637654602505_1470l21"
                          HEIGHT="96"
                          WIDTH="2157"
                          VPOS="1560"
                          HPOS="887"
                          CONTENT="preceden tes cessen dant in clusse vre pettite memoire."/>
               </TextLine>
               <TextLine ID="region_1637654602505_1470l22"
                         BASELINE="860,1694 976,1694 1092,1696 1208,1694 1324,1694 1440,1694 1556,1692 1672,1690 1788,1690 1904,1688 2020,1686 2136,1685 2252,1684 2368,1684 2484,1682 2600,1682 2716,1684 2832,1684 2948,1686 3064,1688 3180,1692"
                         HEIGHT="107"
                         WIDTH="2354"
                         VPOS="1611"
                         HPOS="843">
                  <String ID="string_region_1637654602505_1470l22"
                          HEIGHT="107"
                          WIDTH="2354"
                          VPOS="1611"
                          HPOS="843"
                          CONTENT="touchant nre different cest vre chose admirable ie vous ay"/>
               </TextLine>
               <TextLine ID="region_1637654602505_1470l23"
                         BASELINE="874,1770 985,1768 1097,1768 1209,1766 1321,1766 1433,1764 1544,1764 1656,1763 1768,1762 1880,1762 1992,1760 2103,1760 2215,1758 2327,1758 2439,1758 2551,1756 2662,1756 2774,1756 2886,1754 2998,1754 3110,1754"
                         HEIGHT="124"
                         WIDTH="2269"
                         VPOS="1679"
                         HPOS="857">
                  <String ID="string_region_1637654602505_1470l23"
                          HEIGHT="124"
                          WIDTH="2269"
                          VPOS="1679"
                          HPOS="857"
                          CONTENT="dit tans de fois que ene presend que ce qui est raisonable "/>
               </TextLine>
               <TextLine ID="region_1637654602505_1470l24"
                         BASELINE="882,1842 991,1840 1101,1840 1211,1838 1320,1836 1430,1834 1540,1834 1649,1832 1759,1832 1869,1830 1979,1830 2088,1829 2198,1828 2308,1828 2417,1828 2527,1828 2637,1828 2746,1828 2856,1829 2966,1830 3076,1830"
                         HEIGHT="88"
                         WIDTH="2226"
                         VPOS="1791"
                         HPOS="867">
                  <String ID="string_region_1637654602505_1470l24"
                          HEIGHT="88"
                          WIDTH="2226"
                          VPOS="1791"
                          HPOS="867"
                          CONTENT="ie n'ay remcontre parsonne iuesques apresent &amp; ue me "/>
               </TextLine>
               <TextLine ID="region_1637654602505_1470l25"
                         BASELINE="870,1926 985,1924 1101,1922 1217,1918 1333,1916 1449,1914 1564,1912 1680,1910 1796,1908 1912,1906 2028,1906 2143,1906 2259,1904 2375,1904 2491,1906 2607,1906 2722,1908 2838,1908 2954,1912 3070,1914 3186,1916"
                         HEIGHT="109"
                         WIDTH="2346"
                         VPOS="1829"
                         HPOS="855">
                  <String ID="string_region_1637654602505_1470l25"
                          HEIGHT="109"
                          WIDTH="2346"
                          VPOS="1829"
                          HPOS="855"
                          CONTENT="blame in for mey en mon pere en un aultre de vos amis"/>
               </TextLine>
               <TextLine ID="region_1637654602505_1470l26"
                         BASELINE="880,2000 994,1996 1109,1991 1223,1987 1338,1984 1452,1980 1567,1978 1681,1976 1796,1974 1910,1974 2025,1972 2139,1972 2254,1972 2368,1972 2483,1972 2597,1974 2712,1974 2826,1976 2941,1976 3055,1978 3170,1980"
                         HEIGHT="117"
                         WIDTH="2320"
                         VPOS="1916"
                         HPOS="865">
                  <String ID="string_region_1637654602505_1470l26"
                          HEIGHT="117"
                          WIDTH="2320"
                          VPOS="1916"
                          HPOS="865"
                          CONTENT="et qu'ils vous marquent en peu leursentement vous n'auez"/>
               </TextLine>
               <TextLine ID="region_1637654602505_1470l27"
                         BASELINE="894,2078 1007,2073 1121,2067 1235,2062 1349,2058 1463,2054 1576,2052 1690,2050 1804,2048 1918,2046 2032,2046 2145,2046 2259,2046 2373,2046 2487,2046 2601,2048 2714,2048 2828,2050 2942,2052 3056,2053 3170,2054"
                         HEIGHT="134"
                         WIDTH="2310"
                         VPOS="1972"
                         HPOS="877">
                  <String ID="string_region_1637654602505_1470l27"
                          HEIGHT="134"
                          WIDTH="2310"
                          VPOS="1972"
                          HPOS="877"
                          CONTENT="poin et a faire a me parsonne que jaime de se servir"/>
               </TextLine>
               <TextLine ID="region_1637654602505_1470l28"
                         BASELINE="884,2156 995,2154 1106,2151 1217,2148 1328,2144 1439,2142 1550,2139 1661,2136 1772,2134 1883,2131 1994,2129 2105,2128 2216,2126 2327,2126 2438,2126 2549,2126 2660,2128 2771,2130 2882,2132 2993,2135 3104,2140"
                         HEIGHT="84"
                         WIDTH="2254"
                         VPOS="2092"
                         HPOS="867">
                  <String ID="string_region_1637654602505_1470l28"
                          HEIGHT="84"
                          WIDTH="2254"
                          VPOS="2092"
                          HPOS="867"
                          CONTENT="des et ds pates ou ei cannes sur quoy pouves faire fonc "/>
               </TextLine>
               <TextLine ID="region_1637654602505_1470l29"
                         BASELINE="894,2236 1005,2232 1116,2228 1227,2226 1338,2222 1450,2218 1561,2215 1672,2212 1783,2209 1894,2206 2006,2204 2117,2202 2228,2200 2339,2200 2450,2198 2562,2198 2673,2198 2784,2200 2895,2202 3006,2203 3118,2206"
                         HEIGHT="110"
                         WIDTH="2254"
                         VPOS="2139"
                         HPOS="879">
                  <String ID="string_region_1637654602505_1470l29"
                          HEIGHT="110"
                          WIDTH="2254"
                          VPOS="2139"
                          HPOS="879"
                          CONTENT="in cluse remise de  £90:-:- die et du passe sences sur "/>
               </TextLine>
               <TextLine ID="region_1637654602505_1470l30"
                         BASELINE="882,2304 996,2302 1111,2298 1225,2294 1340,2291 1455,2288 1569,2286 1684,2282 1798,2280 1913,2278 2028,2276 2142,2275 2257,2274 2371,2272 2486,2272 2601,2272 2715,2272 2830,2274 2944,2275 3059,2276 3174,2280"
                         HEIGHT="123"
                         WIDTH="2322"
                         VPOS="2191"
                         HPOS="867">
                  <String ID="string_region_1637654602505_1470l30"
                          HEIGHT="123"
                          WIDTH="2322"
                          VPOS="2191"
                          HPOS="867"
                          CONTENT="convreur santini et sergnoret et sur ce la ne me dit vous sou="/>
               </TextLine>
               <TextLine ID="region_1637654602505_1470l31"
                         BASELINE="884,2380 938,2375 992,2372 1046,2370 1101,2367 1155,2364 1209,2362 1264,2361 1318,2360 1372,2360 1427,2358 1481,2358 1535,2356 1589,2356 1644,2356 1698,2356 1752,2354 1807,2354 1861,2354 1915,2352 1970,2352"
                         HEIGHT="144"
                         WIDTH="1119"
                         VPOS="2278"
                         HPOS="869">
                  <String ID="string_region_1637654602505_1470l31"
                          HEIGHT="144"
                          WIDTH="1119"
                          VPOS="2278"
                          HPOS="869"
                          CONTENT="hattent le nouvelle anne"/>
               </TextLine>
               <TextLine ID="region_1637654602505_1470l32"
                         BASELINE="874,2468 984,2462 1095,2458 1206,2454 1317,2451 1428,2448 1539,2446 1650,2444 1761,2442 1872,2442 1983,2440 2093,2440 2204,2442 2315,2442 2426,2443 2537,2444 2648,2446 2759,2450 2870,2452 2981,2456 3092,2460"
                         HEIGHT="130"
                         WIDTH="2251"
                         VPOS="2371"
                         HPOS="858">
                  <String ID="string_region_1637654602505_1470l32"
                          HEIGHT="130"
                          WIDTH="2251"
                          VPOS="2371"
                          HPOS="858"
                          CONTENT="ie vous prie me marquer pour quel temps que nous"/>
               </TextLine>
               <TextLine ID="region_1637654602505_1470l33"
                         BASELINE="890,2558 976,2552 1062,2548 1148,2546 1234,2542 1320,2540 1406,2540 1492,2538 1578,2538 1664,2536 1750,2536 1836,2536 1922,2536 2008,2536 2094,2534 2180,2534 2266,2532 2352,2532 2438,2529 2524,2526 2610,2522"
                         HEIGHT="134"
                         WIDTH="1755"
                         VPOS="2434"
                         HPOS="872">
                  <String ID="string_region_1637654602505_1470l33"
                          HEIGHT="134"
                          WIDTH="1755"
                          VPOS="2434"
                          HPOS="872"
                          CONTENT="pourrons avoir convoys pour Rotterdam"/>
               </TextLine>
               <TextLine ID="region_1637654602505_1470l34"
                         BASELINE="1004,2656 1079,2651 1155,2643 1230,2639 1306,2635 1381,2632 1457,2629 1532,2628 1608,2626 1683,2625 1759,2624 1834,2624 1910,2624 1985,2624 2061,2626 2136,2626 2212,2626 2287,2626 2363,2624 2438,2624 2514,2622"
                         HEIGHT="138"
                         WIDTH="1544"
                         VPOS="2538"
                         HPOS="986">
                  <String ID="string_region_1637654602505_1470l34"
                          HEIGHT="138"
                          WIDTH="1544"
                          VPOS="2538"
                          HPOS="986"
                          CONTENT="si eschantillson que ie vous ay envoyée"/>
               </TextLine>
               <TextLine ID="region_1637654602505_1470l35"
                         BASELINE="976,2808 1080,2802 1185,2795 1290,2790 1395,2787 1500,2784 1605,2784 1710,2782 1815,2782 1920,2782 2025,2782 2129,2784 2234,2784 2339,2786 2444,2786 2549,2788 2654,2788 2759,2790 2864,2790 2969,2788 3074,2788"
                         HEIGHT="164"
                         WIDTH="2129"
                         VPOS="2679"
                         HPOS="961">
                  <String ID="string_region_1637654602505_1470l35"
                          HEIGHT="164"
                          WIDTH="2129"
                          VPOS="2679"
                          HPOS="961"
                          CONTENT="voicy un auttre et les draps que ie vous ay ordonnee"/>
               </TextLine>
               <TextLine ID="region_1637654602505_1470l36"
                         BASELINE="982,2896 1089,2893 1196,2890 1303,2888 1410,2886 1518,2884 1625,2884 1732,2882 1839,2882 1946,2882 2054,2882 2161,2882 2268,2882 2375,2882 2482,2884 2590,2884 2697,2884 2804,2886 2911,2886 3018,2886 3126,2886"
                         HEIGHT="138"
                         WIDTH="2176"
                         VPOS="2780"
                         HPOS="966">
                  <String ID="string_region_1637654602505_1470l36"
                          HEIGHT="138"
                          WIDTH="2176"
                          VPOS="2780"
                          HPOS="966"
                          CONTENT="doivent estre bien onelange entre denn pas si  que "/>
               </TextLine>
               <TextLine ID="region_1637654602505_1470l37"
                         BASELINE="698,2998 817,2994 937,2988 1057,2986 1176,2982 1296,2980 1416,2978 1535,2976 1655,2976 1775,2974 1895,2974 2014,2976 2134,2976 2254,2976 2373,2978 2493,2978 2613,2980 2732,2982 2852,2982 2972,2984 3092,2986"
                         HEIGHT="131"
                         WIDTH="2424"
                         VPOS="2884"
                         HPOS="683">
                  <String ID="string_region_1637654602505_1470l37"
                          HEIGHT="131"
                          WIDTH="2424"
                          VPOS="2884"
                          HPOS="683"
                          CONTENT=" le premier eschantillion et non pluss vout a fait si"/>
               </TextLine>
               <TextLine ID="region_1637654602505_1470l38"
                         BASELINE="908,3096 983,3091 1059,3086 1134,3082 1210,3078 1286,3075 1361,3073 1437,3072 1512,3070 1588,3068 1664,3068 1739,3066 1815,3066 1890,3066 1966,3064 2042,3064 2117,3064 2193,3062 2268,3062 2344,3061 2420,3060"
                         HEIGHT="137"
                         WIDTH="1543"
                         VPOS="2978"
                         HPOS="891">
                  <String ID="string_region_1637654602505_1470l38"
                          HEIGHT="137"
                          WIDTH="1543"
                          VPOS="2978"
                          HPOS="891"
                          CONTENT="slair que ce dernier eschantillion  "/>
               </TextLine>
               <TextLine ID="region_1637654602505_1470l39"
                         BASELINE="1020,3214 1125,3210 1231,3206 1337,3202 1443,3198 1549,3196 1654,3193 1760,3190 1866,3188 1972,3186 2078,3186 2183,3184 2289,3184 2395,3184 2501,3186 2607,3188 2712,3190 2818,3194 2924,3198 3030,3202 3136,3208"
                         HEIGHT="146"
                         WIDTH="2149"
                         VPOS="3091"
                         HPOS="1003">
                  <String ID="string_region_1637654602505_1470l39"
                          HEIGHT="146"
                          WIDTH="2149"
                          VPOS="3091"
                          HPOS="1003"
                          CONTENT="vocy une tres belle couleure bien mc lange dont i'en"/>
               </TextLine>
               <TextLine ID="region_1637654602505_1470l40"
                         BASELINE="720,3202 740,3198"
                         HEIGHT="73"
                         WIDTH="62"
                         VPOS="3159"
                         HPOS="698">
                  <String ID="string_region_1637654602505_1470l40"
                          HEIGHT="73"
                          WIDTH="62"
                          VPOS="3159"
                          HPOS="698"
                          CONTENT=""/>
               </TextLine>
               <TextLine ID="region_1637654602505_1470l41"
                         BASELINE="974,3312 1081,3310 1189,3308 1296,3308 1404,3306 1511,3304 1619,3302 1726,3302 1834,3300 1941,3300 2049,3300 2156,3300 2264,3300 2371,3300 2479,3302 2586,3302 2694,3304 2801,3306 2909,3308 3016,3312 3124,3316"
                         HEIGHT="158"
                         WIDTH="2179"
                         VPOS="3200"
                         HPOS="959">
                  <String ID="string_region_1637654602505_1470l41"
                          HEIGHT="158"
                          WIDTH="2179"
                          VPOS="3200"
                          HPOS="959"
                          CONTENT="souhaitte bien trois p. une deƒ12. une d ƒƒ13 et ƒ14"/>
               </TextLine>
               <TextLine ID="region_1637654602505_1470l42"
                         BASELINE="1002,3414 1067,3410 1133,3408 1198,3406 1264,3406 1329,3406 1395,3406 1460,3406 1526,3406 1591,3406 1657,3408 1722,3408 1788,3410 1853,3410 1919,3410 1984,3410 2050,3410 2115,3408 2181,3407 2246,3404 2312,3402"
                         HEIGHT="134"
                         WIDTH="1341"
                         VPOS="3301"
                         HPOS="986">
                  <String ID="string_region_1637654602505_1470l42"
                          HEIGHT="134"
                          WIDTH="1341"
                          VPOS="3301"
                          HPOS="986"
                          CONTENT="austy denn op 3 p. d  819:10"/>
               </TextLine>
               <TextLine ID="region_1637654602505_1470l43"
                         BASELINE="1014,3546 1098,3544 1183,3540 1267,3538 1352,3536 1437,3533 1521,3532 1606,3530 1690,3528 1775,3526 1860,3524 1944,3524 2029,3522 2113,3522 2198,3520 2283,3520 2367,3520 2452,3520 2536,3520 2621,3522 2706,3522"
                         HEIGHT="160"
                         WIDTH="1723"
                         VPOS="3423"
                         HPOS="999">
                  <String ID="string_region_1637654602505_1470l43"
                          HEIGHT="160"
                          WIDTH="1723"
                          VPOS="3423"
                          HPOS="999"
                          CONTENT="sur cette eschattillion ops de ƒ12 a ƒ 13"/>
               </TextLine>
               <TextLine ID="region_1637654602505_1470l44"
                         BASELINE="784,3562 810,3565 837,3567 864,3570"
                         HEIGHT="118"
                         WIDTH="120"
                         VPOS="3483"
                         HPOS="767">
                  <String ID="string_region_1637654602505_1470l44"
                          HEIGHT="118"
                          WIDTH="120"
                          VPOS="3483"
                          HPOS="767"
                          CONTENT="dd"/>
               </TextLine>
               <TextLine ID="region_1637654602505_1470l45"
                         BASELINE="1072,3680 1147,3674 1222,3670 1297,3665 1373,3662 1448,3660 1523,3658 1599,3655 1674,3654 1749,3653 1825,3652 1900,3652 1975,3652 2050,3652 2126,3652 2201,3652 2276,3654 2352,3654 2427,3654 2502,3656 2578,3656"
                         HEIGHT="166"
                         WIDTH="1537"
                         VPOS="3543"
                         HPOS="1056">
                  <String ID="string_region_1637654602505_1470l45"
                          HEIGHT="166"
                          WIDTH="1537"
                          VPOS="3543"
                          HPOS="1056"
                          CONTENT="sur cette eschatillion nny ou 2"/>
               </TextLine>
               <TextLine ID="region_1637654602505_1470l46"
                         BASELINE="1286,3736 1377,3734 1468,3730 1559,3728 1650,3726 1741,3724 1832,3722 1923,3720 2014,3719 2105,3718 2197,3716 2288,3716 2379,3714 2470,3714 2561,3712 2652,3710 2743,3710 2834,3708 2925,3706 3016,3704 3108,3702"
                         HEIGHT="128"
                         WIDTH="1856"
                         VPOS="3642"
                         HPOS="1269">
                  <String ID="string_region_1637654602505_1470l46"
                          HEIGHT="128"
                          WIDTH="1856"
                          VPOS="3642"
                          HPOS="1269"
                          CONTENT="voorts gegaen onder canvert van Joffilde wed. Broeckmans"/>
               </TextLine>
               <TextLine ID="region_1637654602505_1470l47"
                         BASELINE="716,3748 741,3747 766,3748 791,3746 816,3744"
                         HEIGHT="140"
                         WIDTH="134"
                         VPOS="3648"
                         HPOS="699">
                  <String ID="string_region_1637654602505_1470l47"
                          HEIGHT="140"
                          WIDTH="134"
                          VPOS="3648"
                          HPOS="699"
                          CONTENT="68"/>
               </TextLine>
               <TextLine ID="region_1637654602505_1470l48"
                         BASELINE="662,3894 730,3889 799,3884 868,3880 936,3875 1005,3872 1074,3870 1142,3866 1211,3864 1280,3862 1349,3860 1417,3858 1486,3858 1555,3856 1623,3856 1692,3856 1761,3856 1829,3856 1898,3856 1967,3858 2036,3858"
                         HEIGHT="172"
                         WIDTH="1409"
                         VPOS="3749"
                         HPOS="644">
                  <String ID="string_region_1637654602505_1470l48"
                          HEIGHT="172"
                          WIDTH="1409"
                          VPOS="3749"
                          HPOS="644"
                          CONTENT="Loddon ininuy So Dorpere"/>
               </TextLine>
               <TextLine ID="region_1637654602505_1470l49"
                         BASELINE="2458,3868 2492,3868 2527,3867 2562,3866 2597,3866 2632,3866 2667,3866 2702,3867 2737,3868 2772,3868 2807,3869 2841,3870 2876,3872 2911,3872 2946,3874 2981,3875 3016,3877 3051,3878 3086,3880 3121,3883 3156,3886"
                         HEIGHT="162"
                         WIDTH="731"
                         VPOS="3761"
                         HPOS="2443">
                  <String ID="string_region_1637654602505_1470l49"
                          HEIGHT="162"
                          WIDTH="731"
                          VPOS="3761"
                          HPOS="2443"
                          CONTENT="adij 7 January 1709"/>
               </TextLine>
               <TextLine ID="region_1637654602505_1470l50"
                         BASELINE="878,3976 993,3974 1109,3974 1224,3972 1340,3970 1455,3968 1571,3966 1686,3964 1802,3963 1917,3962 2033,3960 2148,3958 2264,3958 2379,3958 2495,3958 2610,3960 2726,3962 2841,3964 2957,3967 3072,3971 3188,3976"
                         HEIGHT="111"
                         WIDTH="2341"
                         VPOS="3880"
                         HPOS="862">
                  <String ID="string_region_1637654602505_1470l50"
                          HEIGHT="111"
                          WIDTH="2341"
                          VPOS="3880"
                          HPOS="862"
                          CONTENT="referere mij aen mijnen van 3 court ingesloten remittere  £10:"/>
               </TextLine>
               <TextLine ID="region_1637654602505_1470l51"
                         BASELINE="884,4034 999,4032 1114,4030 1230,4028 1345,4026 1461,4024 1576,4022 1691,4020 1807,4018 1922,4018 2038,4016 2153,4016 2268,4016 2384,4017 2499,4018 2615,4020 2730,4024 2845,4027 2961,4032 3076,4036 3192,4044"
                         HEIGHT="140"
                         WIDTH="2341"
                         VPOS="3949"
                         HPOS="867">
                  <String ID="string_region_1637654602505_1470l51"
                          HEIGHT="140"
                          WIDTH="2341"
                          VPOS="3949"
                          HPOS="867"
                          CONTENT="van 21 pasts rsos voor mijne reken waer voor gelieft het noodagh te"/>
               </TextLine>
               <TextLine ID="region_1637654602505_1470l52"
                         BASELINE="890,4106 1003,4102 1117,4098 1231,4094 1345,4089 1459,4086 1573,4082 1687,4080 1801,4078 1915,4076 2029,4074 2142,4074 2256,4074 2370,4076 2484,4078 2598,4080 2712,4083 2826,4087 2940,4092 3054,4099 3168,4106"
                         HEIGHT="123"
                         WIDTH="2309"
                         VPOS="4006"
                         HPOS="875">
                  <String ID="string_region_1637654602505_1470l52"
                          HEIGHT="123"
                          WIDTH="2309"
                          VPOS="4006"
                          HPOS="875"
                          CONTENT="besorgen en mij te crediteren. het geordoneerde pascken met de"/>
               </TextLine>
               <TextLine ID="region_1637654602505_1470l53"
                         BASELINE="886,4174 1000,4168 1115,4160 1230,4155 1344,4150 1459,4146 1574,4142 1688,4139 1803,4136 1918,4136 2033,4134 2147,4134 2262,4134 2377,4134 2491,4136 2606,4138 2721,4140 2835,4143 2950,4147 3065,4151 3180,4156"
                         HEIGHT="82"
                         WIDTH="2328"
                         VPOS="4114"
                         HPOS="869">
                  <String ID="string_region_1637654602505_1470l53"
                          HEIGHT="82"
                          WIDTH="2328"
                          VPOS="4114"
                          HPOS="869"
                          CONTENT="spaensche laeckens volgens mijn  memorie en gesondene staelen "/>
               </TextLine>
               <TextLine ID="region_1637654602505_1470l54"
                         BASELINE="886,4240 999,4230 1112,4223 1225,4218 1339,4212 1452,4207 1565,4202 1679,4200 1792,4196 1905,4195 2019,4194 2132,4194 2245,4194 2358,4194 2472,4196 2585,4197 2698,4200 2812,4203 2925,4206 3038,4210 3152,4214"
                         HEIGHT="125"
                         WIDTH="2297"
                         VPOS="4131"
                         HPOS="872">
                  <String ID="string_region_1637654602505_1470l54"
                          HEIGHT="125"
                          WIDTH="2297"
                          VPOS="4131"
                          HPOS="872"
                          CONTENT="sal achtervolegens met het eerste Rotterdams canen te gemoet"/>
               </TextLine>
               <TextLine ID="region_1637654602505_1470l55"
                         BASELINE="882,4302 992,4293 1102,4285 1212,4278 1322,4272 1432,4266 1542,4262 1652,4258 1762,4256 1872,4254 1982,4252 2092,4252 2202,4252 2312,4253 2422,4254 2532,4256 2642,4258 2752,4262 2862,4264 2972,4268 3082,4272"
                         HEIGHT="106"
                         WIDTH="2232"
                         VPOS="4226"
                         HPOS="865">
                  <String ID="string_region_1637654602505_1470l55"
                          HEIGHT="106"
                          WIDTH="2232"
                          VPOS="4226"
                          HPOS="865"
                          CONTENT="sien ende deer van de facture en staelen met connossement"/>
               </TextLine>
               <TextLine ID="region_1637654602505_1470l56"
                         BASELINE="876,4360 991,4352 1107,4346 1222,4340 1338,4334 1454,4330 1569,4326 1685,4324 1800,4322 1916,4320 2032,4320 2147,4320 2263,4320 2378,4320 2494,4322 2610,4322 2725,4324 2841,4327 2956,4329 3072,4332 3188,4334"
                         HEIGHT="73"
                         WIDTH="2343"
                         VPOS="4293"
                         HPOS="860">
                  <String ID="string_region_1637654602505_1470l56"
                          HEIGHT="73"
                          WIDTH="2343"
                          VPOS="4293"
                          HPOS="860"
                          CONTENT="nu gelieve ue voorders met goede occasie gereedt te maerken "/>
               </TextLine>
            </TextBlock>
            <TextBlock ID="region_1637654607713_1473"
                       HEIGHT="4322"
                       WIDTH="2597"
                       VPOS="57"
                       HPOS="3277">
               <Shape>
                  <Polygon POINTS="3277,57 5874,57 5874,4379 3277,4379"/>
               </Shape>
               <TextLine ID="region_1637654607713_1473l1"
                         BASELINE="3436,100 3557,98 3679,96 3801,94 3923,94 4045,94 4166,94 4288,96 4410,98 4532,98 4654,100 4775,102 4897,104 5019,106 5141,108 5263,110 5384,110 5506,112 5628,112 5750,112 5872,112"
                         HEIGHT="103"
                         WIDTH="2468"
                         VPOS="36"
                         HPOS="3419">
                  <String ID="string_region_1637654607713_1473l1"
                          HEIGHT="103"
                          WIDTH="2468"
                          VPOS="36"
                          HPOS="3419"
                          CONTENT="enmande coopen noch givce e reke nder met sesthien, os en de die"/>
               </TextLine>
               <TextLine ID="region_1637654607713_1473l2"
                         BASELINE="3430,168 3484,163 3538,157 3593,154 3647,152 3702,148 3756,146 3810,144 3865,142 3919,142 3974,142 4028,142 4082,142 4137,142 4191,144 4246,144 4300,146 4354,148 4409,150 4463,151 4518,152"
                         HEIGHT="110"
                         WIDTH="1116"
                         VPOS="77"
                         HPOS="3416">
                  <String ID="string_region_1637654607713_1473l2"
                          HEIGHT="110"
                          WIDTH="1116"
                          VPOS="77"
                          HPOS="3416"
                          CONTENT="gassorteren een van 35:6 a 3 ƒ"/>
               </TextLine>
               <TextLine ID="region_1637654607713_1473l3"
                         BASELINE="4612,158 4668,156 4725,154 4782,154 4839,152 4896,152 4952,152 5009,152 5066,152 5123,152 5180,153 5236,154 5293,155 5350,156 5407,158 5464,159 5520,160 5577,162 5634,164 5691,164 5748,166"
                         HEIGHT="120"
                         WIDTH="1168"
                         VPOS="76"
                         HPOS="4595">
                  <String ID="string_region_1637654607713_1473l3"
                          HEIGHT="120"
                          WIDTH="1168"
                          VPOS="76"
                          HPOS="4595"
                          CONTENT="en ƒ36:6 niet eveederendeen een "/>
               </TextLine>
               <TextLine ID="region_1637654607713_1473l4"
                         BASELINE="3442,224 3561,218 3680,213 3799,210 3918,207 4037,205 4156,204 4275,204 4394,204 4513,204 4632,206 4751,206 4870,208 4989,210 5108,212 5227,214 5346,216 5465,218 5584,220 5703,220 5822,222"
                         HEIGHT="129"
                         WIDTH="2412"
                         VPOS="118"
                         HPOS="3426">
                  <String ID="string_region_1637654607713_1473l4"
                          HEIGHT="129"
                          WIDTH="2412"
                          VPOS="118"
                          HPOS="3426"
                          CONTENT="van 37a ƒ8 niet excederende de couleuren daer van laete aende"/>
               </TextLine>
               <TextLine ID="region_1637654607713_1473l5"
                         BASELINE="3434,288 3555,282 3677,278 3799,274 3921,270 4043,267 4164,265 4286,264 4408,264 4530,264 4652,264 4773,264 4895,266 5017,267 5139,268 5261,270 5382,272 5504,274 5626,278 5748,280 5870,282"
                         HEIGHT="86"
                         WIDTH="2468"
                         VPOS="218"
                         HPOS="3417">
                  <String ID="string_region_1637654607713_1473l5"
                          HEIGHT="86"
                          WIDTH="2468"
                          VPOS="218"
                          HPOS="3417"
                          CONTENT="goet ingement met recommandatie dat die cleynen l"/>
               </TextLine>
               <TextLine ID="region_1637654607713_1473l6"
                         BASELINE="3426,352 3546,344 3667,337 3788,330 3909,326 4030,322 4150,320 4271,318 4392,318 4513,318 4634,318 4754,320 4875,322 4996,323 5117,325 5238,328 5358,329 5479,330 5600,332 5721,334 5842,334"
                         HEIGHT="100"
                         WIDTH="2446"
                         VPOS="292"
                         HPOS="3411">
                  <String ID="string_region_1637654607713_1473l6"
                          HEIGHT="100"
                          WIDTH="2446"
                          VPOS="292"
                          HPOS="3411"
                          CONTENT="moeten weden dien aengaende is niets dat preseert iet sulcx "/>
               </TextLine>
               <TextLine ID="region_1637654607713_1473l7"
                         BASELINE="3446,408 3564,400 3682,394 3801,389 3919,384 4038,381 4156,378 4274,376 4393,376 4511,374 4630,374 4748,376 4866,376 4985,378 5103,380 5222,382 5340,384 5458,387 5577,390 5695,392 5814,396"
                         HEIGHT="102"
                         WIDTH="2400"
                         VPOS="312"
                         HPOS="3430">
                  <String ID="string_region_1637654607713_1473l7"
                          HEIGHT="102"
                          WIDTH="2400"
                          VPOS="312"
                          HPOS="3430"
                          CONTENT="clieft voor de qualitijdt soo neclats de conseuren goede sorghe te"/>
               </TextLine>
               <TextLine ID="region_1637654607713_1473l8"
                         BASELINE="3434,472 3553,464 3673,456 3792,452 3912,446 4032,444 4151,442 4271,440 4390,438 4510,438 4630,440 4749,440 4869,441 4988,442 5108,444 5228,446 5347,446 5467,448 5586,448 5706,448 5826,448"
                         HEIGHT="130"
                         WIDTH="2421"
                         VPOS="362"
                         HPOS="3419">
                  <String ID="string_region_1637654607713_1473l8"
                          HEIGHT="130"
                          WIDTH="2421"
                          VPOS="362"
                          HPOS="3419"
                          CONTENT="draegen en mijn in te rest als engen te behertigen voorden de "/>
               </TextLine>
               <TextLine ID="region_1637654607713_1473l9"
                         BASELINE="3442,536 3562,527 3682,521 3802,515 3922,509 4042,506 4162,502 4282,500 4402,500 4522,498 4642,498 4762,500 4882,500 5002,502 5122,504 5242,506 5362,509 5482,512 5602,514 5722,516 5842,520"
                         HEIGHT="94"
                         WIDTH="2433"
                         VPOS="482"
                         HPOS="3425">
                  <String ID="string_region_1637654607713_1473l9"
                          HEIGHT="94"
                          WIDTH="2433"
                          VPOS="482"
                          HPOS="3425"
                          CONTENT="selve niet af te schepen oft versonden voor naerder ordre en"/>
               </TextLine>
               <TextLine ID="region_1637654607713_1473l10"
                         BASELINE="3448,608 3538,598 3629,590 3720,584 3811,578 3902,574 3993,571 4084,568 4175,566 4266,564 4357,564 4447,564 4538,564 4629,562 4720,562 4811,562 4902,562 4993,562 5084,562 5175,560 5266,558"
                         HEIGHT="115"
                         WIDTH="1849"
                         VPOS="508"
                         HPOS="3432">
                  <String ID="string_region_1637654607713_1473l10"
                          HEIGHT="115"
                          WIDTH="1849"
                          VPOS="508"
                          HPOS="3432"
                          CONTENT="soo Blijve afwachtende deere van ue antwoort"/>
               </TextLine>
               <TextLine ID="region_1637654607713_1473l11"
                         BASELINE="5558,584 5602,592"
                         HEIGHT="92"
                         WIDTH="90"
                         VPOS="514"
                         HPOS="5540">
                  <String ID="string_region_1637654607713_1473l11"
                          HEIGHT="92"
                          WIDTH="90"
                          VPOS="514"
                          HPOS="5540"
                          CONTENT="27"/>
               </TextLine>
               <TextLine ID="region_1637654607713_1473l12"
                         BASELINE="4060,614 4149,616 4239,616 4329,616 4419,616 4509,616 4598,616 4688,614 4778,614 4868,614 4958,614 5047,614 5137,616 5227,616 5317,616 5407,618 5496,619 5586,620 5676,622 5766,626 5856,628"
                         HEIGHT="127"
                         WIDTH="1829"
                         VPOS="545"
                         HPOS="4044">
                  <String ID="string_region_1637654607713_1473l12"
                          HEIGHT="127"
                          WIDTH="1829"
                          VPOS="545"
                          HPOS="4044"
                          CONTENT="voorts gegaen onder convert van jopt de wed. Broeck"/>
               </TextLine>
               <TextLine ID="region_1637654607713_1473l13"
                         BASELINE="3304,728 3366,722 3429,717 3491,713 3554,710 3617,709 3679,708 3742,708 3804,708 3867,710 3930,712 3992,714 4055,715 4117,716 4180,718 4243,719 4305,720 4368,720 4430,718 4493,718 4556,714"
                         HEIGHT="167"
                         WIDTH="1286"
                         VPOS="608"
                         HPOS="3287">
                  <String ID="string_region_1637654607713_1473l13"
                          HEIGHT="167"
                          WIDTH="1286"
                          VPOS="608"
                          HPOS="3287"
                          CONTENT="mons Pierre Francois Caniot"/>
               </TextLine>
               <TextLine ID="region_1637654607713_1473l14"
                         BASELINE="4924,736 4965,736 5006,738 5047,740 5088,740 5130,742 5171,742 5212,744 5253,744 5294,746 5336,746 5377,748 5418,748 5459,750 5500,750 5542,751 5583,752 5624,752 5665,754 5706,754 5748,756"
                         HEIGHT="165"
                         WIDTH="855"
                         VPOS="638"
                         HPOS="4909">
                  <String ID="string_region_1637654607713_1473l14"
                          HEIGHT="165"
                          WIDTH="855"
                          VPOS="638"
                          HPOS="4909"
                          CONTENT="Ady 71 auu. 12oy"/>
               </TextLine>
               <TextLine ID="region_1637654607713_1473l15"
                         BASELINE="3460,822 3572,822 3685,820 3798,820 3911,820 4024,820 4137,820 4250,820 4363,822 4476,824 4589,825 4701,828 4814,830 4927,832 5040,836 5153,840 5266,844 5379,848 5492,854 5605,858 5718,864"
                         HEIGHT="144"
                         WIDTH="2292"
                         VPOS="759"
                         HPOS="3443">
                  <String ID="string_region_1637654607713_1473l15"
                          HEIGHT="144"
                          WIDTH="2292"
                          VPOS="759"
                          HPOS="3443"
                          CONTENT="pour responce a la vre du 5 du court  incluse de "/>
               </TextLine>
               <TextLine ID="region_1637654607713_1473l16"
                         BASELINE="3438,920 3557,918 3676,918 3795,916 3914,916 4033,918 4152,918 4271,920 4390,922 4509,924 4629,926 4748,930 4867,932 4986,936 5105,938 5224,942 5343,944 5462,948 5581,951 5700,954 5820,956"
                         HEIGHT="166"
                         WIDTH="2412"
                         VPOS="821"
                         HPOS="3422">
                  <String ID="string_region_1637654607713_1473l16"
                          HEIGHT="166"
                          WIDTH="2412"
                          VPOS="821"
                          HPOS="3422"
                          CONTENT="eschantillions de mes draps communs comme ie vous"/>
               </TextLine>
               <TextLine ID="region_1637654607713_1473l17"
                         BASELINE="3436,1022 3554,1022 3673,1024 3792,1024 3911,1024 4030,1026 4149,1026 4268,1028 4387,1028 4506,1030 4625,1032 4743,1032 4862,1034 4981,1036 5100,1038 5219,1042 5338,1044 5457,1048 5576,1052 5695,1056 5814,1060"
                         HEIGHT="153"
                         WIDTH="2408"
                         VPOS="948"
                         HPOS="3421">
                  <String ID="string_region_1637654607713_1473l17"
                          HEIGHT="153"
                          WIDTH="2408"
                          VPOS="948"
                          HPOS="3421"
                          CONTENT="ay marque p. mes inecedente et comme vous me demandez"/>
               </TextLine>
               <TextLine ID="region_1637654607713_1473l18"
                         BASELINE="3446,1132 3566,1134 3686,1134 3806,1134 3927,1134 4047,1134 4167,1134 4288,1134 4408,1134 4528,1134 4649,1136 4769,1136 4889,1138 5009,1140 5130,1142 5250,1146 5370,1149 5491,1154 5611,1159 5731,1165 5852,1172"
                         HEIGHT="176"
                         WIDTH="2437"
                         VPOS="1041"
                         HPOS="3431">
                  <String ID="string_region_1637654607713_1473l18"
                          HEIGHT="176"
                          WIDTH="2437"
                          VPOS="1041"
                          HPOS="3431"
                          CONTENT="rouge jausne verd. bleu et pas bleu tientire d'Angleterrie"/>
               </TextLine>
               <TextLine ID="region_1637654607713_1473l19"
                         BASELINE="3422,1266 3542,1262 3662,1257 3783,1253 3903,1250 4024,1248 4144,1246 4264,1245 4385,1244 4505,1244 4626,1246 4746,1246 4866,1248 4987,1248 5107,1250 5228,1252 5348,1254 5468,1256 5589,1258 5709,1260 5830,1262"
                         HEIGHT="169"
                         WIDTH="2439"
                         VPOS="1145"
                         HPOS="3407">
                  <String ID="string_region_1637654607713_1473l19"
                          HEIGHT="169"
                          WIDTH="2439"
                          VPOS="1145"
                          HPOS="3407"
                          CONTENT=" un escu la chacqu. ne contient, environs"/>
               </TextLine>
               <TextLine ID="region_1637654607713_1473l20"
                         BASELINE="3452,1368 3560,1368 3668,1368 3776,1368 3885,1368 3993,1366 4101,1366 4210,1366 4318,1366 4426,1366 4535,1366 4643,1366 4751,1366 4859,1366 4968,1368 5076,1370 5184,1372 5293,1375 5401,1378 5509,1383 5618,1388"
                         HEIGHT="146"
                         WIDTH="2198"
                         VPOS="1264"
                         HPOS="3437">
                  <String ID="string_region_1637654607713_1473l20"
                          HEIGHT="146"
                          WIDTH="2198"
                          VPOS="1264"
                          HPOS="3437"
                          CONTENT="de 28 a30 a 1e vous prie me renvoyeer mes"/>
               </TextLine>
               <TextLine ID="region_1637654607713_1473l21"
                         BASELINE="3428,1470 3540,1470 3653,1470 3766,1471 3879,1472 3992,1472 4104,1472 4217,1472 4330,1474 4443,1474 4556,1474 4668,1476 4781,1478 4894,1478 5007,1481 5120,1484 5232,1486 5345,1490 5458,1494 5571,1498 5684,1504"
                         HEIGHT="146"
                         WIDTH="2289"
                         VPOS="1388"
                         HPOS="3411">
                  <String ID="string_region_1637654607713_1473l21"
                          HEIGHT="146"
                          WIDTH="2289"
                          VPOS="1388"
                          HPOS="3411"
                          CONTENT="eschantielions et me commander en tout que "/>
               </TextLine>
               <TextLine ID="region_1637654607713_1473l22"
                         BASELINE="3420,1588 3532,1586 3645,1584 3758,1584 3871,1584 3984,1584 4096,1584 4209,1586 4322,1586 4435,1588 4548,1590 4660,1592 4773,1594 4886,1596 4999,1598 5112,1602 5224,1604 5337,1606 5450,1608 5563,1610 5676,1610"
                         HEIGHT="140"
                         WIDTH="2289"
                         VPOS="1513"
                         HPOS="3402">
                  <String ID="string_region_1637654607713_1473l22"
                          HEIGHT="140"
                          WIDTH="2289"
                          VPOS="1513"
                          HPOS="3402"
                          CONTENT="pourries avoir besoing et soyez asseure que ie suis"/>
               </TextLine>
               <TextLine ID="region_1637654607713_1473l23"
                         BASELINE="3444,1688 3561,1691 3678,1694 3795,1697 3912,1700 4030,1702 4147,1706 4264,1708 4381,1709 4498,1711 4616,1713 4733,1714 4850,1716 4967,1718 5084,1718 5202,1720 5319,1722 5436,1722 5553,1724 5670,1726 5788,1728"
                         HEIGHT="119"
                         WIDTH="2376"
                         VPOS="1631"
                         HPOS="3427">
                  <String ID="string_region_1637654607713_1473l23"
                          HEIGHT="119"
                          WIDTH="2376"
                          VPOS="1631"
                          HPOS="3427"
                          CONTENT="fourni de toutte sorte de marchandise et que ie "/>
               </TextLine>
               <TextLine ID="region_1637654607713_1473l24"
                         BASELINE="3424,1814 3539,1812 3655,1812 3771,1812 3887,1812 4003,1814 4118,1816 4234,1818 4350,1820 4466,1824 4582,1826 4697,1828 4813,1832 4929,1834 5045,1836 5161,1840 5276,1842 5392,1842 5508,1844 5624,1844 5740,1844"
                         HEIGHT="119"
                         WIDTH="2351"
                         VPOS="1753"
                         HPOS="3407">
                  <String ID="string_region_1637654607713_1473l24"
                          HEIGHT="119"
                          WIDTH="2351"
                          VPOS="1753"
                          HPOS="3407"
                          CONTENT="ou manqueray jamais a vous bien servir et a u"/>
               </TextLine>
               <TextLine ID="region_1637654607713_1473l25"
                         BASELINE="3440,1916 3518,1916 3597,1918 3676,1918 3755,1918 3834,1918 3913,1920 3992,1920 4071,1922 4150,1923 4229,1924 4307,1926 4386,1927 4465,1928 4544,1930 4623,1932 4702,1934 4781,1936 4860,1938 4939,1940 5018,1942"
                         HEIGHT="132"
                         WIDTH="1612"
                         VPOS="1820"
                         HPOS="3423">
                  <String ID="string_region_1637654607713_1473l25"
                          HEIGHT="132"
                          WIDTH="1612"
                          VPOS="1820"
                          HPOS="3423"
                          CONTENT="plus iust prix possible qui suis "/>
               </TextLine>
               <TextLine ID="region_1637654607713_1473l26"
                         BASELINE="3294,2118 3337,2110 3380,2106 3424,2100 3467,2098 3511,2094 3554,2092 3597,2090 3641,2088 3684,2088 3728,2088 3771,2087 3814,2086 3858,2086 3901,2086 3945,2086 3988,2084 4031,2083 4075,2081 4118,2078 4162,2074"
                         HEIGHT="167"
                         WIDTH="902"
                         VPOS="1978"
                         HPOS="3275">
                  <String ID="string_region_1637654607713_1473l26"
                          HEIGHT="167"
                          WIDTH="902"
                          VPOS="1978"
                          HPOS="3275"
                          CONTENT="Mons A. OMoust"/>
               </TextLine>
               <TextLine ID="region_1637654607713_1473l27"
                         BASELINE="5084,2114 5109,2115 5135,2116 5161,2116 5187,2116 5212,2116 5238,2116 5264,2116 5290,2116 5316,2116 5341,2116 5367,2115 5393,2114 5419,2114 5444,2114 5470,2114 5496,2112 5522,2112 5548,2112"
                         HEIGHT="133"
                         WIDTH="494"
                         VPOS="2012"
                         HPOS="5069">
                  <String ID="string_region_1637654607713_1473l27"
                          HEIGHT="133"
                          WIDTH="494"
                          VPOS="2012"
                          HPOS="5069"
                          CONTENT="adij 8 ditto"/>
               </TextLine>
               <TextLine ID="region_1637654607713_1473l28"
                         BASELINE="4774,2142 4810,2136 4846,2134"
                         HEIGHT="99"
                         WIDTH="110"
                         VPOS="2057"
                         HPOS="4751">
                  <String ID="string_region_1637654607713_1473l28"
                          HEIGHT="99"
                          WIDTH="110"
                          VPOS="2057"
                          HPOS="4751"
                          CONTENT="n"/>
               </TextLine>
               <TextLine ID="region_1637654607713_1473l29"
                         BASELINE="3418,2182 3539,2179 3661,2176 3783,2174 3905,2174 4027,2174 4148,2174 4270,2176 4392,2176 4514,2178 4636,2181 4757,2183 4879,2186 5001,2188 5123,2190 5245,2192 5366,2192 5488,2194 5610,2194 5732,2194 5854,2194"
                         HEIGHT="100"
                         WIDTH="2468"
                         VPOS="2137"
                         HPOS="3402">
                  <String ID="string_region_1637654607713_1473l29"
                          HEIGHT="100"
                          WIDTH="2468"
                          VPOS="2137"
                          HPOS="3402"
                          CONTENT="apres vous avoir souhaitte comme a mad vre compagne l'heureuse nouvelle "/>
               </TextLine>
               <TextLine ID="region_1637654607713_1473l30"
                         BASELINE="3410,2248 3531,2242 3653,2236 3775,2234 3897,2232 4019,2232 4140,2234 4262,2234 4384,2238 4506,2240 4628,2244 4749,2248 4871,2250 4993,2254 5115,2256 5237,2258 5358,2260 5480,2260 5602,2258 5724,2256 5846,2252"
                         HEIGHT="83"
                         WIDTH="2468"
                         VPOS="2198"
                         HPOS="3393">
                  <String ID="string_region_1637654607713_1473l30"
                          HEIGHT="83"
                          WIDTH="2468"
                          VPOS="2198"
                          HPOS="3393"
                          CONTENT="en nee auce toutte sorte de bene diet ions et contentement celle ey vous donne "/>
               </TextLine>
               <TextLine ID="region_1637654607713_1473l31"
                         BASELINE="3412,2306 3532,2300 3652,2295 3773,2292 3893,2290 4014,2290 4134,2290 4254,2290 4375,2293 4495,2296 4616,2298 4736,2301 4856,2304 4977,2307 5097,2310 5218,2314 5338,2316 5458,2318 5579,2320 5699,2320 5820,2318"
                         HEIGHT="59"
                         WIDTH="2441"
                         VPOS="2270"
                         HPOS="3396">
                  <String ID="string_region_1637654607713_1473l31"
                          HEIGHT="59"
                          WIDTH="2441"
                          VPOS="2270"
                          HPOS="3396"
                          CONTENT="ra advis que i'ay envoyéee pour lirustelles a l'addresse de la raitte doracu"/>
               </TextLine>
               <TextLine ID="region_1637654607713_1473l32"
                         BASELINE="3412,2364 3533,2358 3654,2352 3775,2350 3896,2348 4017,2346 4138,2346 4259,2348 4380,2350 4501,2352 4622,2355 4743,2358 4864,2362 4985,2366 5106,2368 5227,2372 5348,2374 5469,2376 5590,2376 5711,2376 5832,2376"
                         HEIGHT="76"
                         WIDTH="2453"
                         VPOS="2327"
                         HPOS="3396">
                  <String ID="string_region_1637654607713_1473l32"
                          HEIGHT="76"
                          WIDTH="2453"
                          VPOS="2327"
                          HPOS="3396"
                          CONTENT="marche au graen les deux demie pr de draps faus ne et deux flanel les de "/>
               </TextLine>
               <TextLine ID="region_1637654607713_1473l33"
                         BASELINE="3406,2428 3528,2421 3650,2414 3772,2410 3895,2406 4017,2406 4139,2406 4262,2406 4384,2408 4506,2410 4629,2413 4751,2416 4873,2420 4995,2422 5118,2426 5240,2429 5362,2432 5485,2432 5607,2434 5729,2432 5852,2432"
                         HEIGHT="104"
                         WIDTH="2478"
                         VPOS="2368"
                         HPOS="3391">
                  <String ID="string_region_1637654607713_1473l33"
                          HEIGHT="104"
                          WIDTH="2478"
                          VPOS="2368"
                          HPOS="3391"
                          CONTENT="3as larges rouges dans vre rolte marquet  que i'espere vous parvien"/>
               </TextLine>
               <TextLine ID="region_1637654607713_1473l34"
                         BASELINE="3412,2484 3533,2478 3654,2474 3776,2470 3897,2468 4019,2468 4140,2468 4261,2468 4383,2468 4504,2470 4626,2473 4747,2476 4868,2478 4990,2480 5111,2482 5233,2484 5354,2486 5475,2486 5597,2488 5718,2486 5840,2486"
                         HEIGHT="85"
                         WIDTH="2462"
                         VPOS="2436"
                         HPOS="3395">
                  <String ID="string_region_1637654607713_1473l34"
                          HEIGHT="85"
                          WIDTH="2462"
                          VPOS="2436"
                          HPOS="3395"
                          CONTENT="dra ian et a vre contentement car le tout esttparfaittementbientient"/>
               </TextLine>
               <TextLine ID="region_1637654607713_1473l35"
                         BASELINE="3404,2540 3526,2534 3649,2532 3771,2529 3894,2528 4017,2528 4139,2528 4262,2528 4384,2528 4507,2530 4630,2532 4752,2534 4875,2536 4997,2539 5120,2542 5243,2544 5365,2546 5488,2546 5610,2548 5733,2548 5856,2548"
                         HEIGHT="92"
                         WIDTH="2484"
                         VPOS="2497"
                         HPOS="3389">
                  <String ID="string_region_1637654607713_1473l35"
                          HEIGHT="92"
                          WIDTH="2484"
                          VPOS="2497"
                          HPOS="3389"
                          CONTENT="et conditionce au pied de cette la facture portant en argent de change"/>
               </TextLine>
               <TextLine ID="region_1637654607713_1473l36"
                         BASELINE="3416,2598 3538,2595 3660,2592 3783,2590 3905,2590 4028,2590 4150,2590 4272,2590 4395,2592 4517,2594 4640,2596 4762,2600 4884,2602 5007,2604 5129,2606 5252,2608 5374,2610 5496,2612 5619,2612 5741,2612 5864,2612"
                         HEIGHT="105"
                         WIDTH="2477"
                         VPOS="2543"
                         HPOS="3402">
                  <String ID="string_region_1637654607713_1473l36"
                          HEIGHT="105"
                          WIDTH="2477"
                          VPOS="2543"
                          HPOS="3402"
                          CONTENT="ƒ231:8½ pour quelle somme il vous plaira me crediter. les deux ½p de drapss "/>
               </TextLine>
               <TextLine ID="region_1637654607713_1473l37"
                         BASELINE="3388,2662 3509,2656 3631,2652 3752,2648 3874,2646 3996,2646 4117,2646 4239,2648 4360,2650 4482,2653 4604,2656 4725,2660 4847,2662 4968,2666 5090,2670 5212,2672 5333,2674 5455,2675 5576,2676 5698,2674 5820,2672"
                         HEIGHT="101"
                         WIDTH="2462"
                         VPOS="2616"
                         HPOS="3373">
                  <String ID="string_region_1637654607713_1473l37"
                          HEIGHT="101"
                          WIDTH="2462"
                          VPOS="2616"
                          HPOS="3373"
                          CONTENT="sont rollee chsembletellement qusil ne parroist q'une p. ausy les bayes "/>
               </TextLine>
               <TextLine ID="region_1637654607713_1473l38"
                         BASELINE="3400,2722 3521,2716 3642,2711 3763,2708 3884,2706 4006,2706 4127,2706 4248,2708 4369,2711 4490,2714 4612,2718 4733,2721 4854,2724 4975,2728 5096,2732 5218,2735 5339,2738 5460,2738 5581,2740 5702,2739 5824,2738"
                         HEIGHT="77"
                         WIDTH="2456"
                         VPOS="2673"
                         HPOS="3384">
                  <String ID="string_region_1637654607713_1473l38"
                          HEIGHT="77"
                          WIDTH="2456"
                          VPOS="2673"
                          HPOS="3384"
                          CONTENT="dont in a femme m'aprie d'en conper 17a pourr sen servir les draps et "/>
               </TextLine>
               <TextLine ID="region_1637654607713_1473l39"
                         BASELINE="3410,2788 3530,2780 3651,2772 3772,2768 3892,2766 4013,2764 4134,2766 4254,2768 4375,2770 4496,2773 4617,2777 4737,2782 4858,2786 4979,2790 5099,2793 5220,2796 5341,2798 5461,2798 5582,2798 5703,2796 5824,2792"
                         HEIGHT="99"
                         WIDTH="2447"
                         VPOS="2740"
                         HPOS="3393">
                  <String ID="string_region_1637654607713_1473l39"
                          HEIGHT="99"
                          WIDTH="2447"
                          VPOS="2740"
                          HPOS="3393"
                          CONTENT="les bayes ne dotent passer en droit que chacque pour une ps i'ay negotie"/>
               </TextLine>
               <TextLine ID="region_1637654607713_1473l40"
                         BASELINE="3394,2848 3517,2839 3640,2832 3763,2828 3886,2826 4009,2824 4132,2826 4255,2828 4378,2830 4501,2834 4625,2838 4748,2842 4871,2846 4994,2850 5117,2854 5240,2856 5363,2858 5486,2860 5609,2858 5732,2856 5856,2852"
                         HEIGHT="94"
                         WIDTH="2493"
                         VPOS="2797"
                         HPOS="3380">
                  <String ID="string_region_1637654607713_1473l40"
                          HEIGHT="94"
                          WIDTH="2493"
                          VPOS="2797"
                          HPOS="3380"
                          CONTENT="vre de vos deux lettres de change de ƒ1000:- sur Amsterd: a 1½ pet. rest 982:16"/>
               </TextLine>
               <TextLine ID="region_1637654607713_1473l41"
                         BASELINE="3386,2912 3506,2903 3626,2895 3746,2890 3866,2888 3986,2886 4106,2888 4226,2890 4346,2892 4466,2896 4587,2902 4707,2905 4827,2910 4947,2914 5067,2918 5187,2920 5307,2922 5427,2922 5547,2920 5667,2915 5788,2910"
                         HEIGHT="95"
                         WIDTH="2434"
                         VPOS="2848"
                         HPOS="3370">
                  <String ID="string_region_1637654607713_1473l41"
                          HEIGHT="95"
                          WIDTH="2434"
                          VPOS="2848"
                          HPOS="3370"
                          CONTENT="auce beau coup de prenne et i'ay tenne la lettre iusques au dernier"/>
               </TextLine>
               <TextLine ID="region_1637654607713_1473l42"
                         BASELINE="3382,2972 3504,2962 3627,2955 3750,2950 3873,2946 3996,2946 4118,2946 4241,2948 4364,2950 4487,2953 4610,2957 4732,2962 4855,2965 4978,2968 5101,2971 5224,2973 5346,2974 5469,2974 5592,2970 5715,2967 5838,2960"
                         HEIGHT="116"
                         WIDTH="2487"
                         VPOS="2889"
                         HPOS="3367">
                  <String ID="string_region_1637654607713_1473l42"
                          HEIGHT="116"
                          WIDTH="2487"
                          VPOS="2889"
                          HPOS="3367"
                          CONTENT="tour. le change est pour le present a 2 pers de perte comme pouvez vous "/>
               </TextLine>
               <TextLine ID="region_1637654607713_1473l43"
                         BASELINE="3398,3028 3521,3019 3644,3012 3768,3008 3891,3006 4015,3004 4138,3004 4261,3006 4385,3008 4508,3010 4632,3014 4755,3016 4878,3020 5002,3023 5125,3026 5249,3028 5372,3030 5495,3030 5619,3030 5742,3028 5866,3024"
                         HEIGHT="72"
                         WIDTH="2499"
                         VPOS="2990"
                         HPOS="3382">
                  <String ID="string_region_1637654607713_1473l43"
                          HEIGHT="72"
                          WIDTH="2499"
                          VPOS="2990"
                          HPOS="3382"
                          CONTENT="dche7 monstrivier au billiet de change qui en at touttes les sepmainess"/>
               </TextLine>
               <TextLine ID="region_1637654607713_1473l44"
                         BASELINE="3404,3080 3524,3074 3645,3071 3765,3068 3886,3068 4007,3068 4127,3068 4248,3068 4368,3070 4489,3072 4610,3074 4730,3076 4851,3080 4971,3082 5092,3084 5213,3086 5333,3086 5454,3086 5574,3086 5695,3086 5816,3084"
                         HEIGHT="79"
                         WIDTH="2444"
                         VPOS="3040"
                         HPOS="3387">
                  <String ID="string_region_1637654607713_1473l44"
                          HEIGHT="79"
                          WIDTH="2444"
                          VPOS="3040"
                          HPOS="3387"
                          CONTENT="en tout que pourriez au oir besoing ie vous prie me commander et ie ne"/>
               </TextLine>
               <TextLine ID="region_1637654607713_1473l45"
                         BASELINE="3406,3140 3525,3134 3644,3129 3763,3126 3882,3124 4001,3122 4120,3122 4239,3124 4358,3126 4477,3128 4596,3130 4715,3132 4834,3136 4953,3138 5072,3140 5191,3142 5310,3142 5429,3143 5548,3142 5667,3140 5786,3136"
                         HEIGHT="82"
                         WIDTH="2412"
                         VPOS="3082"
                         HPOS="3390">
                  <String ID="string_region_1637654607713_1473l45"
                          HEIGHT="82"
                          WIDTH="2412"
                          VPOS="3082"
                          HPOS="3390"
                          CONTENT="manqueras &amp; am ais a vous bien servin et au plus iust prix possille "/>
               </TextLine>
               <TextLine ID="region_1637654607713_1473l46"
                         BASELINE="3394,3202 3515,3194 3636,3189 3757,3184 3878,3182 4000,3182 4121,3182 4242,3182 4363,3184 4484,3186 4606,3188 4727,3192 4848,3194 4969,3196 5090,3198 5212,3200 5333,3200 5454,3200 5575,3198 5696,3195 5818,3190"
                         HEIGHT="80"
                         WIDTH="2456"
                         VPOS="3150"
                         HPOS="3377">
                  <String ID="string_region_1637654607713_1473l46"
                          HEIGHT="80"
                          WIDTH="2456"
                          VPOS="3150"
                          HPOS="3377"
                          CONTENT="i'espere que vous aurez bonne de bite pr la cour et la garnison. i'ay un"/>
               </TextLine>
               <TextLine ID="region_1637654607713_1473l47"
                         BASELINE="3402,3256 3524,3248 3647,3244 3769,3240 3892,3238 4015,3238 4137,3238 4260,3240 4382,3242 4505,3246 4628,3248 4750,3252 4873,3255 4995,3258 5118,3260 5241,3262 5363,3262 5486,3262 5608,3260 5731,3256 5854,3250"
                         HEIGHT="125"
                         WIDTH="2484"
                         VPOS="3162"
                         HPOS="3387">
                  <String ID="string_region_1637654607713_1473l47"
                          HEIGHT="125"
                          WIDTH="2484"
                          VPOS="3162"
                          HPOS="3387"
                          CONTENT="bonne partie de ze drapstients de fautte sorte de cou leures an cheman "/>
               </TextLine>
               <TextLine ID="region_1637654607713_1473l48"
                         BASELINE="3398,3312 3520,3304 3642,3298 3765,3294 3887,3292 4010,3290 4132,3292 4254,3293 4377,3296 4499,3298 4622,3303 4744,3308 4866,3311 4989,3316 5111,3318 5234,3322 5356,3324 5478,3324 5601,3324 5723,3322 5846,3320"
                         HEIGHT="87"
                         WIDTH="2481"
                         VPOS="3267"
                         HPOS="3382">
                  <String ID="string_region_1637654607713_1473l48"
                          HEIGHT="87"
                          WIDTH="2481"
                          VPOS="3267"
                          HPOS="3382"
                          CONTENT="ausst de draps dins eclleur a la mode en tre aultres de ce coulendgri"/>
               </TextLine>
               <TextLine ID="region_1637654607713_1473l49"
                         BASELINE="3396,3370 3519,3362 3643,3356 3767,3352 3891,3350 4015,3350 4138,3350 4262,3352 4386,3354 4510,3358 4634,3362 4757,3366 4881,3370 5005,3374 5129,3378 5253,3380 5376,3383 5500,3384 5624,3384 5748,3384 5872,3382"
                         HEIGHT="90"
                         WIDTH="2505"
                         VPOS="3322"
                         HPOS="3381">
                  <String ID="string_region_1637654607713_1473l49"
                          HEIGHT="90"
                          WIDTH="2505"
                          VPOS="3322"
                          HPOS="3381"
                          CONTENT="blane comme m'avez demandes estant icy pour le rest i'ay asport rent"/>
               </TextLine>
               <TextLine ID="region_1637654607713_1473l50"
                         BASELINE="3396,3422 3518,3417 3640,3414 3763,3410 3885,3408 4008,3408 4130,3410 4252,3410 4375,3412 4497,3416 4620,3418 4742,3422 4864,3426 4987,3430 5109,3434 5232,3438 5354,3440 5476,3443 5599,3446 5721,3448 5844,3448"
                         HEIGHT="149"
                         WIDTH="2478"
                         VPOS="3362"
                         HPOS="3380">
                  <String ID="string_region_1637654607713_1473l50"
                          HEIGHT="149"
                          WIDTH="2478"
                          VPOS="3362"
                          HPOS="3380"
                          CONTENT="de tout aursy draps noirs bleu, et drae de dammes de nre fabrieque "/>
               </TextLine>
               <TextLine ID="region_1637654607713_1473l51"
                         BASELINE="3390,3490 3479,3483 3569,3476 3658,3471 3748,3468 3837,3466 3927,3466 4016,3466 4106,3466 4195,3468 4285,3470 4374,3473 4464,3476 4553,3478 4643,3482 4732,3486 4822,3488 4911,3492 5001,3494 5090,3496 5180,3496"
                         HEIGHT="131"
                         WIDTH="1822"
                         VPOS="3421"
                         HPOS="3375">
                  <String ID="string_region_1637654607713_1473l51"
                          HEIGHT="131"
                          WIDTH="1822"
                          VPOS="3421"
                          HPOS="3375"
                          CONTENT="et draps escaulats dhollande a vre sertvice ie suise"/>
               </TextLine>
               <TextLine ID="region_1637654607713_1473l52"
                         BASELINE="3284,3628 3345,3622 3406,3616 3467,3612 3529,3607 3590,3603 3651,3601 3713,3598 3774,3596 3835,3596 3897,3594 3958,3594 4019,3592 4080,3592 4142,3592 4203,3592 4264,3590 4326,3590 4387,3588 4448,3588 4510,3586"
                         HEIGHT="157"
                         WIDTH="1261"
                         VPOS="3499"
                         HPOS="3265">
                  <String ID="string_region_1637654607713_1473l52"
                          HEIGHT="157"
                          WIDTH="1261"
                          VPOS="3499"
                          HPOS="3265"
                          CONTENT="Mechelen. R Bosselaer"/>
               </TextLine>
               <TextLine ID="region_1637654607713_1473l53"
                         BASELINE="5170,3634 5196,3638 5222,3640 5248,3642 5274,3644 5301,3644 5327,3644 5353,3643 5379,3642 5405,3641 5432,3640 5458,3638 5484,3636 5510,3634 5536,3634 5563,3632 5589,3633 5615,3634 5641,3636 5668,3638"
                         HEIGHT="140"
                         WIDTH="532"
                         VPOS="3532"
                         HPOS="5152">
                  <String ID="string_region_1637654607713_1473l53"
                          HEIGHT="140"
                          WIDTH="532"
                          VPOS="3532"
                          HPOS="5152"
                          CONTENT="Adij 9 ditto"/>
               </TextLine>
               <TextLine ID="region_1637654607713_1473l54"
                         BASELINE="3404,3682 3527,3678 3650,3675 3774,3672 3897,3670 4021,3670 4144,3670 4267,3670 4391,3672 4514,3674 4638,3676 4761,3678 4884,3681 5008,3684 5131,3688 5255,3691 5378,3695 5501,3699 5625,3702 5748,3706 5872,3708"
                         HEIGHT="99"
                         WIDTH="2500"
                         VPOS="3637"
                         HPOS="3389">
                  <String ID="string_region_1637654607713_1473l54"
                          HEIGHT="99"
                          WIDTH="2500"
                          VPOS="3637"
                          HPOS="3389"
                          CONTENT="tot antwoort op ue aengenaem. van gisteren en hebbe geene laeckens "/>
               </TextLine>
               <TextLine ID="region_1637654607713_1473l55"
                         BASELINE="3396,3746 3519,3739 3642,3734 3765,3730 3888,3728 4012,3726 4135,3726 4258,3728 4381,3728 4504,3730 4628,3734 4751,3736 4874,3739 4997,3742 5120,3746 5244,3749 5367,3752 5490,3754 5613,3756 5736,3758 5860,3758"
                         HEIGHT="88"
                         WIDTH="2493"
                         VPOS="3706"
                         HPOS="3382">
                  <String ID="string_region_1637654607713_1473l55"
                          HEIGHT="88"
                          WIDTH="2493"
                          VPOS="3706"
                          HPOS="3382"
                          CONTENT="van sot daete scoleuren soo als ul mij vraeght dan gheen een u 2 pd"/>
               </TextLine>
               <TextLine ID="region_1637654607713_1473l56"
                         BASELINE="3398,3796 3521,3794 3645,3794 3769,3794 3892,3794 4016,3794 4140,3794 4263,3796 4387,3796 4511,3798 4635,3800 4758,3802 4882,3804 5006,3806 5129,3808 5253,3812 5377,3814 5500,3816 5624,3818 5748,3820 5872,3822"
                         HEIGHT="105"
                         WIDTH="2505"
                         VPOS="3751"
                         HPOS="3383">
                  <String ID="string_region_1637654607713_1473l56"
                          HEIGHT="105"
                          WIDTH="2505"
                          VPOS="3751"
                          HPOS="3383"
                          CONTENT="van 335t opt ingesloten stael doch heeft ue een paxtijck en noodigh"/>
               </TextLine>
               <TextLine ID="region_1637654607713_1473l57"
                         BASELINE="3388,3872 3510,3868 3633,3863 3756,3860 3879,3858 4002,3858 4124,3858 4247,3860 4370,3862 4493,3864 4616,3867 4738,3869 4861,3873 4984,3876 5107,3878 5230,3880 5352,3882 5475,3882 5598,3882 5721,3882 5844,3880"
                         HEIGHT="95"
                         WIDTH="2486"
                         VPOS="3808"
                         HPOS="3373">
                  <String ID="string_region_1637654607713_1473l57"
                          HEIGHT="95"
                          WIDTH="2486"
                          VPOS="3808"
                          HPOS="3373"
                          CONTENT="sal de haest antoreden soo als ue destreert ben anders van al"/>
               </TextLine>
               <TextLine ID="region_1637654607713_1473l58"
                         BASELINE="3394,3940 3517,3934 3641,3930 3764,3926 3888,3926 4012,3924 4135,3924 4259,3926 4382,3928 4506,3930 4630,3932 4753,3934 4877,3937 5000,3940 5124,3942 5248,3944 5371,3946 5495,3948 5618,3948 5742,3946 5866,3946"
                         HEIGHT="99"
                         WIDTH="2503"
                         VPOS="3878"
                         HPOS="3379">
                  <String ID="string_region_1637654607713_1473l58"
                          HEIGHT="99"
                          WIDTH="2503"
                          VPOS="3878"
                          HPOS="3379"
                          CONTENT="derhande goederen en couleuren net voorsien als oock van "/>
               </TextLine>
               <TextLine ID="region_1637654607713_1473l59"
                         BASELINE="3392,3998 3515,3994 3638,3992 3762,3990 3885,3990 4009,3990 4132,3991 4255,3992 4379,3994 4502,3996 4626,4000 4749,4002 4872,4006 4996,4009 5119,4012 5243,4016 5366,4018 5489,4022 5613,4024 5736,4026 5860,4028"
                         HEIGHT="95"
                         WIDTH="2500"
                         VPOS="3955"
                         HPOS="3375">
                  <String ID="string_region_1637654607713_1473l59"
                          HEIGHT="95"
                          WIDTH="2500"
                          VPOS="3955"
                          HPOS="3375"
                          CONTENT="bayer cafseren onderhandere engelsete gevert de bloun "/>
               </TextLine>
               <TextLine ID="region_1637654607713_1473l60"
                         BASELINE="3388,4062 3508,4058 3628,4055 3748,4054 3868,4052 3988,4052 4108,4052 4228,4054 4348,4056 4468,4058 4588,4060 4708,4062 4828,4064 4948,4066 5068,4070 5188,4070 5308,4072 5428,4073 5548,4074 5668,4072 5788,4072"
                         HEIGHT="72"
                         WIDTH="2430"
                         VPOS="4021"
                         HPOS="3374">
                  <String ID="string_region_1637654607713_1473l60"
                          HEIGHT="72"
                          WIDTH="2430"
                          VPOS="4021"
                          HPOS="3374"
                          CONTENT=" roode carseyen tot verdien te hebbe oock een tschoone"/>
               </TextLine>
               <TextLine ID="region_1637654607713_1473l61"
                         BASELINE="3416,4120 3538,4116 3660,4112 3783,4110 3905,4110 4028,4108 4150,4110 4272,4110 4395,4112 4517,4114 4640,4116 4762,4118 4884,4121 5007,4124 5129,4126 5252,4128 5374,4130 5496,4132 5619,4134 5741,4134 5864,4134"
                         HEIGHT="92"
                         WIDTH="2481"
                         VPOS="4076"
                         HPOS="3399">
                  <String ID="string_region_1637654607713_1473l61"
                          HEIGHT="92"
                          WIDTH="2481"
                          VPOS="4076"
                          HPOS="3399"
                          CONTENT="dartije nieunwe mode conleure spaensche Laeckens onder wege"/>
               </TextLine>
               <TextLine ID="region_1637654607713_1473l62"
                         BASELINE="3386,4186 3510,4180 3634,4176 3758,4172 3882,4170 4006,4170 4130,4170 4254,4170 4378,4172 4502,4174 4627,4177 4751,4180 4875,4182 4999,4185 5123,4188 5247,4190 5371,4192 5495,4194 5619,4194 5743,4194 5868,4192"
                         HEIGHT="75"
                         WIDTH="2515"
                         VPOS="4146"
                         HPOS="3369">
                  <String ID="string_region_1637654607713_1473l62"
                          HEIGHT="75"
                          WIDTH="2515"
                          VPOS="4146"
                          HPOS="3369"
                          CONTENT="van alle prijss en ve magh seeckr wesen dat in alle occasien"/>
               </TextLine>
               <TextLine ID="region_1637654607713_1473l63"
                         BASELINE="3410,4250 3528,4244 3647,4238 3765,4234 3884,4232 4002,4230 4121,4228 4239,4228 4358,4230 4476,4232 4595,4234 4713,4236 4832,4238 4950,4242 5069,4244 5187,4246 5306,4249 5424,4252 5543,4252 5661,4254 5780,4254"
                         HEIGHT="70"
                         WIDTH="2403"
                         VPOS="4199"
                         HPOS="3394">
                  <String ID="string_region_1637654607713_1473l63"
                          HEIGHT="70"
                          WIDTH="2403"
                          VPOS="4199"
                          HPOS="3394"
                          CONTENT="veten tijttersten goeden coop bedienen en dat ben geir"/>
               </TextLine>
               <TextLine ID="region_1637654607713_1473l64"
                         BASELINE="3394,4308 3506,4300 3618,4294 3730,4290 3843,4288 3955,4286 4067,4286 4180,4286 4292,4288 4404,4290 4517,4292 4629,4294 4741,4298 4853,4300 4966,4303 5078,4306 5190,4308 5303,4308 5415,4310 5527,4308 5640,4308"
                         HEIGHT="86"
                         WIDTH="2279"
                         VPOS="4255"
                         HPOS="3378">
                  <String ID="string_region_1637654607713_1473l64"
                          HEIGHT="86"
                          WIDTH="2279"
                          VPOS="4255"
                          HPOS="3378"
                          CONTENT="nerten naer wengeninge van reciprotelijck van het"/>
               </TextLine>
               <TextLine ID="region_1637654607713_1473l65"
                         BASELINE="3394,4362 3439,4358 3485,4355 3531,4353 3577,4350 3623,4348 3668,4346 3714,4345 3760,4344 3806,4343 3852,4342 3897,4342 3943,4341 3989,4340 4035,4340 4081,4338 4126,4338 4172,4336 4218,4336 4264,4334 4310,4332"
                         HEIGHT="88"
                         WIDTH="951"
                         VPOS="4299"
                         HPOS="3376">
                  <String ID="string_region_1637654607713_1473l65"
                          HEIGHT="88"
                          WIDTH="951"
                          VPOS="4299"
                          HPOS="3376"
                          CONTENT="saligh nien ne gaer"/>
               </TextLine>
            </TextBlock>
         </PrintSpace>
      </Page>
   </Layout>
</alto>
