5936 4406
536 43 2422 90 het noodigh te besorghen en mij te creditteren in recken. daer sijn sedert

525 122 2501 124 enghelsghe brieven overcomen doch en vinde noch gheeriel van ul. hebbe

526 183 2436 114 de acht packen wel ontfanghen doch noch gheene occasie ghehadt om

539 248 2413 118 eenight te connen openen even wel mijn vaeder heeft mij ghesoght dat

515 317 2445 74 het een pack bij Pede van diest ghesien heeft dat ul. hem heeft eyt de

504 383 2456 106 selfde partije overghelaeten dat seer slecht is en mae de laeckens ½ breedt

529 448 2489 114 inplaets van thede ellen inghevalle de mijne op de selfde manier wesen

523 514 2471 129 soo saude sulcxx direet sijn teghens ul goede teloffel dat het het beste

526 597 2410 127 en het geste coop goet is, dat ul. oft saude connen coopen voorders ul

535 664 2498 142 brenght oock meer oncosten op de goederen als mij. ul. stelt bereydene

538 740 2426 136 van laeckens van 1ƒ34:4 op ug en ditto noyt meer de og hebbe oock

527 821 2471 129 continuell difficultijdt op ul maete want de geerden volghens ul. die

524 897 2426 140 stelf op faifteres ghereduceert op onse ellen en compt noydt toee

530 959 2475 161 hebbe hier eenighe daeghen noch moeten laeten rabatteren van

575 1013 198 78 van v

527 1049 2471 153 een laeckens die ul.  indecrste partije ghesonden heeft n° 97 et

523 1126 2491 150 stelt . 23 ½ 1¼ g dat immers niet welis dit dient tot ul govverno

532 1218 2331 102 soo wel voor ondere als voor mij, want het is ons ten uijttersten

509 1327 2523 133 difierel en schaedelijck als de maete volghens de facture ghereducet

504 1392 1992 150 compt te verliessen pr naesten voorders en soo Bluissel

293 1457 1443 205 Leeds William et Samuell Cootdsson

2325 1496 656 179 Adij 20 paniu 1707

522 1608 2443 210 ie vous ay escript le 5 du dre avec remisse de  £ 199 sur l cheuallier

532 1788 2450 140 henny furnesse a londres ie vous en ay envoyée secon de le 13 du cour

278 1779 92 170 11

520 1874 2485 184 avee re aultre remise sur le mesme furnesze de  £90:-: i'espere que les

512 1941 2511 182 dittos deux miennes vous seront bien parvenue depuis ie suis sans aucune

525 2031 2480 171 de vres quoy qu'il y eut differente postes arrivéé d'Angletterre tellement

523 2153 2330 161 que ie me refere a mes priteedentes vous recommandant d'avoir bon

523 2220 2383 198 soing pour les draps pour les mellieurs et les mellieures couleures possible

512 2342 2498 167 car iln'ya rien squi presse ayant fort peu de debite et de marchandise assez

518 2451 2399 139 celle ay principalement donné pour couverte a deux remises du 17 du

518 2533 2414 149 cout deux vsinces s le cheuallier henrj farnesse a londres vre de

494 2633 2472 176 £110:-:- et vre aultre de  130:-:- ensemble  £240:- dont il vous

529 2745 2489 151 plaira d'en procuver le necessaire et m'en crediter en compte advisez

527 2833 2439 148 moy en responce le prix court de bayez et carisees principalement

512 2917 2506 139 de carisees de  N°6: stansfeld, et aussy vre speculation tonchant

516 3020 2506 152 l'estat p et prisx de  manufactures vous avez icy seconde

520 3132 2429 196 lettre de la remisse de  £90:-:- vous envoyée le 13 cour ie suis

584 3214 199 96 din

290 3219 1243 187 Amsterd: Met C van honsem

2399 3276 526 163 Adj 20 ditto

510 3396 2431 181 bij ul. aenghenaeme van 17 court become twee wisselbrieven een van

502 3507 2474 197 £130:a van en eenen van  £100:- beyde van selve dat o 350s op le

521 3626 2462 183 cheuallier henrij furnesse in london waer voor ul. conform hebbe

520 3708 2507 199 ghecrediteert sƒ40:- a ƒ34:1½ vier hondert neghen ponden thien

488 3830 2529 139 schellinghen sien de seconde te ghemoet en smet versoeck van

505 3941 2398 209 prompt voorstganck voor de ingheleyde op enghelandt soo

507 4045 1116 197 Blijve naer groeten is

5014 28 680 152 Adij 21 cunii 1707

3069 37 1045 140 ghendt Carel Bauwens

3330 111 2455 162 ick hebbe beyde ul. aenghenaeme van 19 meij en 9 court toel ontfanghen

3323 219 2490 115 met den cersten een wissel briefken van viften tuantigh pondenop de

3323 289 2516 95 wed. Baiendens dat conform betaelt is en i daer voor ighecrediteert met

3316 336 2351 96 den tweeden noch een brief ops sich op boannes naer van courant

3333 439 2481 85 visfen taghentigh poirden levent hiem schellinghen inssolghelde drijen

3319 500 2510 113 setientigh pouden elt schellinghen en neghen grooten die gheacepteert

3320 577 2500 97 s ontfanghen ljnge woort ul. daer voor oock ghecrediteert doceh wat ul.

3323 615 2487 138 ghelieft te segten van mij te corten £1:10:- dat en can ick niet doen

3308 696 2430 112 hebbe ul daer hier meer maels gheschreven ten eersten aengaende het

3326 784 2503 112 car mosijn laecken dat dat niet m inder en coste stellen want dit daer

3316 839 2503 131 selfs oven den 3 ƒ aen de a niet aen profiteerde weghens het ghepeset dat

3325 890 2413 153 heeft hofte uf huysvraen soo naer bedongken dat het selve sonden

3320 1015 2497 84 inst hebbe over ghelaeten om haer te voldoen en ul. calandisse daer

3316 1078 2497 109 door aen te haelen en sande icknie meer moeten verliesen als dat

3312 1166 2507 98 ick aen het goet a saude hebben connen profiteeren, dat weete wel

3341 1237 2477 91 dat ul. te pegelijck is em sulxx te vraeghen dat ul. brief niet

5669 1289 96 72 2

3324 1285 2490 118 hadde gheant oant dat is op dat ul. mij schreef dat ul. mj in 8ad de

3326 1367 2471 103 reste saude hebbe n gheremitteert akelijck ul. mij ghedaen heeft

3324 1454 2503 110 ul. ghelieft oock te leghen dat u ul. verhoopt dat wij int ooorte

3331 1518 2458 96 met malcanderen, meerder sulllen handelen en wansche ende ge

3327 1599 2380 103 niet ende en verlanghe maer om ul ordres te hebben oft u

3333 1668 2474 102 hier te connen sien als ul iedts noodigh heeft hebbe een seer

3345 1762 2312 103 sckoon packhuys van alle goederen soorten en prijssen in

3342 1819 2413 151 vbort dant ie voorsien altijdt tot ul dienst en ben seecker

3343 1867 2481 150 dat ul niemant beeter coop als ick in alle occasien sal dienen

3325 1943 2480 168 ns aen op ul. magh verseeckert wesen en mij recomanderende

3319 2031 518 117 soo Blijve

3099 2107 1074 187 Brusselen Guilliam t sas

5230 2129 523 179 Adij 21 ditto

3211 2244 2620 165 ick hebbe ul. aenghenaeme wel ontfanghen inghevolghe oock van den bode

3343 2368 2506 136 franciseus Clockmans een hendert vjftigh guldens nasselghelde conform

3310 2485 2536 100 mijne quittantie hem mede ghegeein moh hebben soo veel moeyelijgk heeft

3327 2544 2535 142 ghehadt met de heylighdaeghen met het tlossen van de goederen soo ven

5094 2608 321 74 dorteeren

3302 2623 2448 116 hollandt als van Brughe ende de goederen te seneten dat het mij

3328 2733 2523 121 ommoghelijck is ghaweest ul. precies te beantwoorden moet ul. mij seghen

3353 2806 2471 135 dat maen vyf pack laeckens tot een preuve hebbe ontvoden en als ul.

3349 2878 2450 151 het stael hebbe ghesonden dat het pack maer langes een sij seyde

3342 2980 2473 125 was gheopent en soo vijt ghesneden nu sedert open ghedaen sijnde

3338 3058 2485 147 soo hebbe die gheheel vaylen met booter bedunet ghenonden soo dat

3301 3119 2561 177 die hier ghenoodtsaeckt ben gheweest onder berejders handen te geven

4244 3209 97 69 rk

3321 3247 2538 148 om te superen en saude die tot mijn leetoesen niet dernen sonden

3326 3319 2502 185 nochtans het os seecker datter naydt sedert het open gaen van de

3322 3418 2475 193 comercie gheen beeter gheweest hebben ick en twwijffele niet obt

3324 3523 2531 156 uk. sal vernomen hebben datter veele menschenti groote sghaede

3324 3613 2548 177 aen hien goederen hebben gheiegen inghesloten drit staelen vande

3342 3703 2508 198 alder beste ghesoghestrelste flanellen ghelyck ul. mij vraeght

3341 3793 2508 237 en gheloove niet datterout fijnder oft beeter ghespeest sijn

3333 3942 2446 201 tot 13t p. a hebbe grootequantiteydt van alderhande

3315 4060 2506 228 goederen en alles is seer goeden coop altijdt tot s

3313 4181 1119 168 Dienst ende Blijee
