5972 4388
673 7 2381 125 eehet sulmy aenghenaem wesen ick en presender

660 43 2366 173 ll asodat in reden bestaedt en dat oier de schaede ben ick

669 183 2385 117 voor de rest qualijck bedient patientie in het pack M n°. 10-

664 295 2401 131 met deflanellen heeft vl. erreur . 1607 a ƒ1:2½ maeckt  £97:1:8

657 377 2423 144 en niet £100:8:9 als ul. noteert soo dat ul. daer voor met doncosten

647 471 2373 144 ghecrediteert hebbe £104:12:7 dat ghelieft naer te sien en

624 562 2423 123 conform te redresseren boven die n beninde dat de maete van

633 677 2385 107 de lien appers van alle de packen niet meer viyt doet als ul

638 747 2397 140 in recken. brenght en moete p.3P P. hebben dat conform

651 847 2275 142 oock moet ghegedresseert worden wachte hier merbez

646 975 2218 144 antwoort want en desirere anders niet als te samen

644 1025 2416 159 onse recken te connen adisteren en sluyten en soo Blijve

1516 1173 957 93 voorrtgegaen onder couvert

443 1152 2546 216 Salop oonathan Scolt van Di: Broeckmans Ady 24 xber 1707

643 1380 2341 193 hebbe uven brief van 27 past. aenden voet in onsetaele —

640 1514 2344 160 ghetrans lateert wel ontfanghen oock de neghen baelen met

637 1633 2403 133 cottons ane 1a9 die ul. voor mij heeft inghecocht aen messr. scanden

629 1717 2363 200 en stockdale p mijn ordre ghesonden tot London die ul. die voor

620 1862 2451 166 ma enghenolghe ul. facturen hebben betaelt hoe goeden coop dat die

641 1964 2372 148 sijn enghecocht oft niet sooen salder den intrest van t capitael

640 2100 2416 121 noch niet connen aen auaneeren sijn de goederen costij goedt coop

661 2195 2345 188 sij worden alhier naeradvenant oock goedt coop vercocht en

626 2306 2407 204 hier en is gheen oft weynigh debiet en alle soorten van

634 2453 2356 171 goederen in abondantie meer dan in twee adris caeren

616 2561 2426 184 sal connen gheconsiemeert worden boven dien het saisoen

653 2675 2413 198 voor de cottons is nu al te veer gheadvanceert soo dat voor dit

627 2808 2408 192 jaer gheen meer noodigh hebbe voorders beninde dat tot

628 2930 2395 203 Londen beeter coop ete alle s goedt en denghsaem

622 3042 2435 225 goedt als tot costij can doen in coopen want doncosten van

628 3184 2451 175 costen tot Londen sijn te cosfraragant hebbe ul. negen

650 3322 2413 207 packen van costij tot London aen boort aen mijne vrienden

641 3444 2413 174 see £24:-:- volghens hunne recken goedt ghedaen hebbe

615 3565 2385 158 oock de packen ghexamineert en bevinde de cottons van

626 3694 2445 190 37 a 36 peni. redelijck denghsaem goedt doch die van 29. 3031

643 3867 2357 151 peningen te slecht. alsoo ick soo ghemeyne soorte niet

649 3938 2402 211 ghewoon ben te hebben d'alderbeste sijn te hoogh in

629 4104 2386 164 prijs ende de ghemeijne te slecht soo dat inde mert

641 4232 2401 120 gheen advantagie vinde want het is goedt coop quaet coop

3324 13 2464 150 nghealle aer eenige speculatie voor die soorte van

3327 118 2445 101 goederen maecke soo sal ul. sullx bj tijde advesteeren maer

3309 183 1845 157 stot noch toe en hebbe niets noodigh blijve

3100 280 953 187 London Joan Jjonge

5085 321 661 144 Adij 24 xber 1707

3332 503 2380 214 hier vooren een brief aen mr Gonathan Scott in salop

3318 641 2441 141 die versoecke aendeh voet deser ghelieft int enghelst te

3337 762 2463 186 translateeren en hem p. eersten toe tesenden en vl sal nj

3332 801 1173 135 verobligeren Die Blijve

3816 871 1982 220 voorsgegaen onder couvert van Dh. Broeckmans

3132 1017 718 228 Brussel Grimberghe

5147 1098 620 207 Adij 24 Di1707

3323 1203 2454 171 hebbe wederom de libertijdt ghebruyckt van latterdagh ghepasseert

3328 1302 2446 174 met het beurtschip te senden een volle ghemerckt B.D.B. voor

3317 1418 2383 176 recken. van mons. nicolaes van den Berghe to halle in

3319 1545 2350 140 haudende twee ghevenfde carseyen en eenen bay die hem

3305 1625 2419 209 ghelieft soo haest mooghelyck toe te senden hem ende mij

3306 1690 1742 180 sal vriendt schap gheschieden die Blijsse

5036 1842 115 123 te

3131 1817 1410 226 GMendt Dhr. vanden Berghe

4977 1914 737 195 Adij 27 xber 1707

3331 1953 2424 226 en hebbe nogdt d'eere ghe hadt aen ul. te schrijven uyt mess.

3313 2085 2484 194 leeckens van houten en van inghen heeft ul. verstaen wat

3327 2184 2317 157 resolietue dat hier onder de crediteuren van den Roedel van

3323 2312 2382 117 RDe Buck was ghesloten om alles met den stockhander te

3313 2373 2451 149 doen verroopen tot contante penningen te brenghen en een soo

3323 2443 2480 167 corte eynde als mooghelijck met d' oedel te maecken dese resolutie

3330 2555 2470 125 is mede door veele teghens hier opinie soo mj tast laete voorstaen

3299 2655 2382 146 ghetreckent ende dat om niet te willen opinhatreren aen het

3324 2733 2476 136 sentiment van e veele ende meeste paert die sulcx den

3320 2833 2479 152 profitaebelsten midde loordeelden de messr. boven. nu van costij

3315 2955 2404 162 gheretongneert sijnde en rispectie van de saecke hebbende en

3294 3066 2531 139 hebben niet gheraeden ghenonden volgens ul. advies dese resolue

3315 3137 2414 129 tie costj te doen effoctueren maer hier de nous wederom een

3304 3234 2510 142 concrodatie der generale crediteuren te vergaderen, rapport te

3303 3336 2495 173 doen en hen sentiment kenbaer te maecken ghelijck alst

3315 3443 2479 187 ghebeurt is op ghisteren morghent waer dat weynighe sijn

3319 3542 2467 201 ghecompaneert soo dat wederom een andere con socatie

3295 3658 2533 171 teghens den naemiddagh is gheleydt waer dat hiun insghelyckren

3312 3819 2508 133 niet veele hebben laeten vinden echter daer is voor ghehen

3272 3866 2527 149 den dat het den besten middel sande wesen ul en dh n

3307 3995 2470 173 ghecomisteerden costj in hunne denoiren ende directie

3312 4124 2505 113 te laeten contineeren ende dat men soo een e restuitie

3308 4211 2077 134 saude schriftelijck op stellen ende een ieder der
