6264 4467
862 22 2309 218 cede goen ulder sa de meere hade ol leuro pperte

846 124 2149 173 laeckens van alle prijssen van ƒ 2:111 tot ƒ 1:16 oock

847 253 2316 203 alder hande geverfde engelsche haeckens bruyn blouwe

862 398 2304 172 bleeck blouwe roode geele en groene tot eenen patacon

868 484 2299 244 p a ende voorders alles sortiment van goederen tot

849 595 2267 231 ue dienste ue gelieft maer te commanderen sal ue

1538 728 379 110 goeden coop

834 753 2326 215 altijdt prompten  bedienen bidde mij de staelen

849 878 1419 202 weder te senden en soo Blijve

637 996 2381 230 Mechelen de wed. detram ady 13 mey 1709

835 1141 2130 232 de heeft mijde gesondene taelboeck weder gedonden

848 1316 2124 195 ende doen de gghen dat dh ve soon sal over commen

847 1415 2322 185 en ach tervolgens sal d'eere verwachten hem hier te sien

843 1509 2314 234 ben seecker present sortement van alles sal vinden oock

825 1665 2156 226 dat niemant beter coop als ick in alles sal bedienen

828 1844 2259 190 mits de geverfde laeckens nu hier sijn soo en dunck mij

832 1940 2311 211 niet ick qualijck sal doen ue morgen met de waegens

816 2120 2349 133 een quaertie te senden by provisie want ben genegen

817 2191 2235 180 ue te dien en ende calandisie te onderhouden blijve

632 2339 1487 247 Mons La veufre Masson

2420 2322 591 267 adij 14 de maij 1709

830 2545 2306 181 i'espere que ma derniere vous sera rendue en son temps ensuitte accosy

825 2665 2315 143 les draps de bas prix d'Angleterre dont ie ne doubte pas ou p.

845 2761 2312 211 l'asvenir vous en ferez plus gros assortiment et pour ce suie

841 2857 2302 182 ie vous envoye cy incluse des eschantillions d'on nouveau

840 3009 2257 154 ballot reccu que ie tiendray en sonentier iusques a ce

841 3109 2281 224 que i'auray receu l'honneur de vre responce comme ie

838 3243 2250 212 vous ay prommis. he baye de 3 a  rouges ie vous ga en

834 3357 2331 218 voyeray p. le premier voyagee du messager. s'il vous manque

834 3474 2269 211 quelque assortement   le present  vous ne pouvez

843 3579 2299 237 jamais mieux 'asteur a me donner vos ordres cariay ½

805 3717 2359 207 receu quantite de nouvelles marchandises comme draps

798 3842 2346 161 l'aune d'espagre fins et communs de toutte sorte

803 3982 2358 141 de nouvelles couleures a la mode et prix aussy draps

815 4084 2313 211 double presse draps du nord et dousins draps tients -

826 4206 2290 191 rouges bleu, blen ce leste verds et fausne aussy draps

3416 0 2443 216 io nar ee e e ecemnen draspen de nernedeene

3398 90 2365 228 afins de ƒ14 et 11 p comme ig en at eu encor de mey

3402 236 2467 201 i'espere que le sbon dieu noits donnera a la fin la paix

3404 344 2377 151 et que p ce moyen nous aurons ieu de ares plus

3388 432 2408 228 de negoce p consemble que du passey vous asseurant

3410 517 1701 223 que ie suis et serais toujours  Amie

3266 675 970 250 Mons A dhouwe

4900 689 813 241 adij 14 de may 1709

3399 843 2414 245 Jay recu l'honneur de la chere vre de 1e du pase au oe remps

3380 997 2485 156 ie ne vois pas que vy a lieu de se plaindre les derniers draps

3379 1131 2434 172 verds onteste pust et conform vre eschantillion carye les y

3378 1239 2454 176 veu a l'enconstre  outtre d'une si bonne calite que y ay perdue

3386 1337 2469 170 apres, car en sincerité ils me coustent d'avantage, et ie

3391 1461 2451 171 ne l'ay fait que pour vous vendre service. siV9 at este intresse

3370 1602 2460 199 p le retardement, ie n'est pas ma facuste can parsonne au

3380 1734 2423 193 monde ne peu faire plus de devoir que ie n'ay fait pour les

3355 1873 2423 158 expedier mais pour l'asvenir il vous plaira d'avoir soing

3381 1960 2433 212 pour trouver un aultre Amis a Bruxelles car ie vous ay escrippt

3376 2125 2414 198 de fois avsez que cet homme a la taiste d'or a peu de soing=

3372 2258 2445 139 et ne s'en soncie pas. s'il vous manque pour le present quelque

3360 2379 2436 186 assortiment vous ne pouvez jamais estre mieux servi cariay =

3368 2474 2487 228 receu quantite de nouvelles marchandises de draps fins et comm

3339 2604 2481 223 cuns toutte sorte de nouvelles couleures a la mede aussy draps double

3359 2734 2481 243 presse du nord et draps dousino, drapstients verds, rouges, gausne

3351 2884 2440 214 et bleu de bas prix comme vous en avez encor eu de moj aussy

3346 3026 2499 187 draps 3600 noirs bleu et escarlats drap de dammes a vre service

3360 3162 2482 184 ie vous prie me faire. la grace a me remettre comme 9 ma

3356 3257 2307 228 promis p. sa derniere car ie me trouve em barasse pour le

4182 3378 316 81 quantite

3360 3384 2496 248 present p. la grande  de marchandise dont ie me suis

3341 3546 2486 203 charge sur l'apparence de la paix avenir, que dieu nous

3353 3625 2490 252 reulliee donner a fin que nous poursions avoir plus des affaires

3344 3759 2505 222 p Ensemble que pendant la querre vous asseuvant que

3343 3920 2504 200 ie vous servirais toujours au plus just prix et que sur

3269 4004 796 196 Lier Jan de Linder

5017 4057 419 170 adij 17 d

3347 4158 2508 199 ick en twijffele niet oft het paxke met de vier laeckens die joff ue huysvrouw

3330 4298 2489 88 bj mij heeft gecoght n ve wel geworden. hier onder heeft ue daer van
