6269 4449
2303 59 776 165 ady 25 februari 1700

630 70 813 169 Eelds Cookson

846 224 2324 156 ma derniere est du 4 court aue remise de 15 jun vier & sences sur mess.

843 373 2306 76 courton et quiquer in London de s £200- que i'espere vous sera

849 428 2247 88 bien parvenue en son temps faute cy incluse la seconde pr la

845 454 2284 123 n iemne sus ditte du 4 court ie vousay encor ordonné d'achepter

861 540 2318 111 un ballot de 12 p de draps gris de differentes belles couleures de ƒ4 mais

854 596 2290 130 ie vous at marque que ie ne vest poinet de gris de more sceque

839 712 2293 69 ie cnrme. touts les ballors doivent avoir chacque deux ps

840 777 2306 99 de carisees pour fardesure pour vre q depuis i'ay receu la chere

845 801 2321 115 vre du 26 banvierfaisant responce cius quis a les miennes du 3 et

948 902 74 54 de

841 884 2346 124 21 s. vous dittes cut de dans facture d'en ballot de draps brun que le

833 958 2340 136 n'as poinet trouve jespere de lanoirance les eschantillions

831 1032 2352 100 p vre premiere comme aussy ceude des iultres ballots et que tout

836 1113 2340 98 l'ays ortiment sera bien conditione et dressse comme ie vous

841 1188 2321 106 a tant recommande levent est contraire ce qui cause qu'il no

816 1230 2330 127 manquent diverses postes d'Angleterre. passez deu t sepmaines

835 1289 2318 121 l'estois dun l'espoir que nous aureons en en bref du convoy pr le

820 1366 2352 130 de gel qu'il a fait mais de puis thiver a commence de houveaux

816 1424 2306 123 en ces quarthers et il gele si fort pour le present ou il n'a tait

836 1487 2279 146 du passe. la saison pour les principale de bite pour les draps

825 1562 2271 141 vea venir et ie suis sans assortiment et iay peurque nous

2743 1637 79 49 m

827 1619 2263 137 n'auvons pas ette du convoy thult sour Rotterd. ayay la

827 1699 2325 146 bonte de ne rien negliger et d'envoyeer a hull hes ballots ein

842 1771 2200 148 qu'ils seront prest u fin qu's parvent estre charge en

819 1833 2312 135 temps et partir p les premiets vaisscaux ne manquez pas

831 1905 2327 130 non plus de me donner advis de ce qu'il se passe et de m'envoyer

831 1971 2316 147 les factures et les eschantillions cito possible afin que ie les beu

829 2071 2343 98 faire voir ames ehalands et facher de les comtenter et dilatcer

827 2104 2316 132 husques a ce que les ballots pouvent arriver pr. la grace de ieu

835 2162 2278 150 nous ne pouvons gientirer dhollande et tout commerce est

843 2221 2277 129 atterez depuis le commencement de fanvier p la forte gele

825 2293 2254 121 qui a cause que touttes les caus sont sengelee et toutes as -

828 2373 2229 124 lancause terme. Dieu reulle que cela ne dure danantage

825 2453 1198 131 attendant de vos nouvelles ie p

1525 2431 1656 130 voortsgegaen en der couvert van port de wed. Broeckmans

2374 2511 548 128 adij 25 d. 1709

669 2510 951 166 cos James Jbbetso

805 2594 2344 200 hebbe ul op 4 cour geremitteert ste £130:- in brief van 18 Januart

817 2705 2336 125 p mess. nocojastourton en cobias cuiquer in ondon

832 2751 2334 163 dat p desen confarmere verhopende veten sijn en tijde niet sal

834 2855 2331 127 sijn  genorden alhoeel van ue daer van tot noch toe geen

814 2913 2290 136 advies hebbe becommen geloove de brieven door contrarie

827 3030 2331 84 noint tarderen, mant y sijn diversche posten ten achteren

830 3051 2305 131 en hebbe geen seconde om ue te senden niettem in ick en

820 3129 2346 115 treijffele niet oft d: mijne remise sal ue wel wesen ter handt

830 3232 2268 91 gocommen: als de negotie beter dan suken ey wederom

831 3265 2334 115 als vooren te saemen cor responderen maer met dese tijden

1878 3320 482 81 soo dat geen

2453 3337 139 67 10d

830 3325 1040 117 en ier niets te debiteren

2821 3333 153 89 16be

809 3379 2357 123 hebbe die ssijne voorsgegaen onder gondert van de wed. proeckmans

589 3423 2291 195 London Lininus de Dorpere, ady Ditto

826 3573 2350 107 door contrarie wint manqueren ons differente posten van

841 3644 2272 112 coste onder anderen ben noch sonder ver cant woort op de

827 3671 2303 137 mijne van 24 en 31 pasts en 7 courts die echter niet traiffele

821 3741 2350 121 oft sullen ue het sijnen tijde wel sijn geworden als oock met

821 3821 2309 126 den laesten mijne remise van st £100:- van 18 pasts os

806 3877 2384 124 op mers. nicolas tourton en Cto R as quiguer acosty ou ingeslote

810 3939 2362 133 den seconda brief het onvolckende weder dat seer haer alle

816 4028 2353 128 de vinier en wederom waerbaer hadde gemaeckt en ons hope

836 4113 2333 102 hadde gegenen van p eersten convoy van costij te becommen

819 4158 2315 131 i5 wederom sedert eenige daegen in efelle en aen

826 4272 2296 91 hondende vorst verandert soodat naet sonder reden

3367 13 2427 116 hetn may veneenige faederen te connen becommen mute

3371 87 2415 100 gemaet sien k en twijffele niet oft we sal op ontfanck

3354 153 2403 123 vvande mijne oonen divoiren hebben gedaen om ors de con

3381 219 2417 151 ditie vooren gemelt een paxke met het frigattie van Jan

3439 268 2272 127 laessens over ostende af te schepen in gestallle hj a costg

3369 345 2421 146 s geweest en heeft ue 3 sulen connen te weege brengen dat

3360 392 2463 146 sal mij seer aengenaem wes en te verstaen pleerste btieven

3370 446 2403 164 dae seen nae verlange. mits sonder een igh advies ben soo

3369 514 2418 160 en can anders niet melden en recommanderen dan de

3373 592 2429 147 ex peditie van de geordoneerde goederen door dien het suis oen

3368 645 2419 137 comt te au aneeren ende dat sonder sortiment ben de

3369 717 2396 130 factseren en staelen badde my soo haest moogelijck afte

3372 778 2437 140 senden oock prompt advies en connossement as ul eenige

3375 824 2289 183 pucken sal hebben af gelaeden midde lertijdt soo Blijve

4055 905 1743 110 voorts gegaen veder convert an hot de wed.

4046 986 677 121 roock mane

5099 1075 645 141 adiy 27 febru 1709

3236 1072 1650 224 maghe Lillis van Coppenolle

3352 1241 2462 166 ick hebbe het sijnen tyde wel ontfang ue aengenaeme van 2 pasto Godt

3361 1369 2389 121 in gedunckt hij wederom te saenen nu liber commertie hebben

3369 1422 2440 139 als vooren ende en twijffele niet of daer sal nu voort aen mede

3354 1483 2455 139 rom convoy van Engelandt op ostende gegecven worden doch

3347 1572 2458 102 su lest sal wel wat tarderen men saght met datten een fregatie van

3375 1648 2442 100 Jan Claessens is dat continuell van London op ceostie vis a versa

3370 1715 2483 133 waert ende goederen in neemt soo wel als passageers soo dat ue

3355 1783 2421 108 nu eens gelieft te noteren de canditien en oft D. Claessens

3363 1863 2430 112 present tot ostende oft tot London is tot mijn governo ve salng

3359 1891 1181 171 verobligeren die do Blijve

3223 1971 1314 221 Mons La Veufre lusson

4961 1986 790 175 adij 26 ditton

3366 2095 2340 143 ie ne doubre poin et eu la mienne du 21 du court vous sera bien

3372 2191 2461 115 pay venue en son temps avec la facture de draps couleur de rose

3335 2268 2508 136 insuitte aussy les draps que ie vous ay envoyce  le messager fonard

3355 2325 2484 142 depuis i'au receu l'hhonneur de la vre du  22 du court pr. la quelte

3347 2417 2339 128 N4 me demande un eschantillion de drap de veried et vne

3345 2464 2459 128 eschantistion de draps afaire des habits escarlats que ie o vous

3355 2547 2451 105 envoye cy incluse ie vouss asseure que c'est quelque chose de tres

3357 2591 2461 139 en rieux et de si beaux draps que vous aurqpeu de vre vie et a

3347 2659 2455 123 raissonable prix ces sont des veritables escarlats dhollande touts

3357 2770 2418 94 deux. touchant les flanelles escar lat il me les faudra faire

3362 2844 2420 101 thendre conform l'eschant istions des draps. j'ay de draps tients

3354 2889 2448 125 teenture d'Angleterre rouge Jansne bleu et terds a tresenk ad

3345 2986 2495 100 a vre service al vous plaita me les ordonner touchant le draps

3363 3047 2358 93 commun rouge la baye colchester et deventer et les flanelles ie

3348 3101 2446 92 suis maris que v q l'en plaigne. que voules vous que i'en fasse. il

3347 3151 2480 112 me fait de la pienne que iq n'en est poinet contente  s'ilgavoit

3353 3225 2465 101 hen que ie less pouvois retirer ie leterais au ce praisir car teutce

3342 3304 2471 134 que i'ay fait, n'at este que pour vous montrer la difference de

3349 3340 2477 155 la qualite et du prix. tout ce qu'il me fait du cha gri & que

3346 3443 2504 118 V. & me marque crayez si ie n'ais poinet de suiet a meplaindre

3361 3494 2465 140 lst impossible qu'il y en eu partonne au monde qui vous

3336 3560 2474 137 pen servir se pres oauecip lus de  delite que ie ne fasse. ie

3347 3617 2509 146 me peu dire d'avantage ie la cherat de vous sou lagers en tout

3351 3711 2451 146 generalement gatil ne receit poinct selon vre desir car

3334 3764 2521 137 d'aime miense de perdre moy mesme plustost que de q pouroit

3347 3850 2482 126 avoir lieu de se praendre l'atten deray vre responce desme

3330 3958 190 104 dtt

3362 3977 2358 132 le barque marchande pour Bruxelles ne vat 1pas car la

3338 4065 2333 121 marchandisse que mons pr touslat receu que l. 15 rourez

3354 4104 2399 135 vient de moy et elle at tarde a Bruxelles depuis faiste des

3330 4188 2255 150 noelles p. la negligence de l'hoste a la faiste
