5936 4406
635 49 2429 168 onder ul. op hauden midts dat niet en verliese van t beneficie van

635 134 2408 148 transito alsoo daer questie over hebbe en tot noch toe die niet en

621 253 2311 145 pretendeere voor igne recken  te genveerden en gherneeerst

627 308 2416 156 antwoordt van mijn vriendt daer over sande hebben echter het

629 406 2389 161 beneficie van transito te connen ghenieten moet vast staen

628 542 2429 97 versoecke dat ul. ghelieft mij een natuwelle perugie te besorghen

654 587 2387 157 als  voorleden gaer doch wensche wel dat die wat langher

638 712 1348 190 cost vallen en blouter die Blijsee

1259 813 816 182 in James Jeaman

695 937 1470 200 no 15 met 216 dosiynteens ieder a 18

1332 922 1700 271 2 bajen vrappers a a 65 ieder weert. ƒ 700:-

888 1124 1210 169 n°. 16 met 21 bsyntiens ieder a 18

1366 1188 1666 208 2 baejen vrappers a a 6b ieder 3 weert ƒ 700:-

1177 1357 826 232 In Robert Bincks

888 1507 1308 224 n°. 17 met 27½ dosijntiens a a 18 ieder

2274 1524 716 188 2e weert ƒ 620:-

1306 1630 971 196 2 baejen vrappers a a 65 ieder

868 1767 1295 218 n°19 met 26 dosijntiens a a 18 ieder

1280 1789 1688 271 2 bajen vrappers a  65 ieder & weert ƒ 600:-

803 1979 1483 207 P.s ghelieft die miy toe te senden doch p

935 2090 1385 185 twee differente beurt luyden en goede

964 2221 425 157 schippers

419 2348 1294 172 nons Mujster Nicolaes Ramdonck

2303 2357 573 217 Adij 9 gber 1707

622 2490 2417 193 ul bereijder van derheyden heeft mij wederghebrocht de twee stael boeckens

648 2637 2461 160 en vijt uwen naemghevraeght ver laeckens die daer in gheteeckent waeren

642 2776 2418 135 hebbe hem die voor ul. recken. ghelevert als oock vier witte bayen die

666 2911 2436 123 pl. laeste reysse hier sijnde mij heeft gheordoneert en hier onder heeft

661 2982 2436 192 ul. de facture bedraeghende saemen ƒ 379:19 ½ ick en twijffele niet

682 3122 2364 181 oft d'een en d'ander salul tot contentement wel ter handt comen

672 3280 2324 193 hebbe om die vierlaeckens twee packen moeten open doen ick

669 3385 2436 213 verhope als ul. die sal ghesien hebben dat ul. daer meerdere partij

659 3511 2419 192 van sal ordonneren want het is schoon goedt ende goeden coop

654 3690 2431 132 voor de reste ben voorsien van alderhande soorten van goederen

670 3790 2442 158 oock schoone spaensche laeckens daer ul. mij heeft overghesprocken

673 3907 2421 223 ick verwachte het gheluck van de naeste weecke ul. hier over

673 4036 2389 198 te sien en in alles dat ul. saude moghen van doen hebben

653 4182 2386 127 ul. magh seecker wesen dat ul. niemandt beeter oft beeter

3334 22 1683 138 ep aso ick nalles sal bedienen die blijve

3124 120 1002 216 Brussel Goevaert ververs

4760 144 783 197 Ady 9 sber 1707

3327 242 2359 200 ick verhoepe het goet retour van ue dochter en contniane

3318 361 2432 217 van ue en haer getontheyt benevens van ue gheele familie

3311 495 2346 200 desen tot advies alleen dat wonsdagh met het beurtschip

3306 603 2330 202 het goet hebbe afgesonden in een paxk geenerckt G.V.

3314 716 2408 216 ick entwijfele niet oft het sal ue wel en tot contentement

3296 880 2491 173 geworden hier onder de facture bedraegende ƒ 757:17 wiss

3297 950 2456 171 waer voor mij gelieft te crediteeren en in alles dat ue soude

3298 1085 2333 157 moogen noodigh hebben te commandeeren. ick sal

3313 1221 2421 154 alles doen wat moogelijck is om ue beeter coop als imant

3309 1331 2371 171 anders te conmen dienen ick te commandeere in ue

3307 1491 2427 155 gratie en soo blijve. ick verwaghte met den eersten

3307 1592 2461 194 een partije seer schoone frisaerden die seer goeden

3320 1687 1176 189 coop sullen weten

3143 1816 1429 207 ghendt  Bapt De Sadelaer

5140 1878 588 223 Adij 15 d. 1707

3345 1970 2492 273 sedert dat ul. op 9 pasto hebbe gheschreven gheen van ul. aenghenaeme

3347 2184 2359 142 becomen. vinde dat voorden dienst van den armen mij eenighe

3351 2299 2465 150 stucken lijn waet sullen mankeeren te weten 24 balven blijck

3346 2394 2481 152 van 11 a 13 14 grooten raun sijn waet i4 pr van 10a 1 gr die ul. vooring

3345 2446 2493 189 ghelieft te besorghen tot de beste advantagie moghelijck ick hatde

3311 2573 2518 169 dat u. mijn resterende goedt sult hebben vercoght het ghene

3361 2705 2497 184 mij aenghenaem sal wesen om dat partijcken te connen sluyten

3344 2819 2402 150 heeft ul. met dit afgaende saisoen eenighe goederen het sij-

3353 2913 2474 189 ghevertde carseyen oft iedt anders noodigh ben ten vijstersten

3190 2999 2533 200 wel voor sien en sal ul. alles goeden coop over laeten ul.

3342 3111 987 201 groetende soo Blijve

3461 3264 198 114 m

3088 3261 1337 231 Rotterd. Jacques meyers

5023 3281 762 191 Adij 15 sber 1707

3328 3428 2498 199 ul. aenghenaeme van 9 court hebbe wel ontfanghen sal

3353 3626 2404 173 de gheannerde packen conform te ghemoet sien dogh

3339 3717 2461 209 verwondere mij dat daer sedert niets van hebbe ger

3321 3896 2510 141 nomen ingiesloten soo remittere vl brief van

3354 3999 2282 138 heden op t sicht opelias danidts en danuel

3353 4090 2395 177 natthey costij van hollandts court 1639:- waer

3342 4206 2296 142 voorghelieft het n noodigh te besorghen en mij
