<?xml version="1.0" encoding="UTF-8"?>
<alto xmlns:xsi="http://www.w3.org/2001/XMLSchema-instance"
      xmlns="http://www.loc.gov/standards/alto/ns-v4#"
      xmlns:page="http://schema.primaresearch.org/PAGE/gts/pagecontent/2013-07-15"
      xsi:schemaLocation="http://www.loc.gov/standards/alto/ns-v4# https://www.loc.gov/standards/alto/v4/alto.xsd">
   <Description>
      <MeasurementUnit>pixel</MeasurementUnit>
      <OCRProcessing ID="IdOcr">
         <ocrProcessingStep>
            <processingDateTime>2022-02-11T21:31:26.459+01:00</processingDateTime>
            <processingSoftware>
               <softwareCreator>READ COOP</softwareCreator>
               <softwareName>Transkribus</softwareName>
            </processingSoftware>
         </ocrProcessingStep>
      </OCRProcessing>
   </Description>
   <Layout>
      <Page ID="Page1" PHYSICAL_IMG_NR="1" HEIGHT="4388" WIDTH="5962">
         <TopMargin HEIGHT="0" WIDTH="5962" VPOS="0" HPOS="0"/>
         <LeftMargin HEIGHT="4388" WIDTH="0" VPOS="0" HPOS="0"/>
         <RightMargin HEIGHT="4388" WIDTH="0" VPOS="0" HPOS="5962"/>
         <BottomMargin HEIGHT="0" WIDTH="5962" VPOS="4388" HPOS="0"/>
         <PrintSpace HEIGHT="4388" WIDTH="5962" VPOS="0" HPOS="0">
            <TextBlock ID="region_1637583798521_333"
                       HEIGHT="4316"
                       WIDTH="2717"
                       VPOS="40"
                       HPOS="374">
               <Shape>
                  <Polygon POINTS="374,40 3091,40 3091,4356 374,4356"/>
               </Shape>
               <TextLine ID="region_1637583798521_333l1"
                         BASELINE="688,122 764,120 840,118 917,114 993,112 1070,110 1146,107 1222,104 1299,102 1375,100 1452,96 1528,94 1604,92 1681,90 1757,88 1834,88 1910,86 1986,86 2063,86 2139,88 2216,88"
                         HEIGHT="150"
                         WIDTH="1559"
                         VPOS="0"
                         HPOS="672">
                  <String ID="string_region_1637583798521_333l1"
                          HEIGHT="150"
                          WIDTH="1559"
                          VPOS="0"
                          HPOS="672"
                          CONTENT="een letter adies ot antwoort blijve"/>
               </TextLine>
               <TextLine ID="region_1637583798521_333l2"
                         BASELINE="406,272 499,265 593,256 687,250 781,244 875,239 969,233 1063,230 1157,226 1251,224 1345,222 1438,220 1532,218 1626,218 1720,216 1814,216 1908,216 2002,218 2096,218 2190,218 2284,220"
                         HEIGHT="241"
                         WIDTH="1914"
                         VPOS="93"
                         HPOS="388">
                  <String ID="string_region_1637583798521_333l2"
                          HEIGHT="241"
                          WIDTH="1914"
                          VPOS="93"
                          HPOS="388"
                          CONTENT="Leuven Pater procurator van de besuiten "/>
               </TextLine>
               <TextLine ID="region_1637583798521_333l3"
                         BASELINE="2536,236 2562,234 2588,234 2614,234 2640,234 2666,234 2692,232 2718,232 2744,232 2770,232 2797,232 2823,231 2849,230 2875,230 2901,230 2927,230 2953,230 2979,230 3005,230 3031,230 3058,230"
                         HEIGHT="171"
                         WIDTH="555"
                         VPOS="116"
                         HPOS="2520">
                  <String ID="string_region_1637583798521_333l3"
                          HEIGHT="171"
                          WIDTH="555"
                          VPOS="116"
                          HPOS="2520"
                          CONTENT="Adij 12 ber 17"/>
               </TextLine>
               <TextLine ID="region_1637583798521_333l4"
                         BASELINE="654,404 774,402 895,398 1015,396 1136,392 1256,388 1377,386 1497,382 1618,380 1738,377 1859,375 1979,372 2100,371 2220,370 2341,368 2461,368 2582,368 2702,368 2823,370 2943,372 3064,374"
                         HEIGHT="184"
                         WIDTH="2440"
                         VPOS="230"
                         HPOS="637">
                  <String ID="string_region_1637583798521_333l4"
                          HEIGHT="184"
                          WIDTH="2440"
                          VPOS="230"
                          HPOS="637"
                          CONTENT="hebbe aen sijn C over eenighen tijdt gheschaeven- ende"/>
               </TextLine>
               <TextLine ID="region_1637583798521_333l5"
                         BASELINE="662,498 780,496 898,494 1016,492 1134,490 1253,488 1371,488 1489,486 1607,484 1725,484 1844,482 1962,480 2080,480 2198,478 2316,476 2435,474 2553,473 2671,470 2789,468 2907,465 3026,462"
                         HEIGHT="153"
                         WIDTH="2398"
                         VPOS="367"
                         HPOS="644">
                  <String ID="string_region_1637583798521_333l5"
                          HEIGHT="153"
                          WIDTH="2398"
                          VPOS="367"
                          HPOS="644"
                          CONTENT="versocht dat ul. saude ghelieven ng eenigh gheldt te "/>
               </TextLine>
               <TextLine ID="region_1637583798521_333l6"
                         BASELINE="670,610 790,602 910,596 1030,592 1150,588 1270,586 1390,586 1510,586 1630,586 1750,586 1871,588 1991,588 2111,590 2231,590 2351,590 2471,589 2591,588 2711,584 2831,580 2951,576 3072,568"
                         HEIGHT="143"
                         WIDTH="2435"
                         VPOS="494"
                         HPOS="654">
                  <String ID="string_region_1637583798521_333l6"
                          HEIGHT="143"
                          WIDTH="2435"
                          VPOS="494"
                          HPOS="654"
                          CONTENT="senden ende tot nochtoe niet vernomen het en is niet "/>
               </TextLine>
               <TextLine ID="region_1637583798521_333l7"
                         BASELINE="660,706 776,700 893,694 1010,690 1127,688 1244,686 1361,685 1478,684 1595,684 1712,684 1829,686 1945,686 2062,686 2179,688 2296,688 2413,688 2530,688 2647,686 2764,684 2881,681 2998,678"
                         HEIGHT="129"
                         WIDTH="2369"
                         VPOS="599"
                         HPOS="644">
                  <String ID="string_region_1637583798521_333l7"
                          HEIGHT="129"
                          WIDTH="2369"
                          VPOS="599"
                          HPOS="644"
                          CONTENT="redelijck dat men meer aen den intrest toegheeeft als"/>
               </TextLine>
               <TextLine ID="region_1637583798521_333l8"
                         BASELINE="684,804 801,798 919,796 1037,792 1155,790 1273,788 1391,786 1509,786 1627,786 1745,786 1863,786 1980,786 2098,786 2216,788 2334,790 2452,790 2570,792 2688,792 2806,794 2924,794 3042,794"
                         HEIGHT="146"
                         WIDTH="2390"
                         VPOS="680"
                         HPOS="667">
                  <String ID="string_region_1637583798521_333l8"
                          HEIGHT="146"
                          WIDTH="2390"
                          VPOS="680"
                          HPOS="667"
                          CONTENT="met aen de coopmanschap can winnen boven dien"/>
               </TextLine>
               <TextLine ID="region_1637583798521_333l9"
                         BASELINE="666,922 778,915 890,908 1002,902 1114,898 1227,896 1339,894 1451,894 1563,892 1675,892 1788,894 1900,894 2012,896 2124,896 2236,898 2349,898 2461,898 2573,896 2685,896 2797,892 2910,888"
                         HEIGHT="201"
                         WIDTH="2275"
                         VPOS="776"
                         HPOS="650">
                  <String ID="string_region_1637583798521_333l9"
                          HEIGHT="201"
                          WIDTH="2275"
                          VPOS="776"
                          HPOS="650"
                          CONTENT="de Paters sijn mij schaldigh I.C gaet mij voorbij en"/>
               </TextLine>
               <TextLine ID="region_1637583798521_333l10"
                         BASELINE="660,1038 776,1031 892,1024 1008,1020 1124,1017 1241,1014 1357,1012 1473,1012 1589,1012 1705,1012 1822,1012 1938,1014 2054,1014 2170,1016 2286,1016 2403,1017 2519,1018 2635,1018 2751,1018 2867,1016 2984,1014"
                         HEIGHT="137"
                         WIDTH="2356"
                         VPOS="887"
                         HPOS="645">
                  <String ID="string_region_1637583798521_333l10"
                          HEIGHT="137"
                          WIDTH="2356"
                          VPOS="887"
                          HPOS="645"
                          CONTENT="imployeert landere daer ick ul. asseurere dat ick 3."/>
               </TextLine>
               <TextLine ID="region_1637583798521_333l11"
                         BASELINE="660,1160 776,1151 892,1145 1008,1140 1124,1136 1240,1132 1356,1130 1472,1128 1588,1126 1704,1124 1821,1124 1937,1124 2053,1124 2169,1126 2285,1126 2401,1128 2517,1128 2633,1128 2749,1129 2865,1130 2982,1130"
                         HEIGHT="192"
                         WIDTH="2353"
                         VPOS="1020"
                         HPOS="644">
                  <String ID="string_region_1637583798521_333l11"
                          HEIGHT="192"
                          WIDTH="2353"
                          VPOS="1020"
                          HPOS="644"
                          CONTENT="als heerelijck man sal ten minsten soo goeden coop"/>
               </TextLine>
               <TextLine ID="region_1637583798521_333l12"
                         BASELINE="676,1280 790,1272 904,1266 1018,1262 1132,1257 1246,1254 1360,1250 1474,1248 1588,1246 1702,1246 1816,1244 1930,1244 2044,1244 2158,1244 2272,1242 2386,1242 2500,1242 2614,1240 2728,1238 2842,1236 2956,1234"
                         HEIGHT="149"
                         WIDTH="2314"
                         VPOS="1137"
                         HPOS="659">
                  <String ID="string_region_1637583798521_333l12"
                          HEIGHT="149"
                          WIDTH="2314"
                          VPOS="1137"
                          HPOS="659"
                          CONTENT="als iemandt sande connen doen mijne goederen"/>
               </TextLine>
               <TextLine ID="region_1637583798521_333l13"
                         BASELINE="676,1384 794,1376 912,1370 1030,1366 1148,1364 1266,1362 1384,1360 1502,1360 1620,1362 1738,1362 1857,1364 1975,1366 2093,1366 2211,1368 2329,1368 2447,1366 2565,1364 2683,1362 2801,1357 2919,1350 3038,1344"
                         HEIGHT="173"
                         WIDTH="2394"
                         VPOS="1250"
                         HPOS="659">
                  <String ID="string_region_1637583798521_333l13"
                          HEIGHT="173"
                          WIDTH="2394"
                          VPOS="1250"
                          HPOS="659"
                          CONTENT="leveren daerom versoecke I.C ghelieft consideratie"/>
               </TextLine>
               <TextLine ID="region_1637583798521_333l14"
                         BASELINE="668,1484 787,1478 907,1474 1026,1471 1146,1470 1265,1468 1385,1468 1504,1468 1624,1470 1743,1470 1863,1472 1982,1472 2102,1474 2221,1474 2341,1474 2460,1472 2580,1471 2699,1468 2819,1464 2938,1459 3058,1452"
                         HEIGHT="137"
                         WIDTH="2422"
                         VPOS="1364"
                         HPOS="651">
                  <String ID="string_region_1637583798521_333l14"
                          HEIGHT="137"
                          WIDTH="2422"
                          VPOS="1364"
                          HPOS="651"
                          CONTENT="te ghebruycken want weete welt dat de paters met dit"/>
               </TextLine>
               <TextLine ID="region_1637583798521_333l15"
                         BASELINE="672,1604 788,1599 905,1594 1022,1590 1138,1588 1255,1586 1372,1586 1488,1586 1605,1586 1722,1586 1839,1588 1955,1588 2072,1590 2189,1590 2305,1590 2422,1590 2539,1588 2655,1588 2772,1584 2889,1580 3006,1576"
                         HEIGHT="167"
                         WIDTH="2365"
                         VPOS="1485"
                         HPOS="658">
                  <String ID="string_region_1637583798521_333l15"
                          HEIGHT="167"
                          WIDTH="2365"
                          VPOS="1485"
                          HPOS="658"
                          CONTENT="sapoen nu en dan eenighe laeckens noodigh hebben"/>
               </TextLine>
               <TextLine ID="region_1637583798521_333l16"
                         BASELINE="678,1734 709,1734 740,1735 771,1736 803,1736 834,1735 865,1734 897,1733 928,1732 959,1730 991,1729 1022,1726 1053,1725 1084,1722 1116,1719 1147,1716 1178,1714 1210,1711 1241,1706 1272,1703 1304,1700"
                         HEIGHT="197"
                         WIDTH="662"
                         VPOS="1588"
                         HPOS="660">
                  <String ID="string_region_1637583798521_333l16"
                          HEIGHT="197"
                          WIDTH="662"
                          VPOS="1588"
                          HPOS="660"
                          CONTENT="ende Blijee"/>
               </TextLine>
               <TextLine ID="region_1637583798521_333l17"
                         BASELINE="2354,1880 2384,1877 2414,1874 2444,1872 2474,1871 2505,1869 2535,1868 2565,1868 2595,1868 2625,1868 2656,1868 2686,1870 2716,1870 2746,1870 2776,1872 2807,1872 2837,1872 2867,1872 2897,1872 2927,1872 2958,1870"
                         HEIGHT="207"
                         WIDTH="635"
                         VPOS="1747"
                         HPOS="2340">
                  <String ID="string_region_1637583798521_333l17"
                          HEIGHT="207"
                          WIDTH="635"
                          VPOS="1747"
                          HPOS="2340"
                          CONTENT="Adij 13 d. 1707"/>
               </TextLine>
               <TextLine ID="region_1637583798521_333l18"
                         BASELINE="464,1884 498,1880 532,1878 566,1876 601,1875 635,1874 669,1874 704,1874 738,1874 772,1874 807,1874 841,1874 875,1874 909,1874 944,1874 978,1873 1012,1870 1047,1867 1081,1865 1115,1860 1150,1854"
                         HEIGHT="190"
                         WIDTH="722"
                         VPOS="1727"
                         HPOS="445">
                  <String ID="string_region_1637583798521_333l18"
                          HEIGHT="190"
                          WIDTH="722"
                          VPOS="1727"
                          HPOS="445"
                          CONTENT="Lier de Kinder"/>
               </TextLine>
               <TextLine ID="region_1637583798521_333l19"
                         BASELINE="676,2032 795,2026 914,2020 1033,2016 1152,2012 1271,2008 1390,2004 1509,2002 1628,2000 1747,1998 1866,1998 1985,1996 2104,1996 2223,1996 2342,1994 2461,1994 2580,1994 2699,1994 2818,1994 2937,1994 3056,1994"
                         HEIGHT="204"
                         WIDTH="2413"
                         VPOS="1861"
                         HPOS="658">
                  <String ID="string_region_1637583798521_333l19"
                          HEIGHT="204"
                          WIDTH="2413"
                          VPOS="1861"
                          HPOS="658"
                          CONTENT="hebbe over eenighe daeghen ghepasseert het theluck ghehadt"/>
               </TextLine>
               <TextLine ID="region_1637583798521_333l20"
                         BASELINE="672,2138 789,2133 906,2128 1023,2124 1141,2120 1258,2116 1375,2114 1493,2112 1610,2110 1727,2108 1845,2106 1962,2106 2079,2106 2196,2105 2314,2104 2431,2104 2548,2106 2666,2106 2783,2106 2900,2108 3018,2108"
                         HEIGHT="131"
                         WIDTH="2378"
                         VPOS="2006"
                         HPOS="656">
                  <String ID="string_region_1637583798521_333l20"
                          HEIGHT="131"
                          WIDTH="2378"
                          VPOS="2006"
                          HPOS="656"
                          CONTENT="van mons u Beminde te rescontreren hier sijnde ende"/>
               </TextLine>
               <TextLine ID="region_1637583798521_333l21"
                         BASELINE="664,2242 784,2236 904,2230 1024,2224 1144,2220 1264,2218 1384,2214 1504,2212 1624,2210 1744,2209 1865,2208 1985,2208 2105,2208 2225,2206 2345,2208 2465,2208 2585,2208 2705,2208 2825,2209 2945,2210 3066,2210"
                         HEIGHT="156"
                         WIDTH="2431"
                         VPOS="2124"
                         HPOS="649">
                  <String ID="string_region_1637583798521_333l21"
                          HEIGHT="156"
                          WIDTH="2431"
                          VPOS="2124"
                          HPOS="649"
                          CONTENT="hebbe aen hem mij andermael gherecomandeert het ghene"/>
               </TextLine>
               <TextLine ID="region_1637583798521_333l22"
                         BASELINE="682,2338 801,2336 920,2332 1039,2330 1158,2328 1278,2326 1397,2326 1516,2324 1635,2324 1754,2324 1874,2324 1993,2326 2112,2326 2231,2328 2350,2332 2470,2334 2589,2338 2708,2342 2827,2348 2946,2354 3066,2360"
                         HEIGHT="207"
                         WIDTH="2417"
                         VPOS="2211"
                         HPOS="666">
                  <String ID="string_region_1637583798521_333l22"
                          HEIGHT="207"
                          WIDTH="2417"
                          VPOS="2211"
                          HPOS="666"
                          CONTENT="niet teghenstaende pr desen noch eens wille hertgatten"/>
               </TextLine>
               <TextLine ID="region_1637583798521_333l23"
                         BASELINE="678,2452 791,2448 905,2444 1019,2442 1132,2440 1246,2438 1360,2436 1473,2436 1587,2436 1701,2436 1815,2436 1928,2437 2042,2438 2156,2440 2269,2442 2383,2444 2497,2448 2610,2451 2724,2454 2838,2458 2952,2462"
                         HEIGHT="198"
                         WIDTH="2306"
                         VPOS="2326"
                         HPOS="663">
                  <String ID="string_region_1637583798521_333l23"
                          HEIGHT="198"
                          WIDTH="2306"
                          VPOS="2326"
                          HPOS="663"
                          CONTENT="va heeft mij soo dickmaels belooft van eens te sullen"/>
               </TextLine>
               <TextLine ID="region_1637583798521_333l24"
                         BASELINE="662,2562 778,2564 894,2564 1010,2563 1126,2562 1242,2562 1358,2560 1474,2560 1590,2558 1706,2558 1823,2558 1939,2557 2055,2556 2171,2556 2287,2558 2403,2558 2519,2560 2635,2562 2751,2566 2867,2569 2984,2574"
                         HEIGHT="149"
                         WIDTH="2353"
                         VPOS="2436"
                         HPOS="646">
                  <String ID="string_region_1637583798521_333l24"
                          HEIGHT="149"
                          WIDTH="2353"
                          VPOS="2436"
                          HPOS="646"
                          CONTENT="naer comen en echter noydt ghedaen hoe can ick"/>
               </TextLine>
               <TextLine ID="region_1637583798521_333l25"
                         BASELINE="670,2682 787,2684 905,2684 1023,2686 1140,2686 1258,2686 1376,2684 1493,2684 1611,2682 1729,2682 1847,2680 1964,2678 2082,2678 2200,2676 2317,2674 2435,2674 2553,2672 2670,2672 2788,2672 2906,2672 3024,2674"
                         HEIGHT="161"
                         WIDTH="2385"
                         VPOS="2564"
                         HPOS="654">
                  <String ID="string_region_1637583798521_333l25"
                          HEIGHT="161"
                          WIDTH="2385"
                          VPOS="2564"
                          HPOS="654"
                          CONTENT="ul. de procue ghenen dat ick ul. soo goeden coop sal "/>
               </TextLine>
               <TextLine ID="region_1637583798521_333l26"
                         BASELINE="686,2812 805,2814 924,2816 1043,2818 1162,2818 1282,2818 1401,2818 1520,2816 1639,2816 1758,2814 1878,2812 1997,2812 2116,2810 2235,2808 2354,2806 2474,2806 2593,2804 2712,2804 2831,2802 2950,2802 3070,2802"
                         HEIGHT="197"
                         WIDTH="2413"
                         VPOS="2677"
                         HPOS="671">
                  <String ID="string_region_1637583798521_333l26"
                          HEIGHT="197"
                          WIDTH="2413"
                          VPOS="2677"
                          HPOS="671"
                          CONTENT="be dienen als ul. an hollandt contewyghen ten su dat "/>
               </TextLine>
               <TextLine ID="region_1637583798521_333l27"
                         BASELINE="672,2936 792,2938 913,2940 1034,2940 1155,2940 1276,2940 1397,2940 1518,2938 1639,2938 1760,2936 1881,2934 2001,2934 2122,2932 2243,2932 2364,2930 2485,2930 2606,2930 2727,2930 2848,2932 2969,2933 3090,2936"
                         HEIGHT="151"
                         WIDTH="2447"
                         VPOS="2820"
                         HPOS="657">
                  <String ID="string_region_1637583798521_333l27"
                          HEIGHT="151"
                          WIDTH="2447"
                          VPOS="2820"
                          HPOS="657"
                          CONTENT="ul. de goedtheyt heeft van mij ee te comen besoecken"/>
               </TextLine>
               <TextLine ID="region_1637583798521_333l28"
                         BASELINE="680,3078 800,3076 920,3074 1040,3072 1161,3070 1281,3068 1401,3068 1522,3066 1642,3066 1762,3064 1883,3064 2003,3064 2123,3062 2243,3060 2364,3060 2484,3058 2604,3056 2725,3055 2845,3053 2965,3050 3086,3048"
                         HEIGHT="153"
                         WIDTH="2439"
                         VPOS="2938"
                         HPOS="664">
                  <String ID="string_region_1637583798521_333l28"
                          HEIGHT="153"
                          WIDTH="2439"
                          VPOS="2938"
                          HPOS="664"
                          CONTENT="hebbe een consederabele partije van alder hande goederen"/>
               </TextLine>
               <TextLine ID="region_1637583798521_333l29"
                         BASELINE="660,3200 781,3198 903,3198 1024,3196 1146,3196 1267,3194 1389,3194 1510,3194 1632,3192 1753,3192 1875,3190 1996,3188 2118,3188 2239,3186 2361,3184 2482,3182 2604,3180 2725,3178 2847,3176 2968,3172 3090,3170"
                         HEIGHT="190"
                         WIDTH="2464"
                         VPOS="3091"
                         HPOS="642">
                  <String ID="string_region_1637583798521_333l29"
                          HEIGHT="190"
                          WIDTH="2464"
                          VPOS="3091"
                          HPOS="642"
                          CONTENT="spaensche laeckens van alle prijssen en oock gheperste"/>
               </TextLine>
               <TextLine ID="region_1637583798521_333l30"
                         BASELINE="674,3344 788,3339 902,3334 1016,3330 1130,3327 1244,3326 1358,3324 1472,3322 1586,3322 1700,3320 1815,3320 1929,3320 2043,3318 2157,3318 2271,3316 2385,3314 2499,3310 2613,3306 2727,3300 2841,3295 2956,3286"
                         HEIGHT="174"
                         WIDTH="2312"
                         VPOS="3197"
                         HPOS="658">
                  <String ID="string_region_1637583798521_333l30"
                          HEIGHT="174"
                          WIDTH="2312"
                          VPOS="3197"
                          HPOS="658"
                          CONTENT="hebbe de schoonste laeckens die ul saude connen"/>
               </TextLine>
               <TextLine ID="region_1637583798521_333l31"
                         BASELINE="690,3454 806,3454 922,3454 1038,3454 1154,3452 1270,3452 1386,3450 1502,3450 1618,3448 1734,3448 1850,3446 1966,3446 2082,3444 2198,3443 2314,3442 2430,3440 2546,3440 2662,3438 2778,3438 2894,3436 3010,3436"
                         HEIGHT="160"
                         WIDTH="2350"
                         VPOS="3334"
                         HPOS="674">
                  <String ID="string_region_1637583798521_333l31"
                          HEIGHT="160"
                          WIDTH="2350"
                          VPOS="3334"
                          HPOS="674"
                          CONTENT="desireren die ul tot 42 st sal ghenen hebbe oock"/>
               </TextLine>
               <TextLine ID="region_1637583798521_333l32"
                         BASELINE="682,3584 797,3581 912,3580 1028,3578 1143,3576 1259,3576 1374,3574 1489,3574 1605,3574 1720,3574 1836,3572 1951,3572 2066,3572 2182,3572 2297,3572 2413,3572 2528,3572 2643,3570 2759,3570 2874,3569 2990,3568"
                         HEIGHT="159"
                         WIDTH="2341"
                         VPOS="3470"
                         HPOS="665">
                  <String ID="string_region_1637583798521_333l32"
                          HEIGHT="159"
                          WIDTH="2341"
                          VPOS="3470"
                          HPOS="665"
                          CONTENT="alderhande soorten van faisaerden carseyen en "/>
               </TextLine>
               <TextLine ID="region_1637583798521_333l33"
                         BASELINE="678,3712 790,3710 902,3710 1014,3710 1127,3708 1239,3708 1351,3708 1464,3708 1576,3708 1688,3708 1801,3708 1913,3708 2025,3708 2137,3708 2250,3708 2362,3708 2474,3708 2587,3708 2699,3708 2811,3706 2924,3706"
                         HEIGHT="182"
                         WIDTH="2278"
                         VPOS="3578"
                         HPOS="662">
                  <String ID="string_region_1637583798521_333l33"
                          HEIGHT="182"
                          WIDTH="2278"
                          VPOS="3578"
                          HPOS="662"
                          CONTENT="bayen oock deventer bayen en flanellen bidde"/>
               </TextLine>
               <TextLine ID="region_1637583798521_333l34"
                         BASELINE="684,3852 799,3848 915,3842 1030,3840 1146,3838 1261,3838 1377,3836 1492,3838 1608,3838 1723,3840 1839,3842 1954,3842 2070,3844 2185,3846 2301,3846 2416,3846 2532,3846 2647,3844 2763,3841 2878,3838 2994,3832"
                         HEIGHT="231"
                         WIDTH="2340"
                         VPOS="3692"
                         HPOS="670">
                  <String ID="string_region_1637583798521_333l34"
                          HEIGHT="231"
                          WIDTH="2340"
                          VPOS="3692"
                          HPOS="670"
                          CONTENT="ghelieft soo goet te wesen van mijn versoeck "/>
               </TextLine>
               <TextLine ID="region_1637583798521_333l35"
                         BASELINE="650,3972 771,3972 892,3970 1013,3970 1134,3970 1255,3972 1376,3972 1497,3973 1618,3974 1739,3976 1860,3976 1981,3978 2102,3978 2223,3978 2344,3980 2465,3978 2586,3978 2707,3977 2828,3976 2949,3972 3070,3970"
                         HEIGHT="168"
                         WIDTH="2453"
                         VPOS="3839"
                         HPOS="634">
                  <String ID="string_region_1637583798521_333l35"
                          HEIGHT="168"
                          WIDTH="2453"
                          VPOS="3839"
                          HPOS="634"
                          CONTENT="eens te voldoen en eens naer te comen en ick sal"/>
               </TextLine>
               <TextLine ID="region_1637583798521_333l36"
                         BASELINE="656,4098 774,4098 892,4100 1010,4102 1128,4102 1246,4104 1364,4104 1482,4106 1600,4106 1718,4106 1836,4108 1954,4108 2072,4108 2190,4108 2308,4108 2426,4110 2544,4110 2662,4110 2780,4110 2898,4110 3016,4110"
                         HEIGHT="165"
                         WIDTH="2394"
                         VPOS="3984"
                         HPOS="639">
                  <String ID="string_region_1637583798521_333l36"
                          HEIGHT="165"
                          WIDTH="2394"
                          VPOS="3984"
                          HPOS="639"
                          CONTENT="thoonen dat ul. soo volle contentement sal"/>
               </TextLine>
               <TextLine ID="region_1637583798521_333l37"
                         BASELINE="678,4246 793,4242 909,4236 1025,4232 1140,4230 1256,4228 1372,4228 1487,4228 1603,4228 1719,4228 1835,4230 1950,4231 2066,4232 2182,4234 2297,4236 2413,4236 2529,4238 2644,4238 2760,4238 2876,4238 2992,4236"
                         HEIGHT="143"
                         WIDTH="2343"
                         VPOS="4138"
                         HPOS="663">
                  <String ID="string_region_1637583798521_333l37"
                          HEIGHT="143"
                          WIDTH="2343"
                          VPOS="4138"
                          HPOS="663"
                          CONTENT="gheuen als ul. in hollandt condt becomen ende "/>
               </TextLine>
               <TextLine ID="region_1637583798521_333l38"
                         BASELINE="648,4336 673,4336 698,4336 723,4336 748,4336 773,4334 798,4334 823,4332 849,4331 874,4330 899,4328 924,4328 949,4326 974,4324 999,4324 1024,4322 1050,4322"
                         HEIGHT="120"
                         WIDTH="439"
                         VPOS="4237"
                         HPOS="628">
                  <String ID="string_region_1637583798521_333l38"
                          HEIGHT="120"
                          WIDTH="439"
                          VPOS="4237"
                          HPOS="628"
                          CONTENT="16 diyel"/>
               </TextLine>
               <TextLine ID="region_1637583798521_333l39"
                         BASELINE="1494,4334 1521,4332 1548,4330"
                         HEIGHT="104"
                         WIDTH="92"
                         VPOS="4236"
                         HPOS="1473">
                  <String ID="string_region_1637583798521_333l39"
                          HEIGHT="104"
                          WIDTH="92"
                          VPOS="4236"
                          HPOS="1473"
                          CONTENT="116"/>
               </TextLine>
            </TextBlock>
            <TextBlock ID="region_1637583802745_336"
                       HEIGHT="4332"
                       WIDTH="2796"
                       VPOS="24"
                       HPOS="3102">
               <Shape>
                  <Polygon POINTS="3102,24 5898,24 5898,4356 3102,4356"/>
               </Shape>
               <TextLine ID="region_1637583802745_336l1"
                         BASELINE="3416,148 3449,144 3483,140 3516,137 3550,134 3583,133 3617,132 3650,131 3684,130 3717,130 3751,130 3784,130 3818,130 3851,130 3885,130 3918,130 3952,130 3985,128 4019,128 4052,125 4086,122"
                         HEIGHT="159"
                         WIDTH="705"
                         VPOS="51"
                         HPOS="3398">
                  <String ID="string_region_1637583802745_336l1"
                          HEIGHT="159"
                          WIDTH="705"
                          VPOS="51"
                          HPOS="3398"
                          CONTENT="Joseph menders"/>
               </TextLine>
               <TextLine ID="region_1637583802745_336l2"
                         BASELINE="4896,162 4933,157 4971,154 5009,152 5047,150 5085,148 5122,148 5160,148 5198,148 5236,148 5274,150 5311,150 5349,150 5387,152 5425,152 5463,153 5500,154 5538,153 5576,152 5614,150 5652,148"
                         HEIGHT="206"
                         WIDTH="786"
                         VPOS="32"
                         HPOS="4881">
                  <String ID="string_region_1637583802745_336l2"
                          HEIGHT="206"
                          WIDTH="786"
                          VPOS="32"
                          HPOS="4881"
                          CONTENT="Adij 13 sber 1707"/>
               </TextLine>
               <TextLine ID="region_1637583802745_336l3"
                         BASELINE="3138,162 3164,164 3191,164 3218,162 3245,160 3272,157 3299,156 3326,154"
                         HEIGHT="165"
                         WIDTH="223"
                         VPOS="78"
                         HPOS="3119">
                  <String ID="string_region_1637583802745_336l3"
                          HEIGHT="165"
                          WIDTH="223"
                          VPOS="78"
                          HPOS="3119"
                          CONTENT="DEls"/>
               </TextLine>
               <TextLine ID="region_1637583802745_336l4"
                         BASELINE="3322,312 3442,301 3563,291 3683,284 3804,280 3924,278 4045,276 4165,277 4286,278 4406,280 4527,283 4647,286 4768,288 4888,292 5009,294 5129,296 5250,296 5370,296 5491,292 5611,290 5732,284"
                         HEIGHT="230"
                         WIDTH="2441"
                         VPOS="134"
                         HPOS="3306">
                  <String ID="string_region_1637583802745_336l4"
                          HEIGHT="230"
                          WIDTH="2441"
                          VPOS="134"
                          HPOS="3306"
                          CONTENT="sedert dat ul. laest met igk huys vraure hier siynde cenngh"/>
               </TextLine>
               <TextLine ID="region_1637583802745_336l5"
                         BASELINE="3350,408 3469,400 3588,392 3707,388 3826,384 3945,382 4064,382 4183,382 4302,382 4421,384 4541,386 4660,388 4779,390 4898,392 5017,394 5136,394 5255,394 5374,392 5493,390 5612,386 5732,380"
                         HEIGHT="138"
                         WIDTH="2413"
                         VPOS="326"
                         HPOS="3335">
                  <String ID="string_region_1637583802745_336l5"
                          HEIGHT="138"
                          WIDTH="2413"
                          VPOS="326"
                          HPOS="3335"
                          CONTENT="goedt vercocht hebbe en hebbe sedert het gheluck niet"/>
               </TextLine>
               <TextLine ID="region_1637583802745_336l6"
                         BASELINE="3342,510 3463,500 3585,492 3707,486 3829,482 3951,478 4073,478 4195,478 4317,478 4439,478 4561,480 4682,483 4804,485 4926,488 5048,490 5170,490 5292,492 5414,492 5536,490 5658,488 5780,484"
                         HEIGHT="163"
                         WIDTH="2468"
                         VPOS="404"
                         HPOS="3326">
                  <String ID="string_region_1637583802745_336l6"
                          HEIGHT="163"
                          WIDTH="2468"
                          VPOS="404"
                          HPOS="3326"
                          CONTENT="ghehadt van ul. over tesien ul. hadde mit ghevraeght"/>
               </TextLine>
               <TextLine ID="region_1637583802745_336l7"
                         BASELINE="3346,600 3468,594 3590,590 3712,587 3834,584 3956,582 4078,582 4200,580 4322,582 4444,582 4566,582 4688,584 4810,586 4932,587 5054,588 5176,590 5298,591 5420,592 5542,593 5664,594 5786,594"
                         HEIGHT="180"
                         WIDTH="2472"
                         VPOS="484"
                         HPOS="3331">
                  <String ID="string_region_1637583802745_336l7"
                          HEIGHT="180"
                          WIDTH="2472"
                          VPOS="484"
                          HPOS="3331"
                          CONTENT="naer roode frisaert hebbe te ghenwordigh seer sehone "/>
               </TextLine>
               <TextLine ID="region_1637583802745_336l8"
                         BASELINE="3338,714 3454,710 3571,707 3688,704 3805,702 3922,700 4038,698 4155,698 4272,698 4389,698 4506,698 4622,698 4739,698 4856,698 4973,698 5090,698 5206,698 5323,698 5440,698 5557,696 5674,694"
                         HEIGHT="188"
                         WIDTH="2365"
                         VPOS="587"
                         HPOS="3323">
                  <String ID="string_region_1637583802745_336l8"
                          HEIGHT="188"
                          WIDTH="2365"
                          VPOS="587"
                          HPOS="3323"
                          CONTENT="en oock witte ende alder hande soorten van bayen"/>
               </TextLine>
               <TextLine ID="region_1637583802745_336l9"
                         BASELINE="3338,820 3457,818 3576,816 3695,814 3815,814 3934,814 4053,812 4173,812 4292,812 4411,814 4531,814 4650,814 4769,814 4888,814 5008,816 5127,816 5246,816 5366,814 5485,814 5604,814 5724,812"
                         HEIGHT="141"
                         WIDTH="2416"
                         VPOS="751"
                         HPOS="3323">
                  <String ID="string_region_1637583802745_336l9"
                          HEIGHT="141"
                          WIDTH="2416"
                          VPOS="751"
                          HPOS="3323"
                          CONTENT="en carseu in oock witte ende gwersde ingevalle ue "/>
               </TextLine>
               <TextLine ID="region_1637583802745_336l10"
                         BASELINE="3330,954 3453,947 3576,940 3700,936 3823,931 3947,928 4070,926 4193,926 4317,926 4440,926 4564,926 4687,928 4810,928 4934,930 5057,932 5181,932 5304,932 5427,932 5551,932 5674,931 5798,930"
                         HEIGHT="179"
                         WIDTH="2500"
                         VPOS="820"
                         HPOS="3313">
                  <String ID="string_region_1637583802745_336l10"
                          HEIGHT="179"
                          WIDTH="2500"
                          VPOS="820"
                          HPOS="3313"
                          CONTENT="noodigh bidde my te commandeeren oft overcoemen"/>
               </TextLine>
               <TextLine ID="region_1637583802745_336l11"
                         BASELINE="3324,1068 3442,1061 3561,1054 3680,1048 3799,1044 3918,1042 4037,1040 4156,1040 4275,1040 4394,1040 4513,1040 4631,1042 4750,1044 4869,1044 4988,1046 5107,1046 5226,1046 5345,1046 5464,1046 5583,1044 5702,1042"
                         HEIGHT="162"
                         WIDTH="2409"
                         VPOS="930"
                         HPOS="3308">
                  <String ID="string_region_1637583802745_336l11"
                          HEIGHT="162"
                          WIDTH="2409"
                          VPOS="930"
                          HPOS="3308"
                          CONTENT="de mij te coemen besoeken. ul magh seeker wesen"/>
               </TextLine>
               <TextLine ID="region_1637583802745_336l12"
                         BASELINE="3370,1174 3484,1170 3599,1166 3714,1164 3829,1162 3944,1160 4059,1160 4174,1158 4289,1158 4404,1158 4519,1158 4633,1158 4748,1160 4863,1162 4978,1163 5093,1166 5208,1168 5323,1170 5438,1172 5553,1176 5668,1178"
                         HEIGHT="124"
                         WIDTH="2331"
                         VPOS="1086"
                         HPOS="3353">
                  <String ID="string_region_1637583802745_336l12"
                          HEIGHT="124"
                          WIDTH="2331"
                          VPOS="1086"
                          HPOS="3353"
                          CONTENT="dat ue niemant beeter coop als ick alheyt sal"/>
               </TextLine>
               <TextLine ID="region_1637583802745_336l13"
                         BASELINE="3358,1290 3408,1290 3459,1290 3509,1290 3560,1290 3610,1288 3661,1288 3711,1286 3762,1285 3812,1284 3863,1282 3913,1281 3964,1280 4014,1278 4065,1277 4115,1276 4166,1276 4216,1276 4267,1276 4317,1276 4368,1276"
                         HEIGHT="177"
                         WIDTH="1043"
                         VPOS="1166"
                         HPOS="3340">
                  <String ID="string_region_1637583802745_336l13"
                          HEIGHT="177"
                          WIDTH="1043"
                          VPOS="1166"
                          HPOS="3340"
                          CONTENT="bedienen die blijve "/>
               </TextLine>
               <TextLine ID="region_1637583802745_336l14"
                         BASELINE="3120,1432 3176,1424 3233,1417 3290,1413 3347,1409 3404,1406 3460,1404 3517,1402 3574,1402 3631,1401 3688,1400 3744,1400 3801,1402 3858,1402 3915,1402 3972,1402 4028,1400 4085,1400 4142,1398 4199,1396 4256,1392"
                         HEIGHT="219"
                         WIDTH="1168"
                         VPOS="1284"
                         HPOS="3104">
                  <String ID="string_region_1637583802745_336l14"
                          HEIGHT="219"
                          WIDTH="1168"
                          VPOS="1284"
                          HPOS="3104"
                          CONTENT="Mechelen francois Boskelaer"/>
               </TextLine>
               <TextLine ID="region_1637583802745_336l15"
                         BASELINE="4718,1396 4768,1396 4818,1396 4868,1396 4918,1398 4969,1400 5019,1401 5069,1402 5119,1404 5169,1406 5220,1408 5270,1410 5320,1412 5370,1413 5420,1414 5471,1416 5521,1418 5571,1418 5621,1420 5671,1420 5722,1420"
                         HEIGHT="199"
                         WIDTH="1039"
                         VPOS="1246"
                         HPOS="4700">
                  <String ID="string_region_1637583802745_336l15"
                          HEIGHT="199"
                          WIDTH="1039"
                          VPOS="1246"
                          HPOS="4700"
                          CONTENT="um 1 8br 17"/>
               </TextLine>
               <TextLine ID="region_1637583802745_336l16"
                         BASELINE="3344,1516 3467,1512 3590,1510 3713,1508 3836,1506 3959,1504 4082,1502 4205,1500 4328,1500 4451,1500 4574,1498 4697,1498 4820,1500 4943,1500 5066,1501 5189,1502 5312,1504 5435,1506 5558,1509 5681,1512 5804,1516"
                         HEIGHT="126"
                         WIDTH="2490"
                         VPOS="1405"
                         HPOS="3330">
                  <String ID="string_region_1637583802745_336l16"
                          HEIGHT="126"
                          WIDTH="2490"
                          VPOS="1405"
                          HPOS="3330"
                          CONTENT="hebbe maer eens het geleck gehadd van in het eetste van jaer me 2ge"/>
               </TextLine>
               <TextLine ID="region_1637583802745_336l17"
                         BASELINE="3348,1604 3470,1600 3593,1598 3715,1595 3838,1593 3960,1592 4083,1592 4205,1590 4328,1590 4450,1590 4573,1592 4695,1592 4818,1592 4940,1592 5063,1592 5185,1592 5308,1592 5430,1590 5553,1588 5675,1586 5798,1584"
                         HEIGHT="155"
                         WIDTH="2482"
                         VPOS="1505"
                         HPOS="3332">
                  <String ID="string_region_1637583802745_336l17"
                          HEIGHT="155"
                          WIDTH="2482"
                          VPOS="1505"
                          HPOS="3332"
                          CONTENT="perste laeckens te vercoopen ick en tweijfele niet oft hebbe ue al dan wil"/>
               </TextLine>
               <TextLine ID="region_1637583802745_336l18"
                         BASELINE="3352,1704 3474,1698 3596,1692 3718,1688 3841,1684 3963,1682 4085,1680 4208,1678 4330,1678 4452,1678 4575,1678 4697,1678 4819,1678 4941,1680 5064,1680 5186,1682 5308,1682 5431,1682 5553,1684 5675,1682 5798,1682"
                         HEIGHT="135"
                         WIDTH="2479"
                         VPOS="1602"
                         HPOS="3336">
                  <String ID="string_region_1637583802745_336l18"
                          HEIGHT="135"
                          WIDTH="2479"
                          VPOS="1602"
                          HPOS="3336"
                          CONTENT="bedient ende sedert echter van ue niets meer vernoemen soo dat ue met dese"/>
               </TextLine>
               <TextLine ID="region_1637583802745_336l19"
                         BASELINE="3338,1796 3461,1792 3585,1786 3708,1782 3832,1780 3956,1776 4079,1774 4203,1773 4326,1772 4450,1772 4574,1772 4697,1772 4821,1774 4944,1774 5068,1776 5192,1779 5315,1782 5439,1786 5562,1788 5686,1793 5810,1798"
                         HEIGHT="184"
                         WIDTH="2504"
                         VPOS="1679"
                         HPOS="3323">
                  <String ID="string_region_1637583802745_336l19"
                          HEIGHT="184"
                          WIDTH="2504"
                          VPOS="1679"
                          HPOS="3323"
                          CONTENT="weynige coeme mijn dienst te presenteren en mij aen ue reccommande"/>
               </TextLine>
               <TextLine ID="region_1637583802745_336l20"
                         BASELINE="3350,1898 3472,1896 3594,1894 3716,1892 3838,1890 3960,1888 4082,1888 4204,1886 4326,1886 4448,1886 4570,1886 4692,1886 4814,1888 4936,1888 5058,1888 5180,1890 5302,1892 5424,1892 5546,1894 5668,1896 5790,1898"
                         HEIGHT="179"
                         WIDTH="2472"
                         VPOS="1788"
                         HPOS="3334">
                  <String ID="string_region_1637583802745_336l20"
                          HEIGHT="179"
                          WIDTH="2472"
                          VPOS="1788"
                          HPOS="3334"
                          CONTENT="ue magh seeker wesen dat ue van memant beter oft beeter coop en sol"/>
               </TextLine>
               <TextLine ID="region_1637583802745_336l21"
                         BASELINE="3360,1988 3482,1988 3604,1990 3726,1990 3848,1990 3970,1988 4092,1988 4214,1988 4336,1988 4458,1988 4581,1986 4703,1986 4825,1988 4947,1988 5069,1990 5191,1990 5313,1994 5435,1996 5557,2000 5679,2004 5802,2010"
                         HEIGHT="119"
                         WIDTH="2475"
                         VPOS="1904"
                         HPOS="3344">
                  <String ID="string_region_1637583802745_336l21"
                          HEIGHT="119"
                          WIDTH="2475"
                          VPOS="1904"
                          HPOS="3344"
                          CONTENT="bedienen het saiseen van  de biet sal nu gaen aen coemen ick ben van"/>
               </TextLine>
               <TextLine ID="region_1637583802745_336l22"
                         BASELINE="3338,2106 3462,2106 3586,2106 3710,2106 3834,2104 3958,2104 4082,2103 4206,2102 4330,2102 4454,2102 4578,2102 4702,2102 4826,2102 4950,2104 5074,2106 5198,2108 5322,2110 5446,2114 5570,2118 5694,2122 5818,2128"
                         HEIGHT="158"
                         WIDTH="2510"
                         VPOS="2006"
                         HPOS="3323">
                  <String ID="string_region_1637583802745_336l22"
                          HEIGHT="158"
                          WIDTH="2510"
                          VPOS="2006"
                          HPOS="3323"
                          CONTENT="alderande soorte van goederen seer wel voorsien schoone spaersche moede"/>
               </TextLine>
               <TextLine ID="region_1637583802745_336l23"
                         BASELINE="3338,2212 3459,2212 3581,2210 3703,2210 3825,2210 3947,2210 4068,2208 4190,2208 4312,2208 4434,2208 4556,2208 4677,2210 4799,2210 4921,2210 5043,2212 5165,2212 5286,2214 5408,2214 5530,2216 5652,2218 5774,2220"
                         HEIGHT="169"
                         WIDTH="2465"
                         VPOS="2105"
                         HPOS="3323">
                  <String ID="string_region_1637583802745_336l23"
                          HEIGHT="169"
                          WIDTH="2465"
                          VPOS="2105"
                          HPOS="3323"
                          CONTENT="couleure laeckens van alle preysen oock geperste van 38: 4045"/>
               </TextLine>
               <TextLine ID="region_1637583802745_336l24"
                         BASELINE="3338,2308 3457,2308 3577,2310 3697,2310 3816,2312 3936,2312 4056,2312 4175,2314 4295,2314 4415,2314 4535,2314 4654,2314 4774,2314 4894,2316 5013,2316 5133,2316 5253,2316 5372,2316 5492,2316 5612,2316 5732,2316"
                         HEIGHT="116"
                         WIDTH="2428"
                         VPOS="2228"
                         HPOS="3321">
                  <String ID="string_region_1637583802745_336l24"
                          HEIGHT="116"
                          WIDTH="2428"
                          VPOS="2228"
                          HPOS="3321"
                          CONTENT="en 18 de alder beste frisaerde tot 10  vrit geverft naer advenant de "/>
               </TextLine>
               <TextLine ID="region_1637583802745_336l25"
                         BASELINE="3352,2398 3475,2401 3598,2404 3721,2406 3844,2408 3968,2408 4091,2410 4214,2410 4337,2410 4460,2410 4584,2410 4707,2410 4830,2410 4953,2410 5076,2412 5200,2412 5323,2412 5446,2414 5569,2414 5692,2416 5816,2418"
                         HEIGHT="148"
                         WIDTH="2497"
                         VPOS="2335"
                         HPOS="3335">
                  <String ID="string_region_1637583802745_336l25"
                          HEIGHT="148"
                          WIDTH="2497"
                          VPOS="2335"
                          HPOS="3335"
                          CONTENT="witte carseyen a 23 de geverfde a  26 hebbe oock baeyen van alle"/>
               </TextLine>
               <TextLine ID="region_1637583802745_336l26"
                         BASELINE="3348,2518 3471,2516 3594,2514 3717,2514 3840,2513 3964,2512 4087,2512 4210,2512 4333,2512 4456,2512 4580,2514 4703,2514 4826,2514 4949,2514 5072,2516 5196,2516 5319,2516 5442,2518 5565,2518 5688,2518 5812,2520"
                         HEIGHT="143"
                         WIDTH="2493"
                         VPOS="2418"
                         HPOS="3334">
                  <String ID="string_region_1637583802745_336l26"
                          HEIGHT="143"
                          WIDTH="2493"
                          VPOS="2418"
                          HPOS="3334"
                          CONTENT="forte ue iets noodigh hebbende versoecke mj te commanderen of ove "/>
               </TextLine>
               <TextLine ID="region_1637583802745_336l27"
                         BASELINE="3344,2622 3467,2622 3591,2622 3715,2622 3839,2622 3963,2620 4086,2620 4210,2620 4334,2620 4458,2618 4582,2618 4705,2618 4829,2618 4953,2618 5077,2618 5201,2620 5324,2621 5448,2622 5572,2624 5696,2628 5820,2630"
                         HEIGHT="189"
                         WIDTH="2507"
                         VPOS="2514"
                         HPOS="3329">
                  <String ID="string_region_1637583802745_336l27"
                          HEIGHT="189"
                          WIDTH="2507"
                          VPOS="2514"
                          HPOS="3329"
                          CONTENT="commende mij eens coemen besoecke in heb heddoip recht over het port"/>
               </TextLine>
               <TextLine ID="region_1637583802745_336l28"
                         BASELINE="3344,2724 3384,2724 3425,2725 3466,2726 3507,2726 3548,2726 3588,2724 3629,2724 3670,2724 3711,2724 3752,2722 3792,2722 3833,2720 3874,2720 3915,2720 3956,2718 3996,2718 4037,2718 4078,2718 4119,2716 4160,2716"
                         HEIGHT="159"
                         WIDTH="846"
                         VPOS="2633"
                         HPOS="3329">
                  <String ID="string_region_1637583802745_336l28"
                          HEIGHT="159"
                          WIDTH="846"
                          VPOS="2633"
                          HPOS="3329"
                          CONTENT="comptoir en soo blijve"/>
               </TextLine>
               <TextLine ID="region_1637583802745_336l29"
                         BASELINE="4590,2792 4615,2794 4641,2797 4667,2798 4693,2798 4718,2800 4744,2802 4770,2804 4796,2804 4821,2804 4847,2804 4873,2804 4899,2804 4924,2804 4950,2803 4976,2802 5002,2800"
                         HEIGHT="167"
                         WIDTH="446"
                         VPOS="2694"
                         HPOS="4574">
                  <String ID="string_region_1637583802745_336l29"
                          HEIGHT="167"
                          WIDTH="446"
                          VPOS="2694"
                          HPOS="4574"
                          CONTENT="13 xber 1709"/>
               </TextLine>
               <TextLine ID="region_1637583802745_336l30"
                         BASELINE="3136,2846 3176,2840 3216,2836 3257,2832 3297,2828 3338,2826 3378,2826 3418,2824 3459,2824 3499,2824 3540,2824 3580,2824 3620,2824 3661,2823 3701,2822 3742,2821 3782,2818 3822,2816 3863,2812 3903,2808 3944,2802"
                         HEIGHT="180"
                         WIDTH="843"
                         VPOS="2720"
                         HPOS="3118">
                  <String ID="string_region_1637583802745_336l30"
                          HEIGHT="180"
                          WIDTH="843"
                          VPOS="2720"
                          HPOS="3118"
                          CONTENT="Leyden Jacques le beuf"/>
               </TextLine>
               <TextLine ID="region_1637583802745_336l31"
                         BASELINE="3320,2916 3443,2918 3566,2920 3689,2920 3812,2920 3936,2920 4059,2920 4182,2920 4305,2918 4428,2918 4552,2916 4675,2914 4798,2912 4921,2910 5044,2910 5168,2907 5291,2906 5414,2904 5537,2902 5660,2900 5784,2898"
                         HEIGHT="177"
                         WIDTH="2494"
                         VPOS="2806"
                         HPOS="3305">
                  <String ID="string_region_1637583802745_336l31"
                          HEIGHT="177"
                          WIDTH="2494"
                          VPOS="2806"
                          HPOS="3305"
                          CONTENT="sien geene bij ue aengenaeme van 11 court dat ue soude inalinere om"/>
               </TextLine>
               <TextLine ID="region_1637583802745_336l32"
                         BASELINE="3342,2988 3465,2986 3588,2986 3711,2986 3835,2985 3958,2984 4081,2984 4205,2984 4328,2984 4451,2984 4575,2984 4698,2984 4821,2984 4944,2984 5068,2984 5191,2982 5314,2982 5438,2980 5561,2978 5684,2976 5808,2974"
                         HEIGHT="89"
                         WIDTH="2497"
                         VPOS="2923"
                         HPOS="3327">
                  <String ID="string_region_1637583802745_336l32"
                          HEIGHT="89"
                          WIDTH="2497"
                          VPOS="2923"
                          HPOS="3327"
                          CONTENT="mij eenige goederen in commissie voor ue ieck te senden dat wat uen gaet ue"/>
               </TextLine>
               <TextLine ID="region_1637583802745_336l33"
                         BASELINE="3348,3068 3470,3070 3592,3071 3714,3072 3836,3072 3959,3072 4081,3072 4203,3072 4325,3070 4447,3070 4570,3070 4692,3070 4814,3068 4936,3068 5058,3068 5181,3068 5303,3068 5425,3070 5547,3070 5669,3072 5792,3074"
                         HEIGHT="114"
                         WIDTH="2478"
                         VPOS="2991"
                         HPOS="3331">
                  <String ID="string_region_1637583802745_336l33"
                          HEIGHT="114"
                          WIDTH="2478"
                          VPOS="2991"
                          HPOS="3331"
                          CONTENT="gelieft te mentionneren wat soude pretenderen om voor de schelt in te staen "/>
               </TextLine>
               <TextLine ID="region_1637583802745_336l34"
                         BASELINE="3328,3152 3451,3152 3575,3152 3699,3150 3823,3150 3947,3150 4070,3150 4194,3150 4318,3150 4442,3150 4566,3152 4689,3152 4813,3154 4937,3156 5061,3158 5185,3160 5308,3164 5432,3167 5556,3171 5680,3176 5804,3180"
                         HEIGHT="110"
                         WIDTH="2506"
                         VPOS="3086"
                         HPOS="3313">
                  <String ID="string_region_1637583802745_336l34"
                          HEIGHT="110"
                          WIDTH="2506"
                          VPOS="3086"
                          HPOS="3313"
                          CONTENT="moete ue antwoorde dat sulckx voor niemant noyt en soude doen maer allee"/>
               </TextLine>
               <TextLine ID="region_1637583802745_336l35"
                         BASELINE="3352,3230 3475,3233 3598,3234 3721,3236 3844,3238 3968,3238 4091,3240 4214,3240 4337,3242 4460,3242 4584,3242 4707,3242 4830,3244 4953,3244 5076,3246 5200,3246 5323,3248 5446,3250 5569,3252 5692,3254 5816,3256"
                         HEIGHT="118"
                         WIDTH="2497"
                         VPOS="3179"
                         HPOS="3336">
                  <String ID="string_region_1637583802745_336l35"
                          HEIGHT="118"
                          WIDTH="2497"
                          VPOS="3179"
                          HPOS="3336"
                          CONTENT="overcoope voor ue reck op een enctele provisie beuvens mijn eyge goedere aen"/>
               </TextLine>
               <TextLine ID="region_1637583802745_336l36"
                         BASELINE="3344,3310 3466,3314 3589,3316 3711,3319 3834,3322 3957,3322 4079,3324 4202,3326 4324,3326 4447,3328 4570,3328 4692,3328 4815,3330 4937,3332 5060,3334 5183,3336 5305,3338 5428,3342 5550,3346 5673,3350 5796,3356"
                         HEIGHT="108"
                         WIDTH="2484"
                         VPOS="3268"
                         HPOS="3328">
                  <String ID="string_region_1637583802745_336l36"
                          HEIGHT="108"
                          WIDTH="2484"
                          VPOS="3268"
                          HPOS="3328"
                          CONTENT="persoonen die mijn eyge fieren en suffisant oordeelen en op die conditie ben"/>
               </TextLine>
               <TextLine ID="region_1637583802745_336l37"
                         BASELINE="3340,3400 3460,3402 3581,3402 3702,3402 3823,3404 3944,3404 4064,3406 4185,3406 4306,3408 4427,3410 4548,3412 4668,3414 4789,3416 4910,3418 5031,3420 5152,3422 5272,3424 5393,3427 5514,3430 5635,3433 5756,3436"
                         HEIGHT="159"
                         WIDTH="2451"
                         VPOS="3331"
                         HPOS="3323">
                  <String ID="string_region_1637583802745_336l37"
                          HEIGHT="159"
                          WIDTH="2451"
                          VPOS="3331"
                          HPOS="3323"
                          CONTENT="seeker dat van andere vriende van costij mij goederen genoch sullen woorden"/>
               </TextLine>
               <TextLine ID="region_1637583802745_336l38"
                         BASELINE="3336,3490 3458,3490 3580,3490 3702,3492 3824,3492 3946,3492 4068,3494 4190,3494 4312,3496 4434,3498 4556,3500 4678,3500 4800,3502 4922,3504 5044,3506 5166,3508 5288,3510 5410,3512 5532,3514 5654,3516 5776,3518"
                         HEIGHT="98"
                         WIDTH="2473"
                         VPOS="3451"
                         HPOS="3321">
                  <String ID="string_region_1637583802745_336l38"
                          HEIGHT="98"
                          WIDTH="2473"
                          VPOS="3451"
                          HPOS="3321"
                          CONTENT="geconsieert en hebbe tot noch toe aen niemant als aen ue daer over willen"/>
               </TextLine>
               <TextLine ID="region_1637583802745_336l39"
                         BASELINE="3322,3582 3446,3582 3571,3582 3696,3582 3821,3582 3946,3582 4070,3584 4195,3584 4320,3584 4445,3584 4570,3586 4694,3586 4819,3587 4944,3588 5069,3590 5194,3592 5318,3594 5443,3596 5568,3598 5693,3600 5818,3604"
                         HEIGHT="137"
                         WIDTH="2529"
                         VPOS="3517"
                         HPOS="3306">
                  <String ID="string_region_1637583802745_336l39"
                          HEIGHT="137"
                          WIDTH="2529"
                          VPOS="3517"
                          HPOS="3306"
                          CONTENT="schrijven de reden die mij daer toe moverer in is niet om het proft dat daer uy"/>
               </TextLine>
               <TextLine ID="region_1637583802745_336l40"
                         BASELINE="3348,3668 3470,3670 3593,3670 3715,3670 3838,3670 3961,3668 4083,3668 4206,3667 4328,3666 4451,3666 4574,3666 4696,3666 4819,3666 4941,3668 5064,3670 5187,3672 5309,3675 5432,3680 5554,3684 5677,3692 5800,3700"
                         HEIGHT="152"
                         WIDTH="2482"
                         VPOS="3600"
                         HPOS="3333">
                  <String ID="string_region_1637583802745_336l40"
                          HEIGHT="152"
                          WIDTH="2482"
                          VPOS="3600"
                          HPOS="3333"
                          CONTENT="te gemoet sien maer alleenelijck om soortement van alles te hebbe om mijne"/>
               </TextLine>
               <TextLine ID="region_1637583802745_336l41"
                         BASELINE="3350,3762 3472,3758 3595,3756 3718,3755 3841,3754 3964,3754 4087,3754 4210,3754 4333,3754 4456,3756 4579,3758 4701,3759 4824,3761 4947,3763 5070,3765 5193,3768 5316,3770 5439,3772 5562,3774 5685,3776 5808,3778"
                         HEIGHT="110"
                         WIDTH="2488"
                         VPOS="3717"
                         HPOS="3335">
                  <String ID="string_region_1637583802745_336l41"
                          HEIGHT="110"
                          WIDTH="2488"
                          VPOS="3717"
                          HPOS="3335"
                          CONTENT="callante te connen gereeve want mijne negotie is principaelijck in de enge"/>
               </TextLine>
               <TextLine ID="region_1637583802745_336l42"
                         BASELINE="3338,3844 3460,3842 3582,3842 3705,3840 3827,3840 3950,3840 4072,3838 4194,3838 4317,3838 4439,3838 4562,3838 4684,3838 4806,3840 4929,3840 5051,3842 5174,3843 5296,3844 5418,3847 5541,3850 5663,3853 5786,3856"
                         HEIGHT="94"
                         WIDTH="2479"
                         VPOS="3793"
                         HPOS="3322">
                  <String ID="string_region_1637583802745_336l42"
                          HEIGHT="94"
                          WIDTH="2479"
                          VPOS="3793"
                          HPOS="3322"
                          CONTENT="sohe manufacture niet te ire ue magh secker wesen dat aen nmemant ue "/>
               </TextLine>
               <TextLine ID="region_1637583802745_336l43"
                         BASELINE="3326,3926 3450,3926 3574,3926 3698,3926 3822,3924 3946,3924 4070,3924 4194,3922 4318,3922 4442,3922 4566,3922 4690,3922 4814,3922 4938,3922 5062,3924 5186,3925 5310,3927 5434,3930 5558,3932 5682,3936 5806,3940"
                         HEIGHT="134"
                         WIDTH="2513"
                         VPOS="3853"
                         HPOS="3310">
                  <String ID="string_region_1637583802745_336l43"
                          HEIGHT="134"
                          WIDTH="2513"
                          VPOS="3853"
                          HPOS="3310"
                          CONTENT="goederen en sal vercoopen oft ick sal ten minste het doel in onge"/>
               </TextLine>
               <TextLine ID="region_1637583802745_336l44"
                         BASELINE="3308,3998 3433,4002 3558,4004 3683,4006 3808,4006 3933,4006 4058,4006 4183,4004 4308,4004 4433,4002 4559,4000 4684,4000 4809,3999 4934,3998 5059,3999 5184,4000 5309,4002 5434,4005 5559,4010 5684,4014 5810,4022"
                         HEIGHT="127"
                         WIDTH="2532"
                         VPOS="3911"
                         HPOS="3293">
                  <String ID="string_region_1637583802745_336l44"
                          HEIGHT="127"
                          WIDTH="2532"
                          VPOS="3911"
                          HPOS="3293"
                          CONTENT="eygen daer bij fieeren tot ue naer ight boven diens ick gebruycke goede pceasse"/>
               </TextLine>
               <TextLine ID="region_1637583802745_336l45"
                         BASELINE="3336,4086 3459,4084 3583,4084 3706,4084 3830,4086 3953,4086 4077,4088 4200,4088 4324,4090 4447,4090 4571,4092 4694,4094 4818,4096 4941,4096 5065,4098 5188,4100 5312,4100 5435,4102 5559,4102 5682,4102 5806,4102"
                         HEIGHT="124"
                         WIDTH="2501"
                         VPOS="4036"
                         HPOS="3320">
                  <String ID="string_region_1637583802745_336l45"
                          HEIGHT="124"
                          WIDTH="2501"
                          VPOS="4036"
                          HPOS="3320"
                          CONTENT="ende en bemoeije mij niet met du bieuse persoonen nochte met sicht veerdigh"/>
               </TextLine>
               <TextLine ID="region_1637583802745_336l46"
                         BASELINE="3338,4184 3460,4182 3583,4181 3705,4180 3828,4178 3951,4176 4073,4175 4196,4174 4318,4172 4441,4172 4564,4172 4686,4172 4809,4172 4931,4174 5054,4176 5177,4178 5299,4180 5422,4184 5544,4188 5667,4194 5790,4200"
                         HEIGHT="97"
                         WIDTH="2481"
                         VPOS="4110"
                         HPOS="3323">
                  <String ID="string_region_1637583802745_336l46"
                          HEIGHT="97"
                          WIDTH="2481"
                          VPOS="4110"
                          HPOS="3323"
                          CONTENT="te fieren rst bij aldien dat ue op die voet inclineert om iets te beginne"/>
               </TextLine>
               <TextLine ID="region_1637583802745_336l47"
                         BASELINE="3318,4266 3440,4264 3562,4262 3685,4261 3807,4258 3930,4256 4052,4254 4174,4252 4297,4251 4419,4250 4542,4248 4664,4248 4786,4248 4909,4248 5031,4248 5154,4250 5276,4252 5398,4255 5521,4260 5643,4264 5766,4270"
                         HEIGHT="132"
                         WIDTH="2478"
                         VPOS="4198"
                         HPOS="3302">
                  <String ID="string_region_1637583802745_336l47"
                          HEIGHT="132"
                          WIDTH="2478"
                          VPOS="4198"
                          HPOS="3302"
                          CONTENT="soo versoeckke mij is erste een sortimentie toe te sende van alls als"/>
               </TextLine>
               <TextLine ID="region_1637583802745_336l48"
                         BASELINE="3332,4338 3450,4340 3568,4342 3687,4342 3805,4342 3924,4342 4042,4342 4160,4340 4279,4338 4397,4336 4516,4335 4634,4334 4752,4332 4871,4330 4989,4328 5108,4326 5226,4326 5344,4326 5463,4324 5581,4326 5700,4326"
                         HEIGHT="72"
                         WIDTH="2400"
                         VPOS="4269"
                         HPOS="3315">
                  <String ID="string_region_1637583802745_336l48"
                          HEIGHT="72"
                          WIDTH="2400"
                          VPOS="4269"
                          HPOS="3315"
                          CONTENT="blouwe swert camosijn en drap de dommes van de aldere ure "/>
               </TextLine>
            </TextBlock>
         </PrintSpace>
      </Page>
   </Layout>
</alto>
