6225 4452
776 58 2443 158 door desen lanckdurigen oorlogh gemineert worden ende

859 170 2329 199 ten onderen sjn gegaen ende daer bij nu de dierte

848 312 2314 149 en schaersiteyt van levens middelen is oorsaeke datter

830 405 2391 206 op geene trafique en can gepeyst worden want daer

825 520 2400 163 en wort mets geconsunaeertoft gedebiteert. ue packen

823 649 2403 210 sijn noch onder my sonder die te connen trucheeren

833 787 2296 127 affiett van te vercoopen oock noch het packen

817 873 2385 169 met bayen van voorledene jaer ende daer en wort

841 989 2357 158 niet eens naer laekens gevraeght voordert sijnder

830 1152 2394 156 soo veele van hollandt en ue quarsieren die goederen

846 1226 2353 198 in commissie senden en van plaestene tot plaissche

855 1359 2203 175 voor hun eygen rekene doen pretenteeren ende

855 1464 2203 190 vercoopen dat wij daer in veel naer niet sij en

835 1559 2341 148 comen coemen. ingesloeten remitteere ie wederom

835 1673 2319 225 ste £90 op h: furnete versoeke het noodigh te

845 1841 2320 170 besorghen en mij voor te crediteeren. daer is a costy

2281 1920 151 89 Lend

815 1917 2366 214 m thomas Pease die alhier goet een soorte van

820 2029 2369 215 geverfde laekens als buyn blouw, groene en roode

780 2197 2396 140 & die het dobbet p. alle geverft maer op ste£ 6 a

831 2288 2384 152 £7 costen bestaende in hwee quaerten ider quaert

818 2397 2283 156 van g. 28 a  30. oock moeten die quaerten

824 2518 2317 163 van breede weten gelijck de dossen van 15 rouw

831 2609 2271 206 ingevalle ue die soorte bekent is soo gelieft mij

818 2723 2357 183 het selfde te adviseeren soude wel een a wee packen

847 2848 2382 161 daer van op ue antwoort ordonneeren die blijve

852 2953 786 174 ue groetende

657 2995 1232 278 Brussel Honardus de witte

2222 3007 917 272 Adij 16 xber 1709

847 3149 2341 236 verhope desen mijnen op ue goet retour ue sal ter handt

858 3279 2352 223 coemen. hadde gisteren naer middagh d'eere verwaght

857 3398 2321 218 van ue noch te connen spreken ende tot dien eijnde

846 3523 2282 152 het spack met sijne bayes geopent van  36 maer

855 3673 2353 153 ick moete dencken dat den seydt gemankeert heeft om

825 3752 2387 168 voorders naer te coemen nmettemin gelieft ue eenige

840 3867 2386 194 p van die bayen oft eenige andere soorten van goederen

830 4012 2396 159 versoeke mij maer te ordonneeren, weest verschent dat

854 4100 2360 192 ick ue soo wel sal bedienen als oft ue hier present waer

848 4201 2323 152 hebbe volgens ue ordre het goet int beurtschip gedaen

3383 81 2394 196 heden in een paxke gemerckt EV:W: dat niet en

3389 220 2465 184 twijfele oft sal ue tot contement ter handt coemen

3392 316 2350 222 oock dat ue daer by soo goede genoegen ende

3396 450 2387 170 advantagie sal vinden dat wy te saemen verder

3391 577 2238 184 ken nidte sullen maeken en meerder handelen

3409 674 2315 227 want weest versehert dat ue nochte in Brussel

3387 804 2283 213 nochte in Antwerpen by niemant in veir naer

3359 932 2317 224 soo goeden coop sal coopen als bij mij want

3386 1052 2431 219 maeke profitsie daer van en passeere mij met seer

3377 1166 2289 228 clijne winste en ue sal dat genoegh met de

3379 1300 2234 217 occasie onder vinden. ingesloeten de facture

3382 1418 2372 239 bedraegende in wisselgelde ƒ 871:- ½ waer voor

3370 1605 2410 160 y gelieft te crediteeren ende de geaccepteerde

3382 1708 2394 133 briefkens toe te senden soo als wy geconvenieert

3366 1825 2486 186 sijn welck afwaghtende soo blijve naer minsaeme

3380 1968 2428 148 groetenisse als mede aen meu ue beninde

3363 2087 2431 194 den verwondert ue tholbrief athier bij den facteur

3375 2186 1385 178 niet en hebbe gevonden

3281 2307 1041 174 Brussel Joannes haeghens

4657 2296 887 256 Ady 16 xber 1709

3373 2416 2399 255 ick hebbe gereflecteert dat ue een meropken aen monsr

3375 2545 2395 275 de witte heet medegegeven om te besorghen eenige roode

3368 2671 2476 219 colchester bayes en roode sijne bayen als mede carmosyne

3351 2757 2450 234 flannellen. ingevalle dat ue gelieft ende dat ick ue daer

3339 2879 2496 237 mede can dienst doen sal die expret voor ue doen verven

3374 3023 2389 218 gelieft my maer de staeltiens te senden soo gelijck ue

3379 3127 2292 224 die souhaitteert oock watter voorders van eenige

3374 3246 2322 216 goederen ue coemt te mankeeren sal ue alteyts soo

3359 3365 2379 176 civiel en wel dienen aloft ue hier present waere.

3373 3446 2351 242 hebbe tegenwoordigh seer schoone carseyen en bayen

3371 3576 2406 235 en alderhande soorten van goederen. als ue mij iets op

3358 3698 2373 144 rekeninge gelieft te betaelen soo versoeke nij het maer

3359 3765 2408 223 en gelieft te laeten weeten. ick can het sonder schaede

3365 3891 2319 200 oft port met een wisselbriefken op ue trecken op sicht

3356 4035 2397 147 icke presenteere oock myn dienst aende vrinden als aen

3351 4110 2293 217 mons. Michiel van der Borght en aen mons. Lindekens

3370 4213 1392 173 en naer groetenisse soo blijven
