6126 4434
803 59 2266 174 soo dat daer ten uytersten bij verlegenben de on costoect

775 178 2327 157 van de 4 packen wacht dan ingelijck gelieft de schip

796 280 2268 196 diers geen vracht brieven mede te geven en mij maec

787 413 2271 142 allenelijck tijdelijck p post te adveseren wat paste

820 500 2192 213 en wat mercken en met wat schepper dat ue die

816 624 2171 210 hee stafgesanden alsoo de schippers nu eenige tijt

784 743 2275 205 de waght brieven hebben terhant gestelt aen factuers

797 925 2244 124 die niet en soecke te imployeren ue in clo hebbe

818 1010 2223 188 aen mijn schoen moeder ter hant gestelt gelieft inge

810 1131 2177 201 ljck te doen met de  ingeleyde voors

805 1261 2213 174 ue dochter ende dandere op londen voortgank

770 1382 877 189 te geven en blijve

2018 1485 347 159 17 July

637 1517 1115 178 Mechelen Jacobus paradans

790 1581 2226 206 tot antwoort ue aengenaemen van gisteren de Engeloche ge

787 1695 2264 190 verste quaerten van die soorte envallen niet anders dan over de

784 1798 2338 177 breet ue can oock wel considereren wat men voor eenen pate

793 1933 2250 140 con als geverft can hebbe en dese soorte en can maer die

774 2012 2284 182 nen om den coop ende den cleynea prijs het is mij leet de

776 2117 2259 197 dat  gust ue niet naer ue contentement uyt en valt wille

776 2225 2240 199 ue geerne in ale occasie dienst doen maer als ue daer t

771 2335 2254 207 a 5  soude al smeyden dan en can ick met de reste mit

785 2455 2292 223 doen het quaestaen is maer 26a 6 lanck en bedraeght onder

787 2555 2272 240 a 45 st ƒ 59:12½ dat geene a ffairens en is. ick hebbe een

751 2716 2335 246 schoone parteyen carseyen en baeyen gearriveert oock de

755 2816 2291 265 perste moortse en spaensche laeckens colchesteren de

758 2913 2356 229 venter baeyen ofte ue eenige paxkens noodigh hadde ick

769 3044 2270 225 sal ue die veel over laeten ick versoecken als ue inde

766 3176 2341 244 stadt comt mij d'eere aen te doen van nu en dan naer

787 3306 2315 209 te coemen en ue sal altijts iets vinden dat ue sal aen

796 3420 2318 212 staen en ik sal van mijnen cant alles doen wat moege

806 3547 2303 233 lijck is om ue colandisie te moege hebben ick groet

793 3694 1806 176 ue boneffens jouff ue beminde en blijve

2363 3837 653 178 Adij 19 Julii 1708

561 3860 1306 179 London kivinus de Dorpere

811 4043 2269 144 op gisteren ontfangen ul aengenaeme dato 2 cour met de

798 4147 2360 138 volgende remises van selve dato sos als st £200:- op fredrick

807 4235 2312 120 van den Broeck ste£ 70:- op pau wel en Am tachte die de

3430 24 2361 120 sie meert hebben een ereoer hee a oj 4 naer sohel

3427 60 2315 132 tot gendt in Antwerpen te betaelen soeckende gelegen tijdt om de

3412 167 2422 96 selve  om acceptatie te senden tegens dese ditt rempes tesaemen

3411 230 2327 105 st £1370:- a 311 voor begde onse reken d'helft remittere ul

3401 253 2386 140 ingesloten van heden ½ vros op hengij farnesse st £1100 gewisselt a

3407 339 2407 107 3:5 waer van het noodigh gelieftt te besorgen ende in rekege te

3406 378 2416 139 crediteren hebbe continuelt sedert mijnen laesten gevigibeert uk te

3395 443 2392 130 connen remitteren doch om den hoogen cours naer propontie

3418 470 2395 153 van het van costij af coempt niet connen resolveerentin Amsterd.

3398 589 2392 94 en is mede geen beteradvantagie als a 33:5 te speculeeren

3395 630 2401 138 soo dat het present maer den int rest pro rato van 6 pet can

3393 686 1498 137 wyt doen ick groete ul en blijve

3222 756 1509 214 Rotterdam Jacques Reyers

5213 776 582 170 Adj 19 pulij 1703

3370 900 2416 192 P a. aengenaeme van 17 ourt ontfangen de oncort rekene van de vier

3393 1027 2404 125 laeste packen bedraegende ƒ142:6 die ssal naer sien en conform ben indende

3397 1082 2351 119 l in reken crediteren voorders hebbe geerne gesien ul een beginsch

3386 1136 2432 132 hadde gemaeckt met het tepescheren en mij ne te senden de gearriveerde

3395 1232 2438 114 packen als p. Padelus de Jongu N6 N°11.17316 det wel is doch dat ul. de

3393 1271 2380 133 pr Jan in tchielse hadde af gescheept 10 packen als n32.6:8:12.13

3369 1341 2436 113 t N° 34. 35. 37. 38. 37 dat en is mijne meyninge niet ick en doen niet

3374 1457 2447 77 dan continuell de recomanderen den nisco te verdeelen en ul naet

3383 1488 2459 103 wel dat ick geen 10 packen seffens met een beurtman en begere af gesonden

3393 1525 2438 131 te hebben eende dat sulen voor ul rekene soude gaen want met continael

3390 1611 2419 118 malheuren genoech het ende daerom geen genoechsaeme precautien

3386 1672 2377 111 en can nemen versoecke ul den ingeleyde voor engelandt prompt

3378 1745 2459 113 voorts ganck te doen geven en soo blijve naeccordiaele groet en vse

3388 1801 2435 104 aen ul, matante ul beminde en onse nechte als mijn huys vrone

3383 1874 886 98 ens gelijckx is doende

3176 1941 1210 234 Lejden Jacques Le Beuf

5162 1997 191 132 Adj

3383 2108 2395 161 befde ue aengenaeme & patto en caurt hebbe wel ontlangen en gevolge

3386 2254 2382 101 ul laesten gesien dat den vrient het  paexke 2 n° 3 voor wie ul

3365 2318 2432 98 het selfde gedesteneert hadde niet en conthen hangen daer sulcx dat ick

3372 2355 2450 135 het selfde voor ul reken soude mogen vercoopen de oncosten opt selfde

5348 2450 53 43 108

5229 2447 109 45 niet

5412 2443 59 54 den

3384 2461 2401 83 sijn ƒ 30:14½ courant en hebbe van ul. laeckens noch  tercoght

3368 2543 2484 77 l2p conform vs het sijnen tijde hebbe geadviseert ende daer en is

3365 2623 2469 55 noch geen geldt van in gecomen soo dat ul daer voor niets can remitteren

3365 2657 2438 107 daer en is hier present niets te vercoopen het sal moeten beteren

3368 2750 2456 102 met het at gaen van t asoen ende de meeste vraege is voor lich te

3355 2796 2478 96 car mosyne diemen voor een ciuile priss can ver coopen gelijck ul. voor

3346 2874 2363 90 desen hebbe geadviseert hebbe met die by mij hebbe alle mogelijcke

3367 2892 2438 152 devoiren gedaen doch niemandt wilter aen ick hebbe selfs buyten vl.

3357 3006 2472 101 ordre over weynige daegen een vercoght gehadt tot 321 ende den vrient

3360 3086 2477 101 heeft noch gebeelt ick hebbe groote partije met de favorable wisselop

3360 3179 2465 93 London af gegeven om reteuren oock voor partije goederen die van daer

3362 3210 2361 123 op wegh hebbe soo dat present tot mijn leedt wesen ul met geene

3370 3320 2462 94 beningen can dienst doen voor den intrest provisie en verlies van

3353 3368 2413 109 wissel hebbe ul. gedebiteert op de brieven op dh Ansillion £3:17:2

3360 3436 2435 117 wisselgelde als bijde ingeleyde notitie blijckt ten tijde dat den laesten

3345 3532 2429 89 briet verviel en e asser sonder het ¼ schaede niets te doen soo dat daer

3357 3606 2447 105 hebbe moet en door passeren ul. twee in geleyde brieven hebbe

4552 3651 113 74 m

3365 3688 2423 106 doen bestellen de wissel op Amsterd: banco is 12 court geveest 2 pets

3348 3763 2487 127 cort sicht voor brieven op tijdt  oft langer ier noydt geen gelinie

3341 3834 2432 85 steerde cours die negotieert men het best men can courant heeft

3349 3914 2487 104 gedaen 6¼ a 5 pett den tijdt mankeert mij ul larges te schryven moete

3348 3974 2189 106 sluyten en soo Blijvee in haest met vriendelycke groe te nedde

3221 4046 1203 200 Mechelen de wed. Langemans

5097 4078 564 143 Adij 20 ditto

3341 4214 2477 102 ick hebbe ul. aengenaeme van 17 cour wel ontfangen waer bij gesien dat

3336 4300 2345 74 het paexke al wel was geworden doch dat ul. liever hadde bete hadt
