6046 4407
732 39 2332 77 na 780:8 ocvira mieux u nesle mece que moy en tout qu'i

737 83 2373 90 vous plaira me commander estant fourni de toutes sortes d'Assointiment

734 138 2284 105 de dra ps bayes frisettes carisees faisez mon aussy l'honneur de me

735 228 2376 93 venig voir qusant vous fereez le voyage d'fiderers et ie ne manqueray

765 277 1712 101 lamais a faire mon possible et surcela ie me dit

501 330 1087 175 Mons Anthonne D. Houst

2516 394 586 131 Adij 23 Janmer 1705

740 490 2373 112 J'ay bien receu l'agreable vre du 12 du court pour responce ie vous envoye

725 565 2392 133 fray deux P de drraps bleu et deux de verd comme ie vous ay vendue et

723 625 2345 122 noerin vos eschantistions cito qu'ils seront arrivéé les attendant en

735 703 2340 127 pene pr la grace de Dieu i'en ay en chemin de toutte sorte et colleure

731 755 2388 142 comme coleure de Bavierre jane et rouge touts tienture d'Angleter

735 804 2376 154 comme ie vous ay marque p ma precedente i'ay aussy soing pour ces

715 892 2375 116 flanelles escaglattes ie suis crant de voit que vous avez si bien vendue

725 958 2392 139 i'ay en chemin vre tres bonne parties de fins draps coleur a la mode

725 1058 2370 99 poure le la resme et il n'y a point d'assortiment aqu'il me manquera

710 1104 2367 135 stouiours pour vre service ie vous ay envoyéé deix eschantillions

721 1166 2328 129 de draps escarlats tres beaux superffins & hollande et ie m'estonne

734 1271 2318 79 que v. n'en fait aucun mention i'ay aussi bonne ass ortiment

745 1321 2343 128 de Bleu et noirs et drap de dammes d'hollande et de nre fabriane

744 1408 2276 92 a fort bon marche en tout que v. q pourroit avoir besoing ie

712 1483 2414 134 vous prie me commander et ie ne manqueray jamais avous bien

726 1519 2365 172 server ie suis attendant les remises qu'ill vous plaira me faire et

714 1601 1980 182 ie vous salue comme madnoyelle vre compagne et suis

852 1704 145 78 in

547 1702 1023 166 Rotterd. Jacques Meyers

2436 1713 665 175 Adij 23 January 1705

744 1847 2379 143 mijn sghoon moeder heeftt ul en matante ul. lmisde voorleden

720 1954 2391 114 post gheadriseert het broenigh afsterven van Dhr. Broeckmans

733 2028 2214 109 saligher iens seele verhope den ghenadighen Godt sal in

732 2072 2366 151 bernhertighydt hebben ontfanghen ick moete ul bekennen dat

714 2183 2404 127 eenen soy swaeren en senstoelen slagh is voor opse gamilie als

725 2236 2379 124 den hemel ons can over senden het gene mijn hert soo doet b

722 2301 2346 120 benauwen met droefhijdt dat nauwelck capabel ben ergens

709 2389 2377 131 op te peysen oft cenighe affairins te beredderen  ee deele

719 2451 2306 145 siende mam in een groott embaras van affairens die den

729 2534 2380 137 overledene gheen hadde in sijn  bestier buyten kennisse van

725 2603 2368 136 mant  van de famillie ende ten tweeden het sterven sonder

705 2685 2417 136 ieapabel ghewoest te hebben van imant connen sprecken oft eenig

729 2767 2383 134 het minste clairissement te conpen geven den seenigheten troos

725 2836 2352 150 voor de fa millie die Godt heeft ghalieven te sonnen is dat hem

728 2898 2391 132 heeft bewaert met inwendigh verstandt in volle kennisse tot

732 2997 2405 116 ent sijn weytterste soo dat buyten twijffel met suffisante bequaemsende

731 3073 2387 139 heeft ontfanghen de laeste adiinistratie en sijne sielle tolde

726 3105 2379 183 eenvighijdt connen bereyden daer godt moet voor wesen ghebene

719 3203 2404 159 dijt hebbe het sijnen tijde wel ontfanghen beyde ul. aenghenaemt

703 3275 2413 174 van 27 past en 3 court met recken. van oncosten opt pack t

723 3372 2358 142 no 28 hollans ƒ 41:11 waer voor hebbe ul. ghecrediteert doch

725 3457 2354 137 losseel en paspoort £2:18 en sleepen 19 st is wat hoogh nu

735 3540 2387 147 hebbe uyt de amsterdamsche gasette van satterdagh ghes ien date

709 3637 2307 95 een convoj van parmouths ende maes saluo iss waer onder

720 3654 2365 173 gheloove de twee andere packen met bayen nu sullen syn

704 3757 2429 177 gheariueeyt in het Londons convoij oip de maese hebbe mede

708 3884 2426 106 twee packen te verwachten die gedt ghelieve saluo te brenge

724 3967 2401 133 en soo verhope van den ghepasseerden torm sal hebben

714 4022 2385 142 bevrijdt. te weten in pake Robins Dn1 en in hone winn hen

728 4109 2392 128 iedts ghearineert oft ghepasseert wesende ghelieft m y met

724 4191 2226 111 advis te verheelen inghesloten een van mana voor

723 4278 2263 85 matante ul. Be minde nenens noch een anclose voos

3381 46 2383 126 London die versoecke ghelieft prompt voorstganck te geven

3365 99 553 101 en soo Bolggel

3143 168 1120 206 Brughe illis van Coppenolle

5057 184 707 172 Adij 26 January 1708

3373 299 2438 164 op 10 conr was aen ul mijnen laesten met de versochte eertificatien sedert

3372 432 2373 74 sonder eenighe van u aenghenaeme dat mij verwondert versoecke op

3365 500 2370 86 alle vrind schap om adiustement van recken te moghen hebben

3363 543 2426 118 ende dat ul. ghelieft in consideratie te nemen het gene ul. op 18 gber

3373 626 2392 116 laest en 5 cour hebbe ghes en achter volghens helrestantie op mij

3356 693 2383 108 te trecken ghelieft mij oock een extraet daer by te senden van

3364 769 2432 93 wec ken cout en ul sal mij verobligeren brieyen van 17 uyt London

3380 825 2380 111 adviseren dat het ostendens convoy pr. eersten stondt af te comen

3362 895 2447 119 daerom eerst d'oude recken. ghesloten om op nieinge te beginnen

3373 982 2450 125 recomandere ul. het selve ten hooghsten en naer cordice groete

3351 1015 827 128 nisse soo Blijvee

4866 1123 730 147 Ady 28 ditto

3123 1102 785 192 Brussel  zegers

3360 1280 2454 145 de ue van 9 past. wel ontfangen doch niet eerder beantwoort

3357 1362 2321 149 omdat voorsied en geni occasie hebbe gehadt op ue de

3356 1509 2316 189 trecken de ƒ500:- wisselg. die ue mij bij de syne heeft

3340 1600 2384 196 geordonneert sijnde op sicht aen d'ordre nauwelaerts en

3357 1763 2374 170 lomaert ick ben getroost te sien dat ue mij gelieft

3357 1877 2437 150 te asseureren dat sedert dat ick in de wegotie ben geweest

3361 1972 2444 210 w bj niemant meer besteet heeft versoeke soo te continneer

3362 2075 2307 228 en ick sal alles doen wat moogelijck is. hebbe cireade

3339 2192 2482 258 12 packen spaensche laekens onderweegen van alle couleur

3353 2334 2444 224 en prijsen die ue goet contentement sullen coemen geven

3349 2439 2361 231 wat aengaet het laeken N20 daer ue soo van

3346 2558 2350 207 claeght dal dat eentc oemen sien voorden vaten

3346 2736 2246 144 om ue en andere mijn. dienst te presenteeren. de

3345 2792 2358 204 carseyen onder ue berussende recommandeere dae

3352 2932 2331 162 mede ue devoir te contindeeren de goede soorte

3349 3021 2454 184 is present soo wel als voorleden jaer syn geldtseen

3354 3150 2463 208 de doodt van mijn schoonvaeder voorders geadviseer

3338 3259 2417 194 niet voorders excusie dat daer door geen tydt hebbe

3353 3350 2117 202 om heden reken courant te connen lenden

3214 3484 2190 159 Brussel de wed: vander Borght 2 february 1708

3349 3565 2464 237 de ue van 23 gber 18 en 30 patt. sjn fame van oncastie on beaut

3301 3692 2436 192 =woort het gene ue mij heeft geordonneert te trecken en hebbe

3360 3824 2322 154 niet als gisteren ssht pr cosse connen doen aend'ordre p

3346 3891 2279 167 Ilbrand conineh £81:15:2 wh. gelieft die te verheeren

3273 4016 2410 132 het is droct dat en soo lange tijdt ue wergens in en hebbe

3351 4114 2330 129 connen die ne en noch droovigher dat coemtre claegen

3347 4235 2391 101 ick moet ue asserreren dat memaut sijn goet ii vrelder als
