6269 4449
808 16 2345 150 de d pr cronstre que en vend jours  cprclusse

821 61 2242 158 done encor quelques eschantittione de blands et brun more

855 166 2283 126 si vous avez besoing d'ion assortement faittez le moy scanos

840 234 2301 127 et ie vous asseuve ie vous serviray tres bien et sur le mes me

827 305 2258 109 pied comme mes aultres tmes mons. D Houst at eu de moy

815 396 2289 108 tine bonne partie de ces draps de toutte sortee de couleures

832 476 2245 88 et pris vous n'avez qu'à m'en voyeer les eschantiltions

829 546 2311 115 conme vous souhattez les couleures et ie les chercheray si -

832 638 2302 121 pres possible, car les eschantillions que ie vous envoiye au

809 672 2306 134 dour dhus n'en auray peutestre vendue de main les

800 755 2380 175 draps et il m'est impossible de mettre touts ces draps assspars

829 832 2295 121 dont ie vous en envoye les eschantiltions ie n'ais poinet

825 898 2358 145 de draps de nred fabrique de si bas prix, car les fins sont

829 988 2343 118 trois bon marche a present et beaucoup plus avantagiene

828 1060 2299 142 que les commins. il m'est impossible de vous pourois

830 1156 2304 116 accorder le drap noir n:9 a 313. il me couste a moy mes me

820 1221 2302 128 d'auantage les eschantillions vous le sont asse connoistre

835 1308 2245 105 les noirs et les bleu vous ne les pouvez achepter mellieur

845 1381 2286 109 marche de vre vie si bien que les drap de dammes dont un

820 1449 2340 146 a de ƒ12 et 13:- a vre service ie seras attendant &hon=

797 1525 2374 147 heur de vres responce et ie vous asseure que ie vous serviraz

813 1630 2296 142 d'irne maniere qu'il ne sera pas pour la derniere fais

822 1669 1607 173 sur quoy pouvez faire fond et que suie

2326 1780 675 177 ady 5 meert 1709

629 1762 1525 210 Mamus eadmois. Hermans

833 1938 2252 125 il y a longtemps que ie n'ayt en aucunne des agreables vres

827 2031 2340 121 cependant i'espere que iourrez done par faitte sanere. ie vous

819 2135 2208 94 ay tant prie p mes precedentes de vouloir prendre vre

823 2159 2290 141 es preuve pour nos draps noirs et bleu 3600- et comme la

822 2241 2327 141 saison pour la debites va venir et que vous aurez besoing sans

819 2333 2299 134 doubte de quelqassortiment ie ne veu poinct manquer de

823 2439 2333 83 vous en faire toubven ir ayant pour se present le plus belle

827 2531 2349 88 assortiment qu'il y at a voir tant noir que bleu 3600 de ƒ13

828 2569 2290 126 a ƒ114:- et drapde dammes de ƒ12 a ƒ13:- il vous doibt esttre

826 2646 2302 155 in different de quel endroit que vous tires la marchandise

826 2724 2255 131 quant vous les pouvez avoir au plus bas prix et marche

827 2809 2287 121 vre P et deux ie n'est pas vre affaire car en ayant eu

819 2878 2323 155 ie suis asseure que men demanderez d'avantage. nous payons

818 3005 2367 78 icy les droits de sortie tellement que vous ne payerez que l'entre

822 3042 2343 119 i'ay aussy assortiment de toutte sorte de marchandisse d'Angle tere

830 3153 2349 113 a vre service ie ne doubte poinet ou j'ayt a attendre l'honneur

824 3223 2339 93 de vre responce et commen dement et slauray soing a vous

830 3278 2221 139 servir d'rne telle maniere que y. qen sera contente

830 3358 832 172 pendint que ie suis

2330 3419 515 192 adij 9 ditto

606 3455 1147 187 Mamss f. Castaigne

839 3581 2207 145 elu a long temps que ie n'ayt eu aueunne des agreables vres

834 3690 2271 121 cependant i'espere que iouissez divre par faitte sunctie si bien

830 3796 2308 95 que mons. vre espoux ie vous ay tant prie p ma derniere

810 3833 2349 135 de vouloir prendre vre espreuve pour nes draps 3600 noins et

819 3906 2340 145 bleu et comme la saison pour la debite va venir et que vous

818 4020 2333 88 aures besoing sans doubte de quelar assortiment ie ne veu point

840 4061 2289 117 manquer de vous en faire soubrenir ayant pour le present

811 4153 2340 91 le plus belle assortiment qu'il yat a voir tant noir que bleu

809 4201 2352 139 &600 de ƒ13 a 3114:- et drap de dammee de ƒ312 a ƒ  13:- il vous

851 4310 2242 77 doibt estre indifferent de quesque cote que vous tirez la

3363 13 2336 126 oner hanire quant vous le souves avoir ae plus la pris ce

3363 54 2380 141 marché. ure Pau deux iet n'est pas vre affaire dar en ayandt

3358 162 2408 103 en ie suis asseure que me demanderes d'auanttage asons icy les

3288 248 2486 125 droits de sortie tellement que vous ne payerez que  on tree

3367 281 2355 132 i'ay aussy assortiment de  toutte sortee de marchandisse d

3360 368 2444 157 d'Angletterre a vre service. Sir me pourroit faire quelque

3363 429 2279 173 remire il me seroit pour le present tres agreable et

3358 487 1220 183 m'oblageres qui suis toujoure

4715 583 855 175 Ady 5 meert 1709

3218 607 820 182 mechelen jodogne

3351 743 2331 157 de lu van gisteer en wel onfangen tot antwoort

3362 838 2453 197 het coemt my vremt voor dat ue mij gelieft te dilayeeren

3361 942 2508 197 tot demaent meij om eenige remises te doen, ie moet h

3360 1089 2373 197 considereeren gelijck ick noch hebbe geschreven dat ue

3348 1193 2380 187 my geen andere conditie voorgehouden heeft dan de

3358 1347 2159 193 eerste parsye contant te betaelen: ick wille wet

3352 1428 2325 237 glooven dat alsmen sevrams aenweertmen

3361 1557 2134 213 genoechsaem syne contanten noodigh heeft

3334 1689 2537 184 geven wel ick moete oock sorghen om de remitteeren

3353 1786 2396 216 principael b dit saisoen als wanneer ick mede mijn

3359 1910 2455 217 meeste employe moete doen voor de soemer goederen

3353 2025 2374 168 daeren boven door den swaeren winter, it het gheldt

3364 2146 2474 193 overal schaers want daer weynigh de liet ut voorgevallen

3370 2282 2257 169 ick en versocke niet dat ue my groote remises

3358 2381 2302 168 soude doen het genen can in donrmodeeren

3380 2487 2455 174 van minsten liria ƒ100 en can ue geen offairen

3365 2610 2411 206 wesen en mij middellereiydt soulageeren, was dien

3367 2712 2503 208 handt moet het ander wasschin met geegentheyt

3360 2848 2397 191 en coemt het daer op niet aen en daer sal altoos

3395 2962 2283 196 £4 £500 tot ue dienst weten en miy sullen

3361 3086 2402 172 alhanderen wel verstaen en twijfele niet oft ue dat

3351 3176 2384 202 mij daer in connen accommodeeren. de blouwe

3363 3355 2237 138 carseyen sal tot ue disposine ophouden tot ue

3348 3426 2299 157 antwoort hebbe oock partye noch roode

3369 3551 2428 180 maer van de engelsche pensina daer ue van melt

3359 3692 2441 159 ben niets voorsien en hebbe daer in oock e reyts

3354 3798 2515 166 gedaen. in alle occasien cont liber commandeeren

3372 3891 593 189 die blijve
