5936 4406
549 59 2474 98 d'eere vermachten van ul. hier over te sien en van het ghene

568 128 2478 122 dat uk. saude connen noodigh hebben uk magh seecker wesen

588 208 2370 151 dat ul. niemandt beeter coop als ick sal dedienen die ben

383 299 1147 157 Mamur Francois Castaigne

2300 322 694 207 Adij 19 Augusti 1707

595 444 2456 154 i'ay bien receu la chore vre du 13 du court avec une remise de de cent trente

403 587 2584 112 et sept florins de change sur mons. Philippe marloye a Brusxelles -

587 661 2495 165 dont ie vous suis oblige est estant receu ie tous endonneray credit en compte

605 743 2417 132 ie suis mary de vos qu'il ya si peu de debite p. vos cartiers cependant

591 815 2479 128 toutes sortes de marchandises n'at jamais este mellieur marche que pour

600 913 2350 109 le present et ie suis asseurez que vous netirerez d'avcux endroit pis

592 994 2491 127 D' hollande ni dicy a si bon marche que ie vous les livray estant fourne

585 1092 2453 144 de tres beau superfins noirs 3600 et leu drap de dammes aussy de draps

604 1168 2406 150 communs bleugnoirs rouge et verds pour 9  de bayes dementer, ausocy

591 1293 2485 90 colchester ou de 3 a large a ƒ42:- flanelles blanches carsees et tresettes

614 1370 2445 114 aussy toute sorte de draps d'Anglettere coleur a la mode de 56 pattars

612 1471 2412 134 sueques a 54 draps fins aussy couleur de ƒ3:- iusques a ƒ6:- pour le

602 1573 2471 142 reste generalement ie me recomande a 8.6:.g. et ie vous ausseure

605 1654 2459 169 que ie vous serviray atres bon marche et que VG en sera contente

624 1758 2391 159 pendent que ie vous salue et suis attendant ll'honneur de vos

605 1858 1936 158 commendemens en tout que pouriez avoir besoing

401 1973 210 197 Ath

650 1968 871 211 n Bapt . Blivier

2406 1993 482 197 Adij 19 d.

600 2111 2482 232 j'aij bien receu la chere vre avec vre lettre de six cents florins argent

603 2245 2488 192 courant sur monsr. Robeyens a Bruxelles dont ie vous suis oblige

398 2323 2660 197 estant paye ie vous en donneray credit en compte i'espere bien toit

606 2458 2422 132 d'avoirr ll'honneur de vous voir p. icy je suis fourni de toutes sortes

594 2586 2495 122 de marchandises et tout genegalement a est a fort bon marche tan

601 2656 2481 147 carisees frisettes et balyes i'ay de tres beau draps presse de 56 1patter

615 2773 2475 154 42 ausques a 48 a 50 les superfins drap d'espagne de toute sorte et pris

611 2886 2445 134 venant pr. icy ie vous desmande la grace de me venir voir n

615 2959 2409 158 ayant besoing de la moindre chose de me commander p. vre

609 3075 2449 189 petite lettre et i'auray bon soing pour vous servir a tres bon

582 3188 822 172 marche et suis

2441 3281 586 208 Adij 19 d. 1709

382 3319 876 181 Ath Ignace horion

588 3417 2489 198 n'ay bien receu la chere vre du 9 du court avec vre assigne de a cent et

596 3551 2485 157 frent hniet florins sur mr. Jacques matthieu a Brusselles dont ie

616 3683 2481 109 vous suis oblige s'en procuferay le necessaire est estant payé ie vous

602 3761 2485 127 en donneray crediten compte touchant le drap blanché il est vra

604 3868 2472 140 que ie vous l'ay fait £20:- de gros estant icy et ie ne les vous porte

608 3974 2469 158 pas d'auantage au compte estant les aultres trois lievres des fraix

609 4063 2458 165 que i'ay payeé pour le faire blanchir et accomoder. du passe

605 4221 2406 103 les draps blanc pour les Religieux estoient touiours a £25:3

3312 4 2488 130 blch: e edetie a mons: vermeulen de vonden iienen cemell ien

3326 118 2454 92 ie scay fort bien quelle sorte de draps blanc qu'il a dant son magasin

3316 155 2488 135 il seroht bien aix d'en estre qu'ilf au prix court parce qu'il ne tombend

3334 269 2478 101 pas comme il fault et qu'il luy restent sur ses bras m sorgez asseure

3143 235 85 122 r

3325 324 2478 121 que ie vous serviray si bien est a si bon marché que parsonne an

3310 420 2497 89 monde pourrafairre i'espere que nous aurons bien tost l'honeur

3342 470 2471 138 de vous troig p. iay i'ay une tres bolie assortiment de draps double

3333 548 2439 144 presse de 36 pattars Jusques alis les superfins auss y toutte sorte

3311 646 2436 144 de ap5 d'espoagne carisees trisettes bayses.  ie ous prie me

3317 731 2501 112 sen ie vois et ie feray tout mon possible pour avoir i'honeur

3343 801 2399 127 de vre ehalarndise et vous bien sgroir entre temps ayan

3342 887 2436 159 resoing de la moindre chose ie vous prie me commander

3129 930 135 118 6

3339 971 592 138 quil  suis

3118 1066 918 210 Ath Cagnace f. Lison

5134 1072 636 201 Adij 20 dittono 1717

3336 1188 2291 188 jesperant que le bon die u vous conserve en parfait sancte comme

3342 1354 2468 89 madmois. vre compagne et toute vre famille ie prend la liberte de vous

3344 1406 2380 130 donner advis p. celle caij que i'ay receu vre bonne partie de nouvelles

3328 1490 2400 143 marchandises de toutes sortes ne doubtans pas ous nous aurons en bref

3338 1570 2415 137 l'honneur de vous voir p. icy i'ay la plus belle partie de draps double

3336 1644 2466 133 presse de toute sorte de coleures et prix auso y draps d'espigne que lon

3342 1737 2479 196 puis voir et pour le reste toute sorte de balyes carisees et trisettes a fort

3325 1828 2509 197 bon marché ie vous prie de me venir voir on me commander en tout

3321 1924 2489 154 que v. q pourvoit avoir besoing et ie ne manqueray pas a vous servir

3330 2019 2472 159 mellieur marché ou aucune aultre ne pourra faire pendant que ie

3347 2134 2374 163 me recommande a vre donne grace et vous saluant ie suis

5081 2233 732 207 Adij 20 P. 1707

3132 2259 1023 200 Ath Joseph D'aulmerie

3308 2386 2472 175 lesberant que le bon dieu vous conserre en parfaitte sanete comme mad

3326 2504 2414 129 aire compagne ie prend la liberte de vous adviser p. celle cij que i'ay

3337 2610 2495 154 receu dine grosse partie de nouvelles manchandises de draps double

3241 2705 2593 136 =presse de tout coleure et prix aussij de draps d'espagne touttes sortes de

3330 2807 2478 136 bayes frisettes et carisees et tout est afort bon manche 'ene doubte

3334 2893 2505 138 pas ousily aura bonne debite pr. vos partiers que Dieu vreculle et que

3339 2985 2442 140 nous ausons en bref l'honneur de vous voir p. icy quant ie vous prie

3337 3106 2469 140 me faire l'honneur de me venir voir ou me commander entout

3354 3165 2363 177 que &. 4. pourra avoir besoing et ie ne manqueray pas a faire

3368 3267 2363 154 tout mon possible pour vous servir mallieur marche q laucun

3345 3416 2389 115 aultre ne pourra faire me recomandant a vre bonne grace

3333 3491 312 148 ie suis

5251 3563 577 212 Adj 22 A. 1703

3152 3588 1219 221 Brussel Goannes haeghens

3316 3839 2515 115 en hebbe in langhe het gheluck niet ghehadt van ul. hier

3332 3918 2518 146 over tesien tot mijn verwonderinghe desen dan princitsael

3335 4063 2406 164 om mijnen dienst te presenteren ende te adviseren

3331 4166 2324 184 dat seer schoone partijen van alle goederen
