6133 4452
2353 80 580 193 2 sber 1209

583 80 1322 209 hall ni colas vanden Berghet

812 190 2233 170 ick en wijfele niet oft mijn brief van 26 pasto dat

813 278 2341 243 ue het synen tijde wel syu ter handt gecoemen ende

772 413 2415 223 dienvolgens soo hebbe eerst heden gevaertaem gwonden

785 596 2381 140 het onders goet met het beurtschip afte senden in een

780 696 2387 121 paxke gemerckt 14 W.B. hebbe het selfde a Leord. nair

770 766 2412 209 geaddresseert aen Dasynmberghen in de ltossen halle

775 884 2392 143 gelieft de goetheyt te hebben van hem daer over te

768 979 2375 178 schrijven hoe het ue gelieft voorders afgesonden

756 1101 2330 154 te hebben en twijfele niet oft het goet sal ue den

779 1189 2285 164 uytersten wel bevallen want hebbe mijn devoir

760 1350 2274 162 gedaen omt beste uytsesoeken soo ul oft ue hier

758 1429 2411 176 present waere. gelieft ue voorders eenigh sontement

766 1521 2372 158 het sij deventer bayen oft eenige andere goederen

793 1652 2324 182 versoeke maer te commandeeren. ick wille

783 1789 2386 125 verhoepen dat ue oft ue beminde voor den winter

776 1854 2297 168 eens sal overcoemen want ue sal in salibel al

771 1953 2402 147 eenigh sortiment voorders noodigh hebben den

780 2064 2365 146 bidt mankeert my om voor het vertreck van de

758 2170 2309 197 hen het factuerlen op te maeken soo dat het ue p

759 2301 2292 150 naesten sal senden en afwaghtende d'eere van ue

752 2363 2384 207 antwoort hoe ue gelieft deb geverfde wederen daer

780 2471 2345 146 ue met mijnen boven so brief over geschreven hebbe

721 2595 2398 148 dat ick die doen gereet maeken soo blijve naer

775 2722 653 152 groetenisse

2335 2770 612 178 5 sber 1709

565 2797 1169 186 Brussel francois Ansillion

768 2939 2364 123 voicy s troit fois que ie me donne l'honneur de vous escrire

772 3052 2235 140 et prier a me vouloir en voycer vos acceptations pour

758 3120 2398 198 l'adistement du compte ensuitte au compte courant que ie

778 3277 2398 157 vous ay envoyée est comme  p m'a promisa son dernier

779 3346 2346 198 voyage. il vous est comme si bien q 'a moy le peu de

773 3493 2414 154 gaigne qu'il y at a present sur les manufactures d'Angleterre

752 3573 2371 157 et quelles ne nous rendent pas lientrest du capital

765 3672 2405 182 il sest certain que si cet negoce ne se remette pas p le

765 3774 2380 200 temps que mby et beaucoup d'aultres seront oblige a

775 3888 2342 144 donner l'adieu. ie vous ay livre beaucours de parties

762 4015 2414 135 que  q pe les fera pas venir adroisur mellieur march

759 4109 2276 114 et ouldre cela vous avez tousiours le choix de plus

771 4219 2361 116 nouvelles et mellieures couleures a vre contententent ie

771 4324 2296 63 vous prie done a vouloir satisfaire a ma demande

3331 128 2455 125 la quelle n'est que trop raisonable et en douttes occasions

3320 178 1538 185 me trouveres en Amis qui suit a

4307 280 283 140 a

4813 282 869 233 Ady 5 gber 1703

3232 281 1075 230 Ach Joseph Dalmerld

3290 386 2471 225 J'ay bien receu la vre du 2 eu court pour responce

3355 526 2318 218 doyez disuade que ie n'ayt en au cunite intention de

3348 636 2411 187 vous demander de l'argent ie laiste cela tousiours a

3351 752 2311 209 vre consideration. ie scay bien qui il y a sort peu

3318 858 2437 242 de debite et que l'argent ett rare. il vat de actme

3304 969 2537 245 pp icy et il est ausseure que la cherte de grain en est

3326 1108 2298 162 la cause pour la pluspart, il nous fault avoir

3311 1205 2325 226 patience et nous resigner en la volonte de Dieu

3334 1372 2243 171 iusques a cc qu'il lauy plaira nous donner du

3323 1490 2506 142 changement. i'ay de belles bayes de venter comme l'eulian

3309 1607 2409 155 tillion que m'envoyez et comme ie vous ay vendue

3313 1689 2434 164 l'otqnee passe ien ay de tout q pin de ƒ 36 ƒ42:48.48

3323 1838 2428 178 ƒ54 a ƒ60 la pierce. aussy toutte sorte de bayes finnes

3317 1909 2396 204 et communnes blanchez ordinaires de tout prix

3339 2041 2496 240 de belles causeis blanchet de £22: ƒ 23 a ƒ4 superfinnes

3306 2164 2455 183 les tsantes couleures de toutte sorte a l'advenant ƒ25

3326 2281 2461 226 et les mellieures ƒ26. let pisettes il y an a differente

3322 2406 2478 158 sorze et prix q½ pattars et 10 et avec cela l'augenen=

3313 2491 2441 251 =tation de la pennires les carissees bleures a ƒ30 et 31

3339 2618 2283 255 il ay a point d'assertiment quiil me manque

3326 2747 2323 209 et il ny a pas pariel mages n admien a vous

3301 2864 2480 176 dans fouttes la ville a vre service mais de causey

3306 2960 2318 184 melus de 4 larges ie n'en vende pas s'il vous

3295 3121 2463 231 plaist m'ordonnerquelqy assortimendt soyez persunde

3302 3221 2453 256 que ie vous serviray tres sidellement et a ust prix

3329 3337 2006 190 aussy vos niettes et en attendant ie me dit

3253 3460 750 169 Gent Jayoes d tbry

4882 3506 290 134 5 gber

3314 3563 2517 183 je vien e receoir la chere vre deher je vs prie de me ues de faire

3299 3694 2283 167 le bullots en quittant unpeu de la toille vous

3316 3791 2435 201 trouverez lichveloppe au mien brunne candes et c'est

3313 3909 2525 179 celluy que ie vous ay addresse. il m'est pas ma fautte

3318 4007 2341 176 car ie n'ay sien qun aultre auvoit marque de la

3292 4149 2409 134 me sme marque. on a dists bae ceiourdhuy les lettres

3318 4220 2389 163 que lur les depart de la poste tellement qui ie

3309 4298 739 103 u5 en hast
