6120 4407
747 53 2338 73 tientes bleu verdet rouge ne sont pas encor icy comme ie vous as

738 109 2335 83 advise p. ma preiydente cito que le les auran receu ie ne perderay pas d

718 169 2325 87 temps pour vous envoyer ceux que me demandez entre temps ie vous ais

726 233 2291 100 hier en voyce pr. la barque marchande les carivees & lanelief escarlats ett

741 297 2322 76 t blanckes que V m'ordonne vans un petit ballot marque RB a l

715 329 2386 144 addresse d'henrij de Paune a la taiste d'ot a Brusxelles a lordinair c'espre

730 434 2358 106 qu'il tous parhendra bien et a vre contentement iy incluse la facthure

721 507 2345 63 portant ƒ350:18½ de change pour quelle somme il vous plass a me

713 545 2396 96 crediter et me commander en toutt que y 4 n outroit aufir besoing cu

740 623 2363 103 bon soing pour vre intrest et il n'a pas de sortiment qu'il re manque

747 683 2339 96 tant d'Anglettere que d'hollande et de nre fabrieque les draps bleu et

732 767 2358 95 noirs et drap de dammes n'ont jamais este mellieur marche ny asi

731 843 2367 95 bas prix ett generalement tout sorte de marchandise a l'advenant

731 900 2265 107 i'esspere que ie & me pourra faire plus grosse remise comme me

715 954 2358 140 marquez ca c'est la saivon que ie suis le plus court d'argent po

714 1047 2213 106 les remises que ie doibrerre touts les jours pour les naugelles

736 1121 2319 104 mare dise ie vous souhaitte comme a vre compagne et tout la

728 1179 1754 115 famille l'heureux et salutaire caresthe et suis s

532 1255 1046 157 London Livinus de Dorpere

2404 1266 620 160 Adij 23 februarij 1708

733 1388 2329 152 op 4 cour was aen ul mijnen laesten sedert ontfanghen ul. aenghenaeme

715 1507 2358 115 26 pasto. met eenighe superfijne modecoleure staelen tot mijn speculatie

720 1583 2281 102 waer ove ul. bedancke het is mij lief dat ul. mijne remises niet hadde

715 1657 2415 118 ontfanghen en twijffele niet coft ul. heeft al vernoemen dat lijcke hobgn

723 1734 2370 112 en john winn wel sijn gheafiveert ende dat het godt ghelieft heeft

709 1805 2370 113 mij voor schaede te behaeden hebbe de twee packen & ne en 2 oock wet

709 1905 2256 94 becomen doch tot noch toe gheen occaste ghe hadt om die t'opene

726 1917 2384 145 door het slecht de het ende het en waere om mjn packhuys en staedt en

735 2014 2374 119 reputatie te houden en soude mij voor eenighen tijdt met die affairens

727 2066 2370 157 met willen bemoegen want door de meneghguldighe aadders en can

720 2165 2348 132 men nauwelickx den intrest van t capitael avanceeren ick ben ul.

707 2202 2344 150 mide lertijdt danck baer voor ul. beleefde offres van dienst en en sal

722 2295 2314 129 nmet naeglaeten mij daer van te sbedienen, doch en soeghe mij van

728 2367 2378 122 mannflcturen present niet swaer te belasten alsoo beeter advantagie

718 2450 2374 96 vinde in dispongeren optijdt van mijne pennenghen mets ul continuel

710 2505 2326 106 occasie heeft op tijdt tte trecken op bratandt en vlaenderen en soo ul

712 2567 2378 137 inclineert met mu iedts in wissel te doen sal mej aenghenaem sijn te

734 2638 2339 141 vernemen sal hier op ul. antwoort te ghemoet sien en blijve

468 2709 1230 152 London scawen en Stockdale

2500 2742 541 163 Adij 23 febr 1708

735 2841 2249 175 ie me refere a ma derniere du 9 du court avec remise de £100:

735 2950 2356 134 sur toutton ett quigner que i'espere vous sera bien parve ue faute

717 3033 2403 132 cy incluse la seconde  depuis i'ay receu la chere vre du 30 du passe. pour

721 3094 2373 125 responce la raison que ie ne veut n plus avoir charge p. ostende

722 3177 2378 129 est que l'on ne peutfaire fond sur le despart car l'on serinoit que la

746 3221 2303 160 flotte pour osten de partiroist avant celle pour Rotterd. et le la

729 3306 2327 154 sat este tout contraire comme nousacons ven cespendant quant

747 3370 2299 136 vous estez asseurez que le convoy est seur et le depart tine c'est

747 3454 2396 143 vre aultre affaie salors vous ne pouvez mal d'embarquer touious

733 3517 2323 134 trois ou quafte ballots p. de bons batteliers et bons vaiseaux a vous

741 3580 2374 158 connueet ce la non plus que ballot dans chaque vaisseaux comme

608 3639 2507 140 i vous recommande toucours asteur vous me marquez que j'auraiy vn

739 3702 2371 152 du deux ballots p. le premier convoy pour Rotterd i'espere que vous

729 3779 2393 135 en aurez press d'aitantage et au sil net ardera pas si long temps que

726 3843 2417 170 vous vouz im agine car la voye d hollande est touiours plus expeditite

730 3902 2384 161 ie vous recommande au plus possible mon ordre pour les draps fins

721 3986 2409 132 de ƒ111 a 16 ie vous ay dit que i'en voudrois bien un ballot de 12 p quand

722 4075 2422 162 vous pouvez achepter de belles et rares coleures ce que i'espere vous

725 4156 2384 138 aurez osserve et que vous m'en envoyerez les eschantislions

716 4252 2167 97 au premier car la plus grosse debite et demande est

3407 7 2418 109 pous le prevert dra suverond us le present et si les couleure m'agreeront

3396 42 2348 127 ie vous donneraytdes ordres pour d'auahtage pr. ma prochaine ie vous ferais

3404 151 2406 122 remise et en attendant l'honneur de vre responce et ce qu'il sere passe

3393 178 485 121 ie ses medit

3158 260 1015 181 Bruxelles Henrij de Pauw

4730 278 927 169 Adij 25 febvruer 1706

3384 383 2416 177 ie vous ay envoyée mercrey pasté pr la barque marchd

3367 517 2444 112 deux petits ballots quee i'espere vous aurez bien receua l'en

3372 601 2438 170 marque N.V. pour compte d'Anthoine DeAonst. l'aulm

3367 703 2322 202 marque N pour compte de la veufve matton a

3341 836 2322 179 monse ie vous prie de les expedier ito possiblie

3352 1001 2482 147 et de les leur faire tenir p la premiere occasion

3351 1077 1917 148 a mons et mons m'obligeres qui suis

3144 1226 2588 167 mons la veutre  masson favers cce 26 ditto

3197 1342 2466 195 ie vrent de recevoir la vre du 22 du court pour

3365 1513 2441 120 responce ie ne donbte pas ou aurez reccu les carisees

3366 1615 2303 151 dans un petit ballot marque V.B.H avant cette

3353 1703 2367 154 la mienne au pied de cette la facture portant

3356 1846 2450 161 en argent de change de ƒ194: pour quelle somme

3346 1955 2418 190 il vous me plaira de crediter. le rest p'est que

3363 2070 1702 196 d'offres de services et compliments

3384 2229 222 110 Km

3182 2262 981 183 Rotterd. Jacques Mejers

5144 2288 476 136 Ady 27 d

3366 2392 2456 148 tot antwoort op ul. aenghenaeme van 10 court hebbe de twee packen  n° 1en 2 wel

3373 2507 2392 111 ontfanghen dat het pack IM ne1 soo langhe onder ul. hebbe ghelaeten is uijt

3369 2596 2456 92 reden gheweest vant vriesende weder verhope sulcx nude schepen int waer

3359 2666 2466 94 water niet meer in commodeert in welcke ghevalle ul. ghelieve mij het selve

3359 2716 2437 116 p een goedt schipper en schepe af te senden als oock d'oncost recken. op de

3377 2765 2453 124 selve met recken. court ghelieft, te noteeren dat d'abusen die ul doergaens

3376 2870 2444 86 hebbe aen ghewesen daer by moeghen behoorlijck gheredresseert wesen mama

3351 2908 2364 115 en heeft ghoen occasie om ul te schrijven doch alsoo een brief vervallende

3380 2979 2443 106 heeft op s. de Brugn van telst die de selve versoeckt te sprocongeren soude

3361 3069 2370 90 gherne van ul qpeinformeert wesen oft sulcx met securitijdt soude

3334 3089 2459 146 mooghen toestaen en ul. sal haeren mij verobligeren die saemen naer

3360 3207 2424 95 wansehinghe van den salighen vasten als oock aen matante blijve

3162 3260 1001 163 Mons Anthoine D'Houst

5242 3301 417 161 Adij 27 d

3365 3420 2444 144 ie vient de receuoir les deux cheres vres du 23 et 24 court pour responce ie ne doubte

3349 3518 2444 123 pas ou V.4 aura receu le ballot mentionee p. ma precedentte avant cette la

3350 3593 2454 122 mennely ce qu'il regarde les draps bleu que V me demande ce de doitent

3346 3692 2415 101 estre de draps d'Angleterre conform cetix que ie vous ay envoyée verd et

3349 3743 2482 110 rouge ceust de nre fabricque d'un si bas prix ne vous  connnenent

3346 3831 2373 108 ƒ16 car vy ne les seroit debiter non plus que moy. que ie vous as escript

3337 3902 2428 127 tonchant de draps noirs et bleu de nre fabrilque cela veut dire qui

3353 3994 2421 130 passent les 12 : les miens que ies vous ay marquez d'avoir en

3351 4049 2469 157 chemin ne sont pas encor arrivée p. la gelie comme ie vous ay dit

3359 4143 2431 127 ie suis mary quetie ne les peut vous en voiser ce la ne provient pas

3352 4223 2392 99 de mon faulte si ie les aurrois peut trouver dans la ville ie vous
