6225 4452
2355 70 629 136 25 gbre 1209

660 85 754 184 Brussel Ansillion

844 170 2297 225 ies pere vre bonretond aussiy que le ballot que ie vous ay

832 311 2122 155 envoyce mercredu dernier vous lea bien parvenue

848 414 2139 220 ay pied de cette la facture portant de change

836 542 2257 195 ƒ 1149:4¼ pour quelle samme il vous plaira me

817 653 2188 210 crediter t m envoyeer vos acceptations comme

837 786 2213 185 nous sommes convennes aussij de ce quil me

839 906 2233 179 reste pr premier ie vous envoyeray compte coumt

851 1005 2216 198 en tout ce quil le paut offut pour vre service

825 1114 2209 184 il vous plaira me commainder et j'auray soing

843 1265 1332 138 ie vous bien servir qui surs

2228 1342 330 111 24 sber

699 1357 747 189 tounay £: wate camp

1109 1462 63 64 no

1178 1469 49 62 „

875 1427 2330 187 jay tray llonneur de vs estre connue cependant come l'y aure

831 1549 2312 126 bsans dout pr l'avenir plus de negoce et corres pondance sur vre

875 1676 2293 92 ville a quoy je souhaitte de confribaus e faire connoissance jay

857 1702 2204 155 prie la demoiselle de basse de vs donner mon addresse et vs

859 1786 2235 165 fume offres de mes service s et come elle a la bonte de me

857 1916 2234 122 marque q v:q: aura besoing et souhaitte bien de prendre

827 1937 2290 154 l'espreade d'un petit assortement je prend la liberte de

855 2048 2246 132 vs addresser catte la manne et vs assurer  les manufacture

844 2131 2279 136 on ont este a plus p bas prrs ne meillieur marche de vre

851 2227 2293 175 dhompe aussij q jevs serviray en touttes occasion au plas us

852 2333 2302 123 prix possible jay tousjours assortiment de toutte forte de dros

863 2400 2290 150 nouvells couleure a la mode superfens et coment d'angleterre

851 2501 2296 156 da ƒ6512 ƒ 6:18 a ƒ 61 ƒ 5:10 ƒ5 ƒ 4:16: ƒ 410 ƒ 44 ƒ 3:18

836 2598 2325 154 ƒ 3:12 a ƒ3:6 et ƒ3: et ƒ 2:15 draps P double presse a ƒ2:14

858 2690 2269 144 ƒ218 a ƒ2:4 draps du nord a ƒ2:2 ƒ2 et ƒ 1516 toutte loite

859 2789 2253 144 de bayes deventer de tout prix ausoij flanelles de 3 a larges

875 2916 2232 103 et flanelles finnes a doubler et superfinne croyse de jeatete

884 2989 2240 122 d'8aps tiente dangleterre brien bleu pal bleu jaurne rouge

869 3075 2322 138 verd a un escu 5 draps de vre fabrigue du payes les superfie

875 3153 2318 171 nons et bleu 3600 a ƒ 4:10 a ƒ4:4 aƒ 3:18 et ƒ 3:12 et ƒ 3:6

862 3283 2325 124 aussy de veritable escarlats d hollande puisque vs g. nest du

884 3365 2321 113 tention de se trans porter icy q pr le printemps a venir vs

863 3460 2335 146 ne feriez pas ma de prendre les preceveentu temp p quil

889 3545 2319 153 que piesces et je vs serviray si bien come si seriez icy oresen

901 3629 2296 101 et gaccroy fonng de preparer le tout ex pres auses vs precye

877 3695 2300 124 de me envoier un eschantillion de draps couleur de canelle

893 3772 2322 139 dont mada de rasse m a fait mention et me croir q je suis

891 3860 520 139 venitablement

2315 3913 382 119 24 sber

731 3901 837 165 bournoy anselme de hu

861 3998 2368 158 ja nay pas l'honneur de vs estre connne cependant come il y aurr

850 4084 2359 149 sans doit pr lavenir plus de ne et corres pondance su ve

858 4145 2365 170 ville aviens iy prie madi de Rasse de vs donner mon addresse

867 4268 2251 105 et vs faire offie de mes service ce que jespere ille  acret

3404 101 2405 106 eu la bonte de faire de ma part manmoins de piend la

3399 156 2468 141 literte de faire de misme pr cette la menne et vs assurer quil

3406 216 2461 152 me fferat un plaisir de prievoir faire connoissanee et un comme

3413 347 2383 93 cement pr ensemble en neoe jay toujours un es sortement

3379 395 2504 171 de toutte sorte de manu facture d'ang le terre aussy de dropse

3408 471 2409 158 escarlate noirds et bleu 3600 draps de dammes seperfins et

3420 591 2415 160 commns fabrigue de pays si beau quil y et a voir dont

3407 672 2330 195 touttes nre ville a vre service te vs estie d'intention den

5082 771 419 79 inenegt

3404 792 2414 185 mendre une espreuve et faire un  vs

3395 879 2446 235 voz estie assere gavez le bonheur de commence dons in

3420 999 2341 214 congonctune du temps q le mansfactue nont este a

3406 1104 2382 193 plus bas prise ni a meilieur marche de vre dhomp

3413 1213 2428 176 aussij  ne srouvee vs addvesse dans tout le pay are

3406 1318 2366 204 personte ait plus de Zelle on du soing p servir

3393 1473 2371 198 tres tidellement d a gles quit prix ces amis  mo

3406 1552 2458 245 qe vs donnera les meillueur conditions du monde, & que

3396 1664 2449 191 ora passira avec le moindre profit possiblene jou

3380 1796 2408 169 huitte la feveur duu mot e reponce et de vs prepre

3390 1886 2408 200 croire v de meur du la rce de adrap vis

3400 2032 672 150 a vis la post

3277 2124 900 179 bounay mons. le doux

4781 2103 946 239 Ady 24 sber 1709

3392 2273 1457 169 copye als aen Auselme de u.

3260 2373 942 170 tournay mons Lombard

4801 2359 592 200 Ady d.

3414 2482 812 156 copye als boven

3260 2593 2238 232 tournay simon donner noto dy de

3410 2750 844 161 copye als boven

4772 2819 695 268 Adij De

3266 2887 982 185 tournay gillis Reignser

3448 3011 833 179 copije als boven

3257 3146 1207 191 Jonnay madino de Raste

4787 3162 559 203 EAde de

3349 3299 2513 226 dancktegginge over d'addres gegeven en recommander

3358 3438 2435 189 aen de boven vrinden en voorders offers van

3359 3611 2439 153 mij 4 dientst aet haer haer familie den haer doon

3363 3676 1795 203 hier nn woonende biy ja van Diest

3373 3851 395 164 C6
