<?xml version="1.0" encoding="UTF-8"?>
<alto xmlns:xsi="http://www.w3.org/2001/XMLSchema-instance"
      xmlns="http://www.loc.gov/standards/alto/ns-v4#"
      xmlns:page="http://schema.primaresearch.org/PAGE/gts/pagecontent/2013-07-15"
      xsi:schemaLocation="http://www.loc.gov/standards/alto/ns-v4# https://www.loc.gov/standards/alto/v4/alto.xsd">
   <Description>
      <MeasurementUnit>pixel</MeasurementUnit>
      <OCRProcessing ID="IdOcr">
         <ocrProcessingStep>
            <processingDateTime>2022-02-11T21:31:42.309+01:00</processingDateTime>
            <processingSoftware>
               <softwareCreator>READ COOP</softwareCreator>
               <softwareName>Transkribus</softwareName>
            </processingSoftware>
         </ocrProcessingStep>
      </OCRProcessing>
   </Description>
   <Layout>
      <Page ID="Page1" PHYSICAL_IMG_NR="1" HEIGHT="4452" WIDTH="6225">
         <TopMargin HEIGHT="0" WIDTH="6225" VPOS="0" HPOS="0"/>
         <LeftMargin HEIGHT="4452" WIDTH="0" VPOS="0" HPOS="0"/>
         <RightMargin HEIGHT="4452" WIDTH="0" VPOS="0" HPOS="6225"/>
         <BottomMargin HEIGHT="0" WIDTH="6225" VPOS="4452" HPOS="0"/>
         <PrintSpace HEIGHT="4452" WIDTH="6225" VPOS="0" HPOS="0">
            <TextBlock ID="region_1637659651224_2240"
                       HEIGHT="4291"
                       WIDTH="2635"
                       VPOS="57"
                       HPOS="550">
               <Shape>
                  <Polygon POINTS="550,57 3185,57 3185,4348 550,4348"/>
               </Shape>
               <TextLine ID="region_1637659651224_2240l1"
                         BASELINE="2078,166 2122,166 2166,168 2210,168 2254,168 2298,168 2342,168 2386,168 2430,168 2474,167 2518,166 2562,166 2606,166 2650,164 2694,164 2738,164 2782,164 2826,163 2870,162 2914,162 2958,162"
                         HEIGHT="173"
                         WIDTH="914"
                         VPOS="62"
                         HPOS="2061">
                  <String ID="string_region_1637659651224_2240l1"
                          HEIGHT="173"
                          WIDTH="914"
                          VPOS="62"
                          HPOS="2061"
                          CONTENT="Ady 29 Augusti 1709"/>
               </TextLine>
               <TextLine ID="region_1637659651224_2240l2"
                         BASELINE="598,194 646,194 694,192 742,190 790,188 838,186 886,186 934,184 982,183 1030,182 1078,180 1126,179 1174,178 1222,177 1270,176 1318,174 1366,172 1414,170 1462,168 1510,164 1558,162"
                         HEIGHT="172"
                         WIDTH="996"
                         VPOS="76"
                         HPOS="579">
                  <String ID="string_region_1637659651224_2240l2"
                          HEIGHT="172"
                          WIDTH="996"
                          VPOS="76"
                          HPOS="579"
                          CONTENT="Mechelen P. Bertram"/>
               </TextLine>
               <TextLine ID="region_1637659651224_2240l3"
                         BASELINE="808,284 914,277 1021,272 1128,270 1235,268 1342,266 1449,266 1556,268 1663,270 1770,271 1877,274 1983,276 2090,278 2197,279 2304,280 2411,282 2518,281 2625,280 2732,278 2839,274 2946,268"
                         HEIGHT="174"
                         WIDTH="2169"
                         VPOS="168"
                         HPOS="793">
                  <String ID="string_region_1637659651224_2240l3"
                          HEIGHT="174"
                          WIDTH="2169"
                          VPOS="168"
                          HPOS="793"
                          CONTENT="ue aen geraem van 2 deser hebbe het sijnen tijde wel ontfange"/>
               </TextLine>
               <TextLine ID="region_1637659651224_2240l4"
                         BASELINE="824,386 935,380 1047,376 1159,372 1270,372 1382,372 1494,374 1605,376 1717,378 1829,380 1941,384 2052,386 2164,386 2276,388 2387,386 2499,382 2611,378 2722,370 2834,361 2946,348 3058,330"
                         HEIGHT="166"
                         WIDTH="2268"
                         VPOS="275"
                         HPOS="806">
                  <String ID="string_region_1637659651224_2240l4"
                          HEIGHT="166"
                          WIDTH="2268"
                          VPOS="275"
                          HPOS="806"
                          CONTENT="oock aehtervolgens van den bode acclemans ƒ300 w: in gevolge"/>
               </TextLine>
               <TextLine ID="region_1637659651224_2240l5"
                         BASELINE="830,470 936,466 1043,464 1150,462 1257,463 1364,464 1470,466 1577,468 1684,472 1791,474 1898,476 2004,480 2111,480 2218,482 2325,481 2432,480 2538,476 2645,470 2752,464 2859,455 2966,442"
                         HEIGHT="134"
                         WIDTH="2169"
                         VPOS="414"
                         HPOS="813">
                  <String ID="string_region_1637659651224_2240l5"
                          HEIGHT="134"
                          WIDTH="2169"
                          VPOS="414"
                          HPOS="813"
                          CONTENT="mijne quittantie hem mede gegeven op ue versoeck soo sende"/>
               </TextLine>
               <TextLine ID="region_1637659651224_2240l6"
                         BASELINE="834,552 943,552 1053,552 1163,552 1273,554 1383,556 1493,557 1603,558 1713,561 1823,562 1933,564 2042,566 2152,566 2262,566 2372,566 2482,564 2592,562 2702,558 2812,552 2922,546 3032,538"
                         HEIGHT="141"
                         WIDTH="2232"
                         VPOS="466"
                         HPOS="816">
                  <String ID="string_region_1637659651224_2240l6"
                          HEIGHT="141"
                          WIDTH="2232"
                          VPOS="466"
                          HPOS="816"
                          CONTENT="ingesloten de reck const den niet en twijfele oft ue sal dae met "/>
               </TextLine>
               <TextLine ID="region_1637659651224_2240l7"
                         BASELINE="818,640 928,640 1038,640 1148,642 1258,644 1369,646 1479,648 1589,650 1699,652 1809,654 1920,656 2030,658 2140,658 2250,658 2360,656 2471,652 2581,648 2691,643 2801,635 2911,626 3022,614"
                         HEIGHT="142"
                         WIDTH="2238"
                         VPOS="577"
                         HPOS="802">
                  <String ID="string_region_1637659651224_2240l7"
                          HEIGHT="142"
                          WIDTH="2238"
                          VPOS="577"
                          HPOS="802"
                          CONTENT="mij d'accord bivinden uyt genomen het fijn carmosen da"/>
               </TextLine>
               <TextLine ID="region_1637659651224_2240l8"
                         BASELINE="822,730 934,732 1046,734 1158,736 1270,738 1382,740 1494,742 1606,744 1718,745 1830,746 1942,746 2054,746 2166,746 2278,746 2390,743 2502,741 2614,738 2726,732 2838,727 2950,720 3062,712"
                         HEIGHT="136"
                         WIDTH="2271"
                         VPOS="649"
                         HPOS="806">
                  <String ID="string_region_1637659651224_2240l8"
                          HEIGHT="136"
                          WIDTH="2271"
                          VPOS="649"
                          HPOS="806"
                          CONTENT="alsoo hebbe moeten in het afsende te boeck stellen doch sal"/>
               </TextLine>
               <TextLine ID="region_1637659651224_2240l9"
                         BASELINE="838,818 949,818 1060,818 1171,820 1282,822 1393,824 1504,826 1615,828 1726,830 1837,832 1948,832 2059,833 2170,832 2281,832 2392,830 2503,826 2614,821 2725,816 2836,807 2947,798 3058,786"
                         HEIGHT="117"
                         WIDTH="2255"
                         VPOS="751"
                         HPOS="821">
                  <String ID="string_region_1637659651224_2240l9"
                          HEIGHT="117"
                          WIDTH="2255"
                          VPOS="751"
                          HPOS="821"
                          CONTENT="ue robbatteeren soo als met mijn voorgaende hebbe gesonte"/>
               </TextLine>
               <TextLine ID="region_1637659651224_2240l10"
                         BASELINE="834,910 943,910 1052,910 1162,910 1271,912 1381,912 1490,914 1599,914 1709,916 1818,916 1928,916 2037,916 2146,916 2256,914 2365,912 2475,909 2584,904 2693,899 2803,893 2912,884 3022,874"
                         HEIGHT="158"
                         WIDTH="2218"
                         VPOS="821"
                         HPOS="819">
                  <String ID="string_region_1637659651224_2240l10"
                          HEIGHT="158"
                          WIDTH="2218"
                          VPOS="821"
                          HPOS="819"
                          CONTENT="inge valle ue met het aenstaende wenter saisoen eenigh too "/>
               </TextLine>
               <TextLine ID="region_1637659651224_2240l11"
                         BASELINE="846,1006 951,1006 1056,1006 1161,1006 1266,1008 1372,1010 1477,1010 1582,1012 1687,1012 1792,1014 1898,1014 2003,1012 2108,1012 2213,1010 2318,1005 2424,1000 2529,994 2634,987 2739,977 2844,966 2950,952"
                         HEIGHT="139"
                         WIDTH="2137"
                         VPOS="898"
                         HPOS="830">
                  <String ID="string_region_1637659651224_2240l11"
                          HEIGHT="139"
                          WIDTH="2137"
                          VPOS="898"
                          HPOS="830"
                          CONTENT="tement noodigh heeft ick recommandere mij aen ue goede"/>
               </TextLine>
               <TextLine ID="region_1637659651224_2240l12"
                         BASELINE="822,1102 924,1100 1026,1100 1128,1100 1230,1100 1332,1102 1434,1104 1536,1106 1638,1108 1740,1110 1842,1110 1944,1110 2046,1110 2148,1108 2250,1105 2352,1100 2454,1095 2556,1086 2658,1076 2760,1064 2862,1048"
                         HEIGHT="187"
                         WIDTH="2075"
                         VPOS="990"
                         HPOS="804">
                  <String ID="string_region_1637659651224_2240l12"
                          HEIGHT="187"
                          WIDTH="2075"
                          VPOS="990"
                          HPOS="804"
                          CONTENT="genegentheyt en weest verseckert dat ick van alderhande"/>
               </TextLine>
               <TextLine ID="region_1637659651224_2240l13"
                         BASELINE="802,1204 913,1200 1024,1198 1135,1196 1246,1196 1357,1196 1468,1196 1579,1196 1690,1198 1801,1198 1912,1198 2023,1198 2134,1198 2245,1196 2356,1192 2467,1189 2578,1183 2689,1176 2800,1167 2911,1155 3022,1142"
                         HEIGHT="165"
                         WIDTH="2256"
                         VPOS="1082"
                         HPOS="783">
                  <String ID="string_region_1637659651224_2240l13"
                          HEIGHT="165"
                          WIDTH="2256"
                          VPOS="1082"
                          HPOS="783"
                          CONTENT="goederen present soo schoone partje bijme hebbe als me"/>
               </TextLine>
               <TextLine ID="region_1637659651224_2240l14"
                         BASELINE="822,1312 927,1308 1033,1304 1139,1302 1245,1300 1351,1298 1456,1298 1562,1296 1668,1296 1774,1294 1880,1294 1985,1292 2091,1290 2197,1288 2303,1286 2409,1282 2514,1278 2620,1272 2726,1265 2832,1256 2938,1248"
                         HEIGHT="150"
                         WIDTH="2152"
                         VPOS="1174"
                         HPOS="804">
                  <String ID="string_region_1637659651224_2240l14"
                          HEIGHT="150"
                          WIDTH="2152"
                          VPOS="1174"
                          HPOS="804"
                          CONTENT="gheel lant te sien is oock dat ick ue ten uy tersten ceveel"/>
               </TextLine>
               <TextLine ID="region_1637659651224_2240l15"
                         BASELINE="836,1404 945,1400 1055,1396 1164,1393 1274,1390 1383,1388 1493,1386 1602,1386 1712,1384 1821,1382 1931,1382 2040,1380 2150,1378 2259,1376 2369,1372 2478,1368 2588,1362 2697,1355 2807,1348 2916,1340 3026,1328"
                         HEIGHT="223"
                         WIDTH="2227"
                         VPOS="1239"
                         HPOS="816">
                  <String ID="string_region_1637659651224_2240l15"
                          HEIGHT="223"
                          WIDTH="2227"
                          VPOS="1239"
                          HPOS="816"
                          CONTENT="en goeden coop sal bedienen biddende in alle occasien te"/>
               </TextLine>
               <TextLine ID="region_1637659651224_2240l16"
                         BASELINE="832,1514 872,1510 913,1507 953,1504 994,1502 1034,1499 1075,1496 1115,1494 1156,1490 1196,1488 1237,1486 1277,1484 1318,1482 1358,1480 1399,1480 1439,1478 1480,1476 1520,1476 1561,1476 1601,1476 1642,1476"
                         HEIGHT="158"
                         WIDTH="845"
                         VPOS="1393"
                         HPOS="815">
                  <String ID="string_region_1637659651224_2240l16"
                          HEIGHT="158"
                          WIDTH="845"
                          VPOS="1393"
                          HPOS="815"
                          CONTENT="commandere die blijve"/>
               </TextLine>
               <TextLine ID="region_1637659651224_2240l17"
                         BASELINE="2144,1538 2169,1538 2195,1538 2221,1535 2247,1533 2273,1531 2299,1529 2325,1527 2351,1524 2376,1522 2402,1518 2428,1515 2454,1512 2480,1508 2506,1505 2532,1502 2558,1498 2584,1496"
                         HEIGHT="194"
                         WIDTH="481"
                         VPOS="1409"
                         HPOS="2121">
                  <String ID="string_region_1637659651224_2240l17"
                          HEIGHT="194"
                          WIDTH="481"
                          VPOS="1409"
                          HPOS="2121"
                          CONTENT="23 augusty"/>
               </TextLine>
               <TextLine ID="region_1637659651224_2240l18"
                         BASELINE="628,1648 690,1639 752,1630 814,1623 877,1617 939,1612 1001,1608 1064,1604 1126,1602 1188,1600 1251,1598 1313,1596 1375,1594 1437,1592 1500,1590 1562,1588 1624,1585 1687,1582 1749,1577 1811,1572 1874,1566"
                         HEIGHT="237"
                         WIDTH="1286"
                         VPOS="1453"
                         HPOS="606">
                  <String ID="string_region_1637659651224_2240l18"
                          HEIGHT="237"
                          WIDTH="1286"
                          VPOS="1453"
                          HPOS="606"
                          CONTENT="Brussel bernaerd van de Closter"/>
               </TextLine>
               <TextLine ID="region_1637659651224_2240l19"
                         BASELINE="806,1700 914,1698 1022,1698 1130,1696 1238,1694 1346,1692 1454,1688 1562,1686 1670,1682 1778,1678 1886,1676 1994,1672 2102,1668 2210,1664 2318,1660 2426,1657 2534,1654 2642,1650 2750,1647 2858,1644 2966,1642"
                         HEIGHT="162"
                         WIDTH="2196"
                         VPOS="1555"
                         HPOS="788">
                  <String ID="string_region_1637659651224_2240l19"
                          HEIGHT="162"
                          WIDTH="2196"
                          VPOS="1555"
                          HPOS="788"
                          CONTENT="mits ue laest hier over sijnde my geseyt heeft van anige vointeer"/>
               </TextLine>
               <TextLine ID="region_1637659651224_2240l20"
                         BASELINE="830,1778 942,1778 1054,1778 1166,1778 1278,1776 1390,1774 1502,1772 1614,1770 1726,1768 1838,1766 1950,1762 2062,1760 2174,1756 2286,1753 2398,1749 2510,1746 2622,1742 2734,1740 2846,1736 2958,1733 3070,1730"
                         HEIGHT="132"
                         WIDTH="2274"
                         VPOS="1693"
                         HPOS="812">
                  <String ID="string_region_1637659651224_2240l20"
                          HEIGHT="132"
                          WIDTH="2274"
                          VPOS="1693"
                          HPOS="812"
                          CONTENT="provicie noodigh te hebbe ende dat het salsoen begint te avaneeren"/>
               </TextLine>
               <TextLine ID="region_1637659651224_2240l21"
                         BASELINE="822,1858 937,1858 1053,1858 1169,1856 1284,1855 1400,1852 1516,1850 1631,1848 1747,1844 1863,1842 1979,1839 2094,1836 2210,1834 2326,1832 2441,1832 2557,1832 2673,1832 2788,1834 2904,1835 3020,1840 3136,1844"
                         HEIGHT="124"
                         WIDTH="2347"
                         VPOS="1757"
                         HPOS="807">
                  <String ID="string_region_1637659651224_2240l21"
                          HEIGHT="124"
                          WIDTH="2347"
                          VPOS="1757"
                          HPOS="807"
                          CONTENT="oock dat geene de e oude seennisse soude onderhouden en ue dal"/>
               </TextLine>
               <TextLine ID="region_1637659651224_2240l22"
                         BASELINE="822,1942 934,1942 1046,1942 1158,1940 1270,1938 1382,1936 1494,1932 1606,1930 1718,1926 1830,1923 1943,1920 2055,1916 2167,1914 2279,1912 2391,1910 2503,1909 2615,1908 2727,1908 2839,1910 2951,1912 3064,1916"
                         HEIGHT="159"
                         WIDTH="2276"
                         VPOS="1845"
                         HPOS="805">
                  <String ID="string_region_1637659651224_2240l22"
                          HEIGHT="159"
                          WIDTH="2276"
                          VPOS="1845"
                          HPOS="805"
                          CONTENT="disie hebbe soo gebraycke de libertijt ue eens aenbaer te maeck"/>
               </TextLine>
               <TextLine ID="region_1637659651224_2240l23"
                         BASELINE="780,2020 898,2023 1016,2024 1135,2024 1253,2024 1372,2022 1490,2020 1608,2018 1727,2014 1845,2011 1964,2008 2082,2004 2200,2000 2319,1998 2437,1995 2556,1993 2674,1992 2792,1992 2911,1994 3029,1996 3148,2000"
                         HEIGHT="128"
                         WIDTH="2403"
                         VPOS="1920"
                         HPOS="762">
                  <String ID="string_region_1637659651224_2240l23"
                          HEIGHT="128"
                          WIDTH="2403"
                          VPOS="1920"
                          HPOS="762"
                          CONTENT="dot alle mijne versche goederen godt danck nu gearreveert wete"/>
               </TextLine>
               <TextLine ID="region_1637659651224_2240l24"
                         BASELINE="822,2106 935,2110 1048,2112 1161,2112 1274,2112 1387,2110 1500,2108 1613,2106 1726,2104 1839,2100 1952,2097 2065,2094 2178,2091 2291,2088 2404,2086 2517,2084 2630,2084 2743,2082 2856,2084 2969,2086 3082,2088"
                         HEIGHT="101"
                         WIDTH="2294"
                         VPOS="2051"
                         HPOS="804">
                  <String ID="string_region_1637659651224_2240l24"
                          HEIGHT="101"
                          WIDTH="2294"
                          VPOS="2051"
                          HPOS="804"
                          CONTENT="ende dat soo schoone sortiment van alderhande goederen bij en "/>
               </TextLine>
               <TextLine ID="region_1637659651224_2240l25"
                         BASELINE="814,2198 927,2198 1040,2197 1153,2196 1266,2194 1379,2192 1492,2190 1605,2188 1718,2186 1831,2184 1944,2182 2057,2180 2170,2178 2283,2176 2396,2174 2509,2172 2622,2172 2735,2170 2848,2170 2961,2168 3074,2168"
                         HEIGHT="115"
                         WIDTH="2294"
                         VPOS="2125"
                         HPOS="798">
                  <String ID="string_region_1637659651224_2240l25"
                          HEIGHT="115"
                          WIDTH="2294"
                          VPOS="2125"
                          HPOS="798"
                          CONTENT="hebbe als ue sijn leven gesien hebbe haeft van nieuwe mode"/>
               </TextLine>
               <TextLine ID="region_1637659651224_2240l26"
                         BASELINE="846,2290 952,2288 1059,2287 1166,2285 1273,2283 1380,2280 1486,2278 1593,2276 1700,2274 1807,2272 1914,2270 2020,2268 2127,2266 2234,2264 2341,2264 2448,2262 2554,2260 2661,2260 2768,2260 2875,2260 2982,2260"
                         HEIGHT="147"
                         WIDTH="2171"
                         VPOS="2176"
                         HPOS="829">
                  <String ID="string_region_1637659651224_2240l26"
                          HEIGHT="147"
                          WIDTH="2171"
                          VPOS="2176"
                          HPOS="829"
                          CONTENT="couleure spaensche laeckens su perfijne en mindere soorten"/>
               </TextLine>
               <TextLine ID="region_1637659651224_2240l27"
                         BASELINE="838,2376 949,2376 1060,2376 1171,2376 1282,2376 1394,2374 1505,2374 1616,2372 1727,2370 1838,2369 1950,2368 2061,2366 2172,2366 2283,2364 2394,2364 2506,2364 2617,2366 2728,2366 2839,2368 2950,2372 3062,2374"
                         HEIGHT="142"
                         WIDTH="2258"
                         VPOS="2269"
                         HPOS="822">
                  <String ID="string_region_1637659651224_2240l27"
                          HEIGHT="142"
                          WIDTH="2258"
                          VPOS="2269"
                          HPOS="822"
                          CONTENT="van alle prijse oock fijne geperste minder voortsche en "/>
               </TextLine>
               <TextLine ID="region_1637659651224_2240l28"
                         BASELINE="854,2476 967,2474 1080,2472 1193,2472 1306,2470 1419,2468 1532,2466 1645,2464 1758,2462 1871,2462 1984,2460 2097,2460 2210,2458 2323,2458 2436,2458 2549,2458 2662,2458 2775,2460 2888,2461 3001,2464 3114,2466"
                         HEIGHT="90"
                         WIDTH="2294"
                         VPOS="2410"
                         HPOS="836">
                  <String ID="string_region_1637659651224_2240l28"
                          HEIGHT="90"
                          WIDTH="2294"
                          VPOS="2410"
                          HPOS="836"
                          CONTENT="dosijnen alle soorten van bayen en caiuseyen doventer en wlc"/>
               </TextLine>
               <TextLine ID="region_1637659651224_2240l29"
                         BASELINE="826,2572 939,2568 1052,2564 1165,2560 1278,2557 1392,2554 1505,2552 1618,2550 1731,2548 1844,2546 1958,2546 2071,2545 2184,2546 2297,2546 2410,2546 2524,2548 2637,2550 2750,2553 2863,2556 2976,2561 3090,2566"
                         HEIGHT="133"
                         WIDTH="2297"
                         VPOS="2462"
                         HPOS="808">
                  <String ID="string_region_1637659651224_2240l29"
                          HEIGHT="133"
                          WIDTH="2297"
                          VPOS="2462"
                          HPOS="808"
                          CONTENT="ter bayen oceperfijne witte gekeperde en ongekeperde flanck"/>
               </TextLine>
               <TextLine ID="region_1637659651224_2240l30"
                         BASELINE="840,2660 952,2656 1065,2652 1178,2648 1291,2646 1404,2644 1516,2642 1629,2640 1742,2640 1855,2640 1968,2640 2080,2640 2193,2640 2306,2640 2419,2642 2532,2642 2644,2644 2757,2646 2870,2648 2983,2650 3096,2652"
                         HEIGHT="110"
                         WIDTH="2290"
                         VPOS="2602"
                         HPOS="823">
                  <String ID="string_region_1637659651224_2240l30"
                          HEIGHT="110"
                          WIDTH="2290"
                          VPOS="2602"
                          HPOS="823"
                          CONTENT="oock brisaerden en alle soorten van giverfde engelsche laecken"/>
               </TextLine>
               <TextLine ID="region_1637659651224_2240l31"
                         BASELINE="824,2750 935,2744 1046,2741 1157,2738 1268,2734 1379,2732 1490,2729 1601,2726 1712,2726 1823,2726 1934,2726 2045,2726 2156,2728 2267,2729 2378,2732 2489,2736 2600,2740 2711,2745 2822,2752 2933,2758 3044,2766"
                         HEIGHT="156"
                         WIDTH="2251"
                         VPOS="2647"
                         HPOS="808">
                  <String ID="string_region_1637659651224_2240l31"
                          HEIGHT="156"
                          WIDTH="2251"
                          VPOS="2647"
                          HPOS="808"
                          CONTENT="haeft ue eenige paxkens noodigh en gelieft ue met mij citst"/>
               </TextLine>
               <TextLine ID="region_1637659651224_2240l32"
                         BASELINE="834,2842 947,2836 1061,2831 1175,2827 1289,2824 1403,2822 1517,2820 1631,2818 1745,2818 1859,2818 1973,2819 2086,2820 2200,2822 2314,2824 2428,2828 2542,2831 2656,2835 2770,2838 2884,2842 2998,2848 3112,2852"
                         HEIGHT="132"
                         WIDTH="2311"
                         VPOS="2768"
                         HPOS="818">
                  <String ID="string_region_1637659651224_2240l32"
                          HEIGHT="132"
                          WIDTH="2311"
                          VPOS="2768"
                          HPOS="818"
                          CONTENT="doen ock verseeteere ue dat ue soo uvell en goeden coop sal bedie"/>
               </TextLine>
               <TextLine ID="region_1637659651224_2240l33"
                         BASELINE="822,2922 934,2920 1047,2917 1160,2914 1273,2912 1386,2912 1498,2910 1611,2910 1724,2910 1837,2910 1950,2912 2062,2914 2175,2917 2288,2920 2401,2924 2514,2929 2626,2934 2739,2942 2852,2949 2965,2958 3078,2968"
                         HEIGHT="171"
                         WIDTH="2292"
                         VPOS="2824"
                         HPOS="804">
                  <String ID="string_region_1637659651224_2240l33"
                          HEIGHT="171"
                          WIDTH="2292"
                          VPOS="2824"
                          HPOS="804"
                          CONTENT="nen oock alle conditien geven die ue van imans in de werelt"/>
               </TextLine>
               <TextLine ID="region_1637659651224_2240l34"
                         BASELINE="830,3016 936,3018 1042,3018 1148,3017 1254,3016 1360,3014 1466,3012 1572,3010 1678,3008 1784,3006 1890,3004 1996,3003 2102,3002 2208,3002 2314,3004 2420,3006 2526,3008 2632,3012 2738,3018 2844,3025 2950,3036"
                         HEIGHT="144"
                         WIDTH="2153"
                         VPOS="2932"
                         HPOS="815">
                  <String ID="string_region_1637659651224_2240l34"
                          HEIGHT="144"
                          WIDTH="2153"
                          VPOS="2932"
                          HPOS="815"
                          CONTENT="soude connen gepresenteert worden waer op moght staet"/>
               </TextLine>
               <TextLine ID="region_1637659651224_2240l35"
                         BASELINE="830,3104 903,3106 976,3106 1049,3106 1122,3106 1195,3106 1268,3106 1341,3104 1414,3102 1487,3100 1560,3098 1633,3097 1706,3094 1779,3092 1852,3090 1925,3088 1998,3086 2071,3086 2144,3084 2217,3082 2290,3082"
                         HEIGHT="131"
                         WIDTH="1494"
                         VPOS="3000"
                         HPOS="812">
                  <String ID="string_region_1637659651224_2240l35"
                          HEIGHT="131"
                          WIDTH="1494"
                          VPOS="3000"
                          HPOS="812"
                          CONTENT="maecken ende dat ben en ale occasie "/>
               </TextLine>
               <TextLine ID="region_1637659651224_2240l36"
                         BASELINE="2130,3168 2155,3166 2181,3166 2207,3166 2233,3168 2259,3169 2284,3170 2310,3172 2336,3172 2362,3174 2388,3174 2414,3172"
                         HEIGHT="143"
                         WIDTH="320"
                         VPOS="3070"
                         HPOS="2114">
                  <String ID="string_region_1637659651224_2240l36"
                          HEIGHT="143"
                          WIDTH="320"
                          VPOS="3070"
                          HPOS="2114"
                          CONTENT="29 ditto"/>
               </TextLine>
               <TextLine ID="region_1637659651224_2240l37"
                         BASELINE="694,3188 728,3185 763,3182 798,3181 833,3180 868,3178 903,3178 938,3178 973,3178 1008,3178 1043,3180 1077,3180 1112,3182 1147,3182 1182,3184 1217,3184 1252,3184 1287,3186 1322,3185 1357,3184 1392,3184"
                         HEIGHT="173"
                         WIDTH="733"
                         VPOS="3076"
                         HPOS="677">
                  <String ID="string_region_1637659651224_2240l37"
                          HEIGHT="173"
                          WIDTH="733"
                          VPOS="3076"
                          HPOS="677"
                          CONTENT="Brussel e van Elsen"/>
               </TextLine>
               <TextLine ID="region_1637659651224_2240l38"
                         BASELINE="818,3248 932,3250 1046,3250 1160,3252 1274,3252 1388,3252 1502,3254 1616,3256 1730,3256 1844,3258 1959,3260 2073,3260 2187,3262 2301,3263 2415,3264 2529,3266 2643,3268 2757,3270 2871,3272 2985,3272 3100,3274"
                         HEIGHT="104"
                         WIDTH="2314"
                         VPOS="3199"
                         HPOS="803">
                  <String ID="string_region_1637659651224_2240l38"
                          HEIGHT="104"
                          WIDTH="2314"
                          VPOS="3199"
                          HPOS="803"
                          CONTENT="Ick hebbe nu soo dickwils devoiren gedaen om ue eens te conne"/>
               </TextLine>
               <TextLine ID="region_1637659651224_2240l39"
                         BASELINE="836,3316 951,3318 1067,3320 1182,3322 1298,3324 1413,3325 1529,3326 1644,3328 1760,3330 1875,3332 1991,3334 2106,3334 2222,3337 2337,3338 2453,3340 2568,3342 2684,3344 2799,3346 2915,3349 3030,3352 3146,3354"
                         HEIGHT="115"
                         WIDTH="2348"
                         VPOS="3281"
                         HPOS="817">
                  <String ID="string_region_1637659651224_2240l39"
                          HEIGHT="115"
                          WIDTH="2348"
                          VPOS="3281"
                          HPOS="817"
                          CONTENT="persuaderen van met mij de preuve tenemen ende de onde termis"/>
               </TextLine>
               <TextLine ID="region_1637659651224_2240l40"
                         BASELINE="836,3388 950,3392 1065,3396 1180,3398 1295,3400 1410,3402 1525,3402 1640,3404 1755,3404 1870,3406 1985,3406 2099,3408 2214,3410 2329,3412 2444,3414 2559,3417 2674,3420 2789,3426 2904,3432 3019,3439 3134,3446"
                         HEIGHT="104"
                         WIDTH="2330"
                         VPOS="3353"
                         HPOS="820">
                  <String ID="string_region_1637659651224_2240l40"
                          HEIGHT="104"
                          WIDTH="2330"
                          VPOS="3353"
                          HPOS="820"
                          CONTENT="te willen onderhouden ue moet immers secker wesen dat ick alles"/>
               </TextLine>
               <TextLine ID="region_1637659651224_2240l41"
                         BASELINE="832,3476 945,3476 1058,3476 1171,3476 1285,3474 1398,3474 1511,3474 1625,3474 1738,3474 1851,3474 1965,3476 2078,3477 2191,3478 2304,3480 2418,3484 2531,3488 2644,3492 2758,3496 2871,3502 2984,3509 3098,3516"
                         HEIGHT="112"
                         WIDTH="2298"
                         VPOS="3431"
                         HPOS="816">
                  <String ID="string_region_1637659651224_2240l41"
                          HEIGHT="112"
                          WIDTH="2298"
                          VPOS="3431"
                          HPOS="816"
                          CONTENT="can doen geljck een ander sas beter coop oc wete dat ue veel"/>
               </TextLine>
               <TextLine ID="region_1637659651224_2240l42"
                         BASELINE="824,3558 935,3558 1047,3558 1158,3558 1270,3558 1382,3556 1493,3556 1605,3554 1716,3554 1828,3554 1940,3552 2051,3552 2163,3554 2274,3554 2386,3556 2498,3558 2609,3560 2721,3564 2832,3569 2944,3575 3056,3582"
                         HEIGHT="130"
                         WIDTH="2267"
                         VPOS="3474"
                         HPOS="807">
                  <String ID="string_region_1637659651224_2240l42"
                          HEIGHT="130"
                          WIDTH="2267"
                          VPOS="3474"
                          HPOS="807"
                          CONTENT="verliest en noodigh haeft ende ick sal ue alle conditie geven"/>
               </TextLine>
               <TextLine ID="region_1637659651224_2240l43"
                         BASELINE="818,3646 931,3646 1045,3644 1158,3644 1272,3642 1386,3640 1499,3637 1613,3635 1726,3633 1840,3631 1954,3630 2067,3628 2181,3628 2294,3628 2408,3630 2522,3632 2635,3634 2749,3639 2862,3644 2976,3650 3090,3660"
                         HEIGHT="114"
                         WIDTH="2307"
                         VPOS="3564"
                         HPOS="801">
                  <String ID="string_region_1637659651224_2240l43"
                          HEIGHT="114"
                          WIDTH="2307"
                          VPOS="3564"
                          HPOS="801"
                          CONTENT="die ue mnt inde werclt soude connen presenteren het win te "/>
               </TextLine>
               <TextLine ID="region_1637659651224_2240l44"
                         BASELINE="840,3746 956,3742 1072,3736 1188,3732 1304,3727 1420,3722 1536,3719 1652,3716 1768,3712 1884,3710 2000,3708 2116,3706 2232,3706 2348,3706 2464,3706 2580,3708 2696,3710 2812,3714 2928,3718 3044,3723 3160,3730"
                         HEIGHT="100"
                         WIDTH="2353"
                         VPOS="3685"
                         HPOS="822">
                  <String ID="string_region_1637659651224_2240l44"
                          HEIGHT="100"
                          WIDTH="2353"
                          VPOS="3685"
                          HPOS="822"
                          CONTENT="faisoen gaet nu aen comen en vervolgens sal ue al eenige proiui"/>
               </TextLine>
               <TextLine ID="region_1637659651224_2240l45"
                         BASELINE="828,3830 939,3826 1051,3820 1162,3815 1274,3810 1386,3806 1497,3803 1609,3800 1720,3796 1832,3794 1944,3792 2055,3792 2167,3790 2278,3790 2390,3792 2502,3794 2613,3795 2725,3798 2836,3802 2948,3806 3060,3812"
                         HEIGHT="132"
                         WIDTH="2267"
                         VPOS="3715"
                         HPOS="810">
                  <String ID="string_region_1637659651224_2240l45"
                          HEIGHT="132"
                          WIDTH="2267"
                          VPOS="3715"
                          HPOS="810"
                          CONTENT="noodigh hebbe ick hebbe soo schont sortiment van alle sooten"/>
               </TextLine>
               <TextLine ID="region_1637659651224_2240l46"
                         BASELINE="808,3910 920,3908 1033,3906 1146,3904 1259,3901 1372,3898 1484,3894 1597,3892 1710,3888 1823,3886 1936,3882 2048,3882 2161,3880 2274,3880 2387,3881 2500,3884 2612,3887 2725,3892 2838,3898 2951,3908 3064,3918"
                         HEIGHT="131"
                         WIDTH="2291"
                         VPOS="3793"
                         HPOS="790">
                  <String ID="string_region_1637659651224_2240l46"
                          HEIGHT="131"
                          WIDTH="2291"
                          VPOS="3793"
                          HPOS="790"
                          CONTENT="van laeckens bayen frisaerden corseyen flanelle deventer encol"/>
               </TextLine>
               <TextLine ID="region_1637659651224_2240l47"
                         BASELINE="826,3994 938,3990 1050,3986 1163,3980 1275,3977 1388,3972 1500,3968 1612,3964 1725,3960 1837,3958 1950,3956 2062,3956 2174,3956 2287,3956 2399,3960 2512,3963 2624,3968 2736,3976 2849,3984 2961,3994 3074,4008"
                         HEIGHT="135"
                         WIDTH="2281"
                         VPOS="3907"
                         HPOS="809">
                  <String ID="string_region_1637659651224_2240l47"
                          HEIGHT="135"
                          WIDTH="2281"
                          VPOS="3907"
                          HPOS="809"
                          CONTENT="hester bayen als int shael lant te sien is gelieft meer soo veel"/>
               </TextLine>
               <TextLine ID="region_1637659651224_2240l48"
                         BASELINE="826,4082 939,4076 1053,4068 1167,4063 1281,4058 1395,4053 1508,4049 1622,4046 1736,4044 1850,4042 1964,4042 2077,4042 2191,4042 2305,4044 2419,4048 2533,4052 2646,4058 2760,4064 2874,4072 2988,4083 3102,4094"
                         HEIGHT="174"
                         WIDTH="2310"
                         VPOS="3959"
                         HPOS="809">
                  <String ID="string_region_1637659651224_2240l48"
                          HEIGHT="174"
                          WIDTH="2310"
                          VPOS="3959"
                          HPOS="809"
                          CONTENT="abetheyt te hebbe van eens de preuve te neme en ue sal oen en"/>
               </TextLine>
               <TextLine ID="region_1637659651224_2240l49"
                         BASELINE="810,4158 925,4153 1040,4148 1155,4144 1270,4140 1385,4138 1500,4134 1615,4132 1730,4130 1845,4130 1960,4130 2075,4130 2190,4132 2305,4135 2420,4138 2535,4143 2650,4148 2765,4155 2880,4162 2995,4172 3110,4182"
                         HEIGHT="178"
                         WIDTH="2334"
                         VPOS="4032"
                         HPOS="792">
                  <String ID="string_region_1637659651224_2240l49"
                          HEIGHT="178"
                          WIDTH="2334"
                          VPOS="4032"
                          HPOS="792"
                          CONTENT="den dat het voor ue inrest en avoirtagie is dat ick ie aenraede"/>
               </TextLine>
               <TextLine ID="region_1637659651224_2240l50"
                         BASELINE="822,4240 932,4240 1042,4240 1153,4238 1263,4238 1374,4236 1484,4234 1594,4232 1705,4230 1815,4228 1926,4228 2036,4228 2146,4228 2257,4230 2367,4233 2478,4237 2588,4242 2698,4251 2809,4261 2919,4272 3030,4286"
                         HEIGHT="206"
                         WIDTH="2242"
                         VPOS="4118"
                         HPOS="804">
                  <String ID="string_region_1637659651224_2240l50"
                          HEIGHT="206"
                          WIDTH="2242"
                          VPOS="4118"
                          HPOS="804"
                          CONTENT="waer op dat moght vertroewe en dat ick ben in alle occasien"/>
               </TextLine>
            </TextBlock>
            <TextBlock ID="region_1637659654529_2243"
                       HEIGHT="4092"
                       WIDTH="2669"
                       VPOS="23"
                       HPOS="3208">
               <Shape>
                  <Polygon POINTS="3208,23 5877,23 5877,4115 3208,4115"/>
               </Shape>
               <TextLine ID="region_1637659654529_2243l1"
                         BASELINE="3254,162 3312,156 3370,151 3429,147 3487,143 3546,140 3604,138 3662,136 3721,136 3779,134 3838,134 3896,133 3954,132 4013,131 4071,130 4130,128 4188,126 4246,124 4305,120 4363,116 4422,110"
                         HEIGHT="170"
                         WIDTH="1203"
                         VPOS="55"
                         HPOS="3237">
                  <String ID="string_region_1637659654529_2243l1"
                          HEIGHT="170"
                          WIDTH="1203"
                          VPOS="55"
                          HPOS="3237"
                          CONTENT="Brussel Josephey vanderborght"/>
               </TextLine>
               <TextLine ID="region_1637659654529_2243l2"
                         BASELINE="4664,140 4692,140 4721,140 4750,140 4779,140 4808,140 4836,140 4865,138 4894,137 4923,136 4952,135 4980,134 5009,134 5038,133 5067,132 5096,132 5124,132 5153,132 5182,133 5211,134 5240,136"
                         HEIGHT="140"
                         WIDTH="611"
                         VPOS="67"
                         HPOS="4645">
                  <String ID="string_region_1637659654529_2243l2"
                          HEIGHT="140"
                          WIDTH="611"
                          VPOS="67"
                          HPOS="4645"
                          CONTENT="29 accqiusties"/>
               </TextLine>
               <TextLine ID="region_1637659654529_2243l3"
                         BASELINE="5828,150 5852,150"
                         HEIGHT="98"
                         WIDTH="56"
                         VPOS="79"
                         HPOS="5811">
                  <String ID="string_region_1637659654529_2243l3"
                          HEIGHT="98"
                          WIDTH="56"
                          VPOS="79"
                          HPOS="5811"
                          CONTENT=""/>
               </TextLine>
               <TextLine ID="region_1637659654529_2243l4"
                         BASELINE="3366,254 3484,248 3602,242 3720,238 3838,234 3956,230 4074,228 4192,226 4310,226 4428,224 4546,224 4664,226 4782,227 4900,228 5018,232 5136,234 5254,238 5372,241 5490,246 5608,250 5726,254"
                         HEIGHT="114"
                         WIDTH="2392"
                         VPOS="164"
                         HPOS="3350">
                  <String ID="string_region_1637659654529_2243l4"
                          HEIGHT="114"
                          WIDTH="2392"
                          VPOS="164"
                          HPOS="3350"
                          CONTENT="ffaute van occasien soo en hebbe in lange d'eene niet gehadt "/>
               </TextLine>
               <TextLine ID="region_1637659654529_2243l5"
                         BASELINE="3374,332 3495,328 3616,324 3737,320 3858,316 3979,312 4100,310 4221,307 4342,306 4463,304 4584,304 4705,304 4826,304 4947,306 5068,308 5189,312 5310,316 5431,322 5552,328 5673,336 5794,344"
                         HEIGHT="160"
                         WIDTH="2455"
                         VPOS="229"
                         HPOS="3356">
                  <String ID="string_region_1637659654529_2243l5"
                          HEIGHT="160"
                          WIDTH="2455"
                          VPOS="229"
                          HPOS="3356"
                          CONTENT="ue te schpijpe doch mits het faisoen van vertier u weeromen"/>
               </TextLine>
               <TextLine ID="region_1637659654529_2243l6"
                         BASELINE="3374,424 3492,418 3611,411 3730,406 3849,400 3968,394 4086,390 4205,386 4324,384 4443,381 4562,380 4680,378 4799,380 4918,380 5037,382 5156,386 5274,391 5393,396 5512,404 5631,413 5750,422"
                         HEIGHT="149"
                         WIDTH="2409"
                         VPOS="309"
                         HPOS="3358">
                  <String ID="string_region_1637659654529_2243l6"
                          HEIGHT="149"
                          WIDTH="2409"
                          VPOS="309"
                          HPOS="3358"
                          CONTENT="comt en dat alle de versche goeere gerriveert wesen soo en "/>
               </TextLine>
               <TextLine ID="region_1637659654529_2243l7"
                         BASELINE="3410,514 3531,506 3653,499 3774,492 3896,486 4018,480 4139,476 4261,472 4382,470 4504,468 4626,466 4747,466 4869,466 4990,468 5112,470 5234,474 5355,478 5477,484 5598,490 5720,498 5842,508"
                         HEIGHT="180"
                         WIDTH="2465"
                         VPOS="379"
                         HPOS="3395">
                  <String ID="string_region_1637659654529_2243l7"
                          HEIGHT="180"
                          WIDTH="2465"
                          VPOS="379"
                          HPOS="3395"
                          CONTENT="can niet naer laeten ue mijn dinst andermael te presenti"/>
               </TextLine>
               <TextLine ID="region_1637659654529_2243l8"
                         BASELINE="3396,610 3516,606 3637,600 3757,594 3878,588 3999,583 4119,577 4240,574 4360,568 4481,566 4602,562 4722,560 4843,558 4963,558 5084,558 5205,560 5325,562 5446,566 5566,572 5687,579 5808,588"
                         HEIGHT="166"
                         WIDTH="2446"
                         VPOS="473"
                         HPOS="3378">
                  <String ID="string_region_1637659654529_2243l8"
                          HEIGHT="166"
                          WIDTH="2446"
                          VPOS="473"
                          HPOS="3378"
                          CONTENT="en te versoeckeren dat van alle soorten van engelsche hoede"/>
               </TextLine>
               <TextLine ID="region_1637659654529_2243l9"
                         BASELINE="3380,714 3498,708 3617,702 3736,694 3855,688 3974,681 4092,675 4211,668 4330,663 4449,658 4568,654 4686,650 4805,648 4924,646 5043,646 5162,646 5280,649 5399,652 5518,659 5637,666 5756,676"
                         HEIGHT="180"
                         WIDTH="2410"
                         VPOS="556"
                         HPOS="3363">
                  <String ID="string_region_1637659654529_2243l9"
                          HEIGHT="180"
                          WIDTH="2410"
                          VPOS="556"
                          HPOS="3363"
                          CONTENT="voorsien ben dat ue diergeloke soortiment int ghallent"/>
               </TextLine>
               <TextLine ID="region_1637659654529_2243l10"
                         BASELINE="3384,802 3501,800 3619,796 3737,790 3855,787 3973,782 4090,778 4208,776 4326,772 4444,768 4562,764 4679,762 4797,759 4915,756 5033,754 5151,752 5268,752 5386,750 5504,750 5622,750 5740,750"
                         HEIGHT="161"
                         WIDTH="2391"
                         VPOS="657"
                         HPOS="3366">
                  <String ID="string_region_1637659654529_2243l10"
                          HEIGHT="161"
                          WIDTH="2391"
                          VPOS="657"
                          HPOS="3366"
                          CONTENT="niet en sult vinden oock dat ue nement beeter coopen"/>
               </TextLine>
               <TextLine ID="region_1637659654529_2243l11"
                         BASELINE="3396,894 3516,892 3637,890 3758,886 3879,882 4000,878 4120,875 4241,870 4362,866 4483,862 4604,858 4724,854 4845,852 4966,848 5087,846 5208,846 5328,846 5449,846 5570,848 5691,850 5812,854"
                         HEIGHT="182"
                         WIDTH="2450"
                         VPOS="751"
                         HPOS="3379">
                  <String ID="string_region_1637659654529_2243l11"
                          HEIGHT="182"
                          WIDTH="2450"
                          VPOS="751"
                          HPOS="3379"
                          CONTENT="sal bedienn daer versoecke bj occusie dat ue iets can noodig"/>
               </TextLine>
               <TextLine ID="region_1637659654529_2243l12"
                         BASELINE="3384,1002 3472,998 3560,994 3648,991 3736,988 3825,984 3913,980 4001,977 4089,972 4177,970 4266,966 4354,962 4442,958 4530,955 4618,952 4707,948 4795,944 4883,941 4971,938 5059,935 5148,932"
                         HEIGHT="197"
                         WIDTH="1799"
                         VPOS="843"
                         HPOS="3365">
                  <String ID="string_region_1637659654529_2243l12"
                          HEIGHT="197"
                          WIDTH="1799"
                          VPOS="843"
                          HPOS="3365"
                          CONTENT="hebbe op mij te gejsen die blijve van laete"/>
               </TextLine>
               <TextLine ID="region_1637659654529_2243l13"
                         BASELINE="4766,1062 4791,1059 4816,1055 4841,1054 4866,1053 4891,1052 4916,1052 4941,1052 4966,1051 4991,1050 5016,1050 5041,1049 5066,1047 5091,1045 5116,1043 5142,1038"
                         HEIGHT="159"
                         WIDTH="413"
                         VPOS="948"
                         HPOS="4746">
                  <String ID="string_region_1637659654529_2243l13"
                          HEIGHT="159"
                          WIDTH="413"
                          VPOS="948"
                          HPOS="4746"
                          CONTENT="29 ditto"/>
               </TextLine>
               <TextLine ID="region_1637659654529_2243l14"
                         BASELINE="3270,1116 3326,1113 3383,1110 3439,1107 3496,1105 3553,1101 3609,1099 3666,1096 3722,1094 3779,1090 3836,1088 3892,1085 3949,1081 4005,1076 4062,1074 4119,1071 4175,1066 4232,1062 4288,1059 4345,1054 4402,1050"
                         HEIGHT="182"
                         WIDTH="1168"
                         VPOS="972"
                         HPOS="3251">
                  <String ID="string_region_1637659654529_2243l14"
                          HEIGHT="182"
                          WIDTH="1168"
                          VPOS="972"
                          HPOS="3251"
                          CONTENT="Brussel Revier dus de witte"/>
               </TextLine>
               <TextLine ID="region_1637659654529_2243l15"
                         BASELINE="3360,1196 3478,1189 3597,1182 3715,1175 3834,1168 3952,1162 4071,1157 4189,1153 4308,1148 4426,1145 4545,1142 4663,1140 4782,1138 4900,1136 5019,1134 5137,1134 5256,1134 5374,1134 5493,1134 5611,1136 5730,1136"
                         HEIGHT="148"
                         WIDTH="2403"
                         VPOS="1066"
                         HPOS="3343">
                  <String ID="string_region_1637659654529_2243l15"
                          HEIGHT="148"
                          WIDTH="2403"
                          VPOS="1066"
                          HPOS="3343"
                          CONTENT="hebbe ue int aencomen van jaisoen eens een partije staelen "/>
               </TextLine>
               <TextLine ID="region_1637659654529_2243l16"
                         BASELINE="3372,1268 3493,1268 3615,1266 3737,1262 3858,1258 3980,1253 4102,1246 4223,1240 4345,1234 4467,1228 4589,1222 4710,1216 4832,1212 4954,1210 5075,1208 5197,1208 5319,1210 5440,1214 5562,1220 5684,1230 5806,1242"
                         HEIGHT="165"
                         WIDTH="2469"
                         VPOS="1125"
                         HPOS="3355">
                  <String ID="string_region_1637659654529_2243l16"
                          HEIGHT="165"
                          WIDTH="2469"
                          VPOS="1125"
                          HPOS="3355"
                          CONTENT="van mijne laeckens gesondenn echter d'eene van ue bevelen se"/>
               </TextLine>
               <TextLine ID="region_1637659654529_2243l17"
                         BASELINE="3372,1360 3494,1353 3617,1348 3740,1342 3863,1338 3986,1332 4108,1327 4231,1323 4354,1318 4477,1314 4600,1310 4722,1308 4845,1304 4968,1302 5091,1300 5214,1300 5336,1298 5459,1298 5582,1298 5705,1300 5828,1300"
                         HEIGHT="129"
                         WIDTH="2491"
                         VPOS="1250"
                         HPOS="3354">
                  <String ID="string_region_1637659654529_2243l17"
                          HEIGHT="129"
                          WIDTH="2491"
                          VPOS="1250"
                          HPOS="3354"
                          CONTENT="niet beoomen ick dencke dat wij evenwel eens kenniss ma"/>
               </TextLine>
               <TextLine ID="region_1637659654529_2243l18"
                         BASELINE="3368,1444 3486,1440 3605,1437 3724,1433 3842,1428 3961,1424 4080,1420 4198,1417 4317,1412 4436,1410 4555,1407 4673,1404 4792,1402 4911,1402 5029,1402 5148,1402 5267,1404 5385,1406 5504,1410 5623,1414 5742,1420"
                         HEIGHT="180"
                         WIDTH="2407"
                         VPOS="1298"
                         HPOS="3351">
                  <String ID="string_region_1637659654529_2243l18"
                          HEIGHT="180"
                          WIDTH="2407"
                          VPOS="1298"
                          HPOS="3351"
                          CONTENT="en vervolgens coeme ue andermael mijn dinst presentern "/>
               </TextLine>
               <TextLine ID="region_1637659654529_2243l19"
                         BASELINE="3372,1530 3493,1526 3615,1522 3737,1518 3859,1515 3981,1512 4103,1508 4225,1504 4347,1502 4469,1498 4591,1496 4712,1494 4834,1492 4956,1492 5078,1492 5200,1492 5322,1492 5444,1494 5566,1496 5688,1500 5810,1504"
                         HEIGHT="164"
                         WIDTH="2472"
                         VPOS="1418"
                         HPOS="3354">
                  <String ID="string_region_1637659654529_2243l19"
                          HEIGHT="164"
                          WIDTH="2472"
                          VPOS="1418"
                          HPOS="3354"
                          CONTENT="en adviseren dat seer schoone partye van versche nuuw mod"/>
               </TextLine>
               <TextLine ID="region_1637659654529_2243l20"
                         BASELINE="3396,1618 3517,1614 3638,1610 3759,1606 3881,1602 4002,1599 4123,1596 4245,1594 4366,1590 4487,1588 4609,1586 4730,1584 4851,1582 4972,1582 5094,1580 5215,1578 5336,1578 5458,1576 5579,1576 5700,1576 5822,1574"
                         HEIGHT="145"
                         WIDTH="2461"
                         VPOS="1503"
                         HPOS="3378">
                  <String ID="string_region_1637659654529_2243l20"
                          HEIGHT="145"
                          WIDTH="2461"
                          VPOS="1503"
                          HPOS="3378"
                          CONTENT="coccleure 170aensche laeckens sijne en gemiyne hebbe intfan"/>
               </TextLine>
               <TextLine ID="region_1637659654529_2243l21"
                         BASELINE="3370,1726 3492,1720 3615,1713 3738,1708 3861,1704 3984,1700 4106,1698 4229,1696 4352,1693 4475,1692 4598,1690 4720,1690 4843,1690 4966,1690 5089,1690 5212,1690 5334,1690 5457,1690 5580,1690 5703,1690 5826,1690"
                         HEIGHT="173"
                         WIDTH="2487"
                         VPOS="1600"
                         HPOS="3353">
                  <String ID="string_region_1637659654529_2243l21"
                          HEIGHT="173"
                          WIDTH="2487"
                          VPOS="1600"
                          HPOS="3353"
                          CONTENT="oock geperste noorts ie endorynen voorts alderhande foort van"/>
               </TextLine>
               <TextLine ID="region_1637659654529_2243l22"
                         BASELINE="3370,1826 3491,1816 3612,1807 3734,1800 3855,1794 3977,1789 4098,1785 4219,1782 4341,1780 4462,1778 4584,1778 4705,1778 4826,1778 4948,1778 5069,1780 5191,1780 5312,1782 5433,1782 5555,1782 5676,1784 5798,1784"
                         HEIGHT="177"
                         WIDTH="2460"
                         VPOS="1709"
                         HPOS="3352">
                  <String ID="string_region_1637659654529_2243l22"
                          HEIGHT="177"
                          WIDTH="2460"
                          VPOS="1709"
                          HPOS="3352"
                          CONTENT="prove goederen als bayen van alle gewichten deventer ene"/>
               </TextLine>
               <TextLine ID="region_1637659654529_2243l23"
                         BASELINE="3368,1912 3488,1908 3608,1906 3728,1902 3849,1900 3969,1898 4089,1894 4210,1892 4330,1890 4450,1888 4571,1886 4691,1886 4811,1884 4931,1882 5052,1882 5172,1880 5292,1880 5413,1880 5533,1880 5653,1880 5774,1880"
                         HEIGHT="181"
                         WIDTH="2438"
                         VPOS="1786"
                         HPOS="3353">
                  <String ID="string_region_1637659654529_2243l23"
                          HEIGHT="181"
                          WIDTH="2438"
                          VPOS="1786"
                          HPOS="3353"
                          CONTENT="chester bayen carseyen flanellen en friseerden het winter j"/>
               </TextLine>
               <TextLine ID="region_1637659654529_2243l24"
                         BASELINE="3374,2012 3497,2010 3621,2008 3745,2006 3868,2004 3992,2002 4116,2000 4239,1998 4363,1996 4487,1994 4611,1992 4734,1990 4858,1988 4982,1988 5105,1986 5229,1984 5353,1982 5476,1982 5600,1980 5724,1980 5848,1980"
                         HEIGHT="186"
                         WIDTH="2508"
                         VPOS="1851"
                         HPOS="3358">
                  <String ID="string_region_1637659654529_2243l24"
                          HEIGHT="186"
                          WIDTH="2508"
                          VPOS="1851"
                          HPOS="3358"
                          CONTENT="soen gaet aen coomen en ick en twefelen niet oft ue sal al ag"/>
               </TextLine>
               <TextLine ID="region_1637659654529_2243l25"
                         BASELINE="3378,2118 3496,2112 3614,2107 3732,2104 3851,2102 3969,2098 4087,2098 4206,2096 4324,2096 4442,2094 4561,2094 4679,2092 4797,2092 4915,2090 5034,2088 5152,2086 5270,2084 5389,2080 5507,2076 5625,2069 5744,2064"
                         HEIGHT="184"
                         WIDTH="2400"
                         VPOS="1986"
                         HPOS="3361">
                  <String ID="string_region_1637659654529_2243l25"
                          HEIGHT="184"
                          WIDTH="2400"
                          VPOS="1986"
                          HPOS="3361"
                          CONTENT="soortiment noodigh hebbe gelieft ue met mij eens de preuve de "/>
               </TextLine>
               <TextLine ID="region_1637659654529_2243l26"
                         BASELINE="3370,2206 3490,2206 3611,2206 3732,2204 3852,2202 3973,2202 4094,2198 4214,2196 4335,2194 4456,2192 4577,2188 4697,2185 4818,2182 4939,2180 5059,2177 5180,2174 5301,2172 5421,2170 5542,2168 5663,2166 5784,2164"
                         HEIGHT="110"
                         WIDTH="2444"
                         VPOS="2124"
                         HPOS="3354">
                  <String ID="string_region_1637659654529_2243l26"
                          HEIGHT="110"
                          WIDTH="2444"
                          VPOS="2124"
                          HPOS="3354"
                          CONTENT="nemen ue sal ondervinden dat ick ue soo civiel en goeden coop"/>
               </TextLine>
               <TextLine ID="region_1637659654529_2243l27"
                         BASELINE="3346,2314 3469,2310 3592,2305 3715,2301 3838,2297 3961,2294 4084,2291 4207,2288 4330,2284 4453,2282 4577,2280 4700,2276 4823,2276 4946,2274 5069,2272 5192,2271 5315,2270 5438,2270 5561,2270 5684,2272 5808,2272"
                         HEIGHT="183"
                         WIDTH="2493"
                         VPOS="2190"
                         HPOS="3328">
                  <String ID="string_region_1637659654529_2243l27"
                          HEIGHT="183"
                          WIDTH="2493"
                          VPOS="2190"
                          HPOS="3328"
                          CONTENT="sal bedie ien dat ue ten uytersten seeis taet sal wesen en voort"/>
               </TextLine>
               <TextLine ID="region_1637659654529_2243l28"
                         BASELINE="3360,2400 3478,2400 3596,2402 3714,2400 3832,2400 3951,2398 4069,2396 4187,2392 4305,2390 4423,2386 4542,2384 4660,2380 4778,2378 4896,2376 5014,2373 5133,2372 5251,2370 5369,2370 5487,2370 5605,2372 5724,2374"
                         HEIGHT="115"
                         WIDTH="2395"
                         VPOS="2326"
                         HPOS="3344">
                  <String ID="string_region_1637659654529_2243l28"
                          HEIGHT="115"
                          WIDTH="2395"
                          VPOS="2326"
                          HPOS="3344"
                          CONTENT="toecoemende met mij wel sult willen continueren waerop"/>
               </TextLine>
               <TextLine ID="region_1637659654529_2243l29"
                         BASELINE="3346,2502 3406,2499 3466,2496 3526,2495 3586,2494 3647,2492 3707,2492 3767,2492 3827,2492 3887,2492 3948,2493 4008,2494 4068,2494 4128,2494 4188,2494 4249,2496 4309,2495 4369,2494 4429,2494 4489,2492 4550,2492"
                         HEIGHT="166"
                         WIDTH="1238"
                         VPOS="2402"
                         HPOS="3329">
                  <String ID="string_region_1637659654529_2243l29"
                          HEIGHT="166"
                          WIDTH="1238"
                          VPOS="2402"
                          HPOS="3329"
                          CONTENT="moght staet maecke en dat ben"/>
               </TextLine>
               <TextLine ID="region_1637659654529_2243l30"
                         BASELINE="3240,2612 3283,2612 3326,2610 3369,2608 3412,2607 3456,2605 3499,2604 3542,2602 3585,2602 3628,2600 3672,2598 3715,2598 3758,2597 3801,2596 3844,2596 3888,2594 3931,2594 3974,2594 4017,2594 4060,2594 4104,2594"
                         HEIGHT="157"
                         WIDTH="898"
                         VPOS="2505"
                         HPOS="3223">
                  <String ID="string_region_1637659654529_2243l30"
                          HEIGHT="157"
                          WIDTH="898"
                          VPOS="2505"
                          HPOS="3223"
                          CONTENT="hiel Cornelis willems"/>
               </TextLine>
               <TextLine ID="region_1637659654529_2243l31"
                         BASELINE="4904,2620 4929,2621 4955,2622 4981,2624 5006,2624 5032,2624 5058,2624 5083,2624 5109,2624 5135,2624 5160,2624 5186,2624 5212,2622 5237,2620 5263,2620 5289,2617 5314,2615 5340,2613 5366,2610 5392,2608"
                         HEIGHT="262"
                         WIDTH="526"
                         VPOS="2421"
                         HPOS="4885">
                  <String ID="string_region_1637659654529_2243l31"
                          HEIGHT="262"
                          WIDTH="526"
                          VPOS="2421"
                          HPOS="4885"
                          CONTENT="30 ditto"/>
               </TextLine>
               <TextLine ID="region_1637659654529_2243l32"
                         BASELINE="3234,2726 3365,2724 3496,2722 3627,2722 3758,2720 3890,2720 4021,2722 4152,2722 4283,2724 4414,2724 4546,2726 4677,2728 4808,2730 4939,2732 5070,2734 5201,2736 5333,2738 5464,2740 5595,2742 5726,2742 5858,2744"
                         HEIGHT="205"
                         WIDTH="2659"
                         VPOS="2608"
                         HPOS="3216">
                  <String ID="string_region_1637659654529_2243l32"
                          HEIGHT="205"
                          WIDTH="2659"
                          VPOS="2608"
                          HPOS="3216"
                          CONTENT="hebbe ue brief wel ontfangen van 27 deser oock ƒ 50 wisselge de"/>
               </TextLine>
               <TextLine ID="region_1637659654529_2243l33"
                         BASELINE="3358,2858 3477,2850 3597,2844 3717,2840 3836,2838 3956,2836 4076,2838 4195,2838 4315,2840 4435,2843 4555,2847 4674,2850 4794,2854 4914,2858 5033,2862 5153,2864 5273,2867 5392,2868 5512,2870 5632,2870 5752,2868"
                         HEIGHT="207"
                         WIDTH="2426"
                         VPOS="2728"
                         HPOS="3342">
                  <String ID="string_region_1637659654529_2243l33"
                          HEIGHT="207"
                          WIDTH="2426"
                          VPOS="2728"
                          HPOS="3342"
                          CONTENT="die op ue reken. hebbe gestelt sende ue dan heden met"/>
               </TextLine>
               <TextLine ID="region_1637659654529_2243l34"
                         BASELINE="3350,2968 3466,2963 3583,2960 3700,2956 3817,2955 3934,2954 4050,2956 4167,2956 4284,2960 4401,2962 4518,2966 4634,2968 4751,2972 4868,2976 4985,2980 5102,2984 5218,2986 5335,2988 5452,2990 5569,2992 5686,2992"
                         HEIGHT="218"
                         WIDTH="2370"
                         VPOS="2848"
                         HPOS="3334">
                  <String ID="string_region_1637659654529_2243l34"
                          HEIGHT="218"
                          WIDTH="2370"
                          VPOS="2848"
                          HPOS="3334"
                          CONTENT="den voerman een sijn witt carsey te betaelen tot ƒ23:-"/>
               </TextLine>
               <TextLine ID="region_1637659654529_2243l35"
                         BASELINE="3356,3082 3470,3078 3584,3076 3699,3074 3813,3074 3928,3074 4042,3074 4156,3074 4271,3076 4385,3078 4500,3080 4614,3082 4728,3084 4843,3087 4957,3090 5072,3092 5186,3095 5300,3098 5415,3100 5529,3102 5644,3104"
                         HEIGHT="138"
                         WIDTH="2324"
                         VPOS="2993"
                         HPOS="3338">
                  <String ID="string_region_1637659654529_2243l35"
                          HEIGHT="138"
                          WIDTH="2324"
                          VPOS="2993"
                          HPOS="3338"
                          CONTENT="wisselglde en can de beste soorte niet minder geven"/>
               </TextLine>
               <TextLine ID="region_1637659654529_2243l36"
                         BASELINE="3362,3204 3477,3202 3592,3200 3707,3198 3822,3198 3937,3196 4052,3196 4167,3196 4282,3196 4397,3198 4513,3198 4628,3200 4743,3202 4858,3202 4973,3204 5088,3206 5203,3208 5318,3211 5433,3213 5548,3216 5664,3218"
                         HEIGHT="175"
                         WIDTH="2334"
                         VPOS="3086"
                         HPOS="3346">
                  <String ID="string_region_1637659654529_2243l36"
                          HEIGHT="175"
                          WIDTH="2334"
                          VPOS="3086"
                          HPOS="3346"
                          CONTENT="dogh gelieft ue mindere die hebbe van alle prijsen"/>
               </TextLine>
               <TextLine ID="region_1637659654529_2243l37"
                         BASELINE="3358,3322 3477,3319 3597,3316 3717,3314 3836,3314 3956,3312 4076,3312 4195,3314 4315,3314 4435,3316 4555,3318 4674,3320 4794,3323 4914,3326 5033,3328 5153,3333 5273,3336 5392,3340 5512,3344 5632,3348 5752,3350"
                         HEIGHT="132"
                         WIDTH="2430"
                         VPOS="3261"
                         HPOS="3341">
                  <String ID="string_region_1637659654529_2243l37"
                          HEIGHT="132"
                          WIDTH="2430"
                          VPOS="3261"
                          HPOS="3341"
                          CONTENT="maer om witt te vercoopen moet ue nootsaekelijck"/>
               </TextLine>
               <TextLine ID="region_1637659654529_2243l38"
                         BASELINE="3346,3446 3465,3440 3584,3436 3703,3433 3822,3430 3941,3430 4060,3428 4179,3430 4298,3430 4417,3432 4537,3434 4656,3436 4775,3440 4894,3443 5013,3446 5132,3450 5251,3453 5370,3456 5489,3460 5608,3462 5728,3466"
                         HEIGHT="144"
                         WIDTH="2416"
                         VPOS="3346"
                         HPOS="3329">
                  <String ID="string_region_1637659654529_2243l38"
                          HEIGHT="144"
                          WIDTH="2416"
                          VPOS="3346"
                          HPOS="3329"
                          CONTENT="van de alderbeste hebben. ick sal aen mijn vaeder en"/>
               </TextLine>
               <TextLine ID="region_1637659654529_2243l39"
                         BASELINE="3358,3562 3472,3560 3586,3558 3701,3556 3815,3554 3930,3554 4044,3554 4158,3554 4273,3554 4387,3556 4502,3557 4616,3558 4730,3560 4845,3562 4959,3564 5074,3567 5188,3569 5302,3572 5417,3574 5531,3576 5646,3578"
                         HEIGHT="121"
                         WIDTH="2325"
                         VPOS="3476"
                         HPOS="3340">
                  <String ID="string_region_1637659654529_2243l39"
                          HEIGHT="121"
                          WIDTH="2325"
                          VPOS="3476"
                          HPOS="3340"
                          CONTENT="brief laeten sien en twijfele niet oft ue sal tegens"/>
               </TextLine>
               <TextLine ID="region_1637659654529_2243l40"
                         BASELINE="3334,3686 3455,3684 3577,3682 3699,3680 3821,3680 3943,3678 4065,3678 4187,3678 4309,3678 4431,3678 4553,3678 4674,3680 4796,3682 4918,3684 5040,3686 5162,3688 5284,3692 5406,3694 5528,3698 5650,3702 5772,3708"
                         HEIGHT="164"
                         WIDTH="2472"
                         VPOS="3569"
                         HPOS="3316">
                  <String ID="string_region_1637659654529_2243l40"
                          HEIGHT="164"
                          WIDTH="2472"
                          VPOS="3569"
                          HPOS="3316"
                          CONTENT="den winter al eenige provisie noodigh hebben. als ue "/>
               </TextLine>
               <TextLine ID="region_1637659654529_2243l41"
                         BASELINE="3344,3810 3464,3808 3584,3806 3704,3804 3824,3804 3944,3804 4064,3804 4184,3806 4304,3806 4424,3808 4544,3810 4664,3812 4784,3813 4904,3814 5024,3816 5144,3818 5264,3818 5384,3820 5504,3820 5624,3820 5744,3820"
                         HEIGHT="147"
                         WIDTH="2435"
                         VPOS="3708"
                         HPOS="3327">
                  <String ID="string_region_1637659654529_2243l41"
                          HEIGHT="147"
                          WIDTH="2435"
                          VPOS="3708"
                          HPOS="3327"
                          CONTENT="overcoeumt sal ue seer schoon goet van alle soorten"/>
               </TextLine>
               <TextLine ID="region_1637659654529_2243l42"
                         BASELINE="3318,3924 3439,3922 3561,3920 3683,3920 3804,3920 3926,3920 4048,3922 4169,3922 4291,3924 4413,3927 4535,3930 4656,3932 4778,3935 4900,3938 5021,3942 5143,3944 5265,3948 5386,3950 5508,3952 5630,3954 5752,3956"
                         HEIGHT="151"
                         WIDTH="2469"
                         VPOS="3859"
                         HPOS="3301">
                  <String ID="string_region_1637659654529_2243l42"
                          HEIGHT="151"
                          WIDTH="2469"
                          VPOS="3859"
                          HPOS="3301"
                          CONTENT="laeten sien en ue seer goeden coop gerieven en naer"/>
               </TextLine>
               <TextLine ID="region_1637659654529_2243l43"
                         BASELINE="3332,4044 3387,4044 3443,4044 3499,4044 3554,4044 3610,4044 3666,4044 3721,4042 3777,4042 3833,4042 3889,4040 3944,4040 4000,4040 4056,4040 4111,4040 4167,4040 4223,4040 4278,4042 4334,4042 4390,4044 4446,4046"
                         HEIGHT="150"
                         WIDTH="1149"
                         VPOS="3947"
                         HPOS="3314">
                  <String ID="string_region_1637659654529_2243l43"
                          HEIGHT="150"
                          WIDTH="1149"
                          VPOS="3947"
                          HPOS="3314"
                          CONTENT="groetenisse soo blijve"/>
               </TextLine>
            </TextBlock>
         </PrintSpace>
      </Page>
   </Layout>
</alto>
