6126 4434
2395 61 654 141 Adij2 Augusti 1705

518 59 1381 123 London Jasp van den Bussche

700 198 2348 142 mijnen laesten was aenal 16 pasts die verhope ik het sijnen tijde wel sal sijn geworden

701 294 2316 98 sedert en hebbe geene van ul aengenaeme becomen sich geloove s. mij niets en

698 362 2325 85 heeft geremitteert om de laege wissel, in welcke genalje ul. gelieve op ontfanck

660 411 2364 102 deser aen dh Charles hamaston voor mijn reken. te betaelen veertigh eden

679 472 2354 113 terlincke mits nemende vanden selve quittantie en mij die afte sende

695 541 2310 89 de laeste brienen van costy noteven op s0s 34 ende liefen is order de ƒ33:5

697 603 2275 98 geen pampier door dien  treckets en sijn dan alleen eenen die deswissel

683 672 2272 108 buyten cours en naer sijn sin forceert soo dat et geen occasie en is oin tot

684 717 2312 86 profijt iets te connenlaf geven tot noch toe sende wet denveren dat ul. mis

685 798 2376 94 tot antwoort geliefde te noteren den prijs van de minste soorte van swanch ins

683 832 2373 138 bayen en oock wat de soorte nu vercoght wort als ul. mij voorte den jaer gesonde

665 951 2350 85 heeft tot ƒ53 vant merck ht en t5 tot 358 en van ider eens een monstes

703 980 2316 113 te senden op ul antwoont soude mij d'eere geven et eenige te ordoneren

690 1048 862 118 atwachtende soo Blijve

507 1125 1235 164 London Charses Ramitton

2416 1156 377 151 Adij 2 d

698 1289 2345 154 dat ick aengenaeme van 14 pasto niet eerder hebbe beantwort is uytreden dat gee

688 1386 2369 99 occasie hebbe connen vinden om een appointe als ul. soude remitteren op cost hce

679 1446 2357 107 de rekens court die ul mij gesonden heeft en can met d'accort vinden ech te

675 1525 2241 87 dat en geeft tot de saecke niet ingenalle ul. sich gelieft naer reden ten

687 1575 2332 114 voegen en een eynde van de saecke te maecken ende alle disputten aen deen

678 1653 2366 99 seyde setten want ick mede daer een rgandt van ben. ick sal ul. pr. stot goet dot

693 1747 2326 73 veertigh ponden sterlincke schrijve heden aen mr. Jaspar van den Busche

693 1787 2354 116 hijck die gelieve te betaelen, in gevalle hij mij niet geremitteert heeft gelijck

676 1875 2351 98 niet en dencke mits ul. hem quittantiel ter handt stelle ende dat p stot van

679 1897 2354 122 reken tot dato heden waer opul antwoort sal te gemoet sien de beschaedigh

697 1971 2301 125 bayen sijn noch onder mij maer niet beguaem om te laeten vergven als

690 2077 2335 89 ul melt ende ter confrarie beter om soo witt aenden man te brengen

685 2120 2364 134 en alsoo voor voeder te dienen in gevalle ul. gelieft soo sullen wij dat dae

681 2189 2327 134 laeten en eijndegen en ick verhope dat den heere mj ende ul. bij het toe =

665 2265 2345 122 comende voor diergelycke occasien sal bevaeren ort pretendeert reden te

681 2385 2326 91 hebben van claegen maer ick seeckers en vrij wat meer ick bedancke

689 2442 2288 108 uh voor ul beleefde offres van dienst dese saecke geadisteert sijnde

692 2510 2363 143 en twijffele niet tofe daer can occasie voor vallen om te saemen weders

685 2601 2155 114 als vooren te connen negotieren en soo blijve naer groetenie

2718 2698 147 112 de

2435 2681 165 123 Adj

495 2678 1242 166 Rotterdam Jacques Meijers

699 2829 2342 159 tot antwoort op ul aengenaeme van 27 pasto het gene it de goetheydt heeft mij te

683 2929 2328 100 repliceren en can mij niet baeten en ul can wel sien dat susfuante reden hebbe

663 3025 2364 111 van claeghen want met soo swaere costen en isser present niets aen de goederen te

685 3086 2370 136 accaneeren dat ul mij voordesen alleen ƒ1:12 heeft gebrocht can l ujt ul. rekeningen

700 3154 2354 150 van ons aen wytren geleeft mij den te noteren wat ul. gelieft wat ul. gelieft

700 3232 2348 135 te segghen van mij te hebben ont last opde eerste reken om conforim tegaen

684 3320 2272 111 aengaende de tweede reken. op de 27 packen is seer grooterreu ende

691 3400 2370 112 vraght genden als u2 uyt de ingesloten notit ie sien can voorders ul. brengh

677 3495 2367 111 twee pas poorten daer de pack en alles uyt het se schip in een ende de

684 3556 2301 93 selve beurt in an sijn over geslaegen sijnde op yder 10 packen als die te

684 3648 2365 129 gelijck sijn versonden ƒ5:16 en voor lossen en sleepen ƒ5:10 maeckende

683 3729 2370 158 wederom op die partije saemen ƒ 32:5½ ur. heeft gelieven mij te schrijven

690 3792 2364 178 dat soo veel packen seffens hadde afgelaeden om de oncosten te mendgeren

677 3903 2377 133 versoecke dit naer te sien ende te doen reddresseren en ul sal mij verobli

685 3975 2364 149 =geven als oock met de ingeleyde voor engelandt voorts gand te besorgen

665 4022 613 137 en soo Blijve

2712 4124 166 149 d

2396 4128 200 131 Ady

442 4134 1007 152 Leeds Thomas Peare

667 4258 2233 112 op 26 past. van aen ul: mijnen laesten waerby r. hebbe ges mij

3308 1 2364 114 antentie wegens de geordoneerde geversde laeckens en carseyen dat

3289 100 2430 86 duydelijck confirmere nu ontfange is aengenaeme van 20 pass waer by

3291 172 2386 90 ul adviseert mijne remise van st £ 90 wel te hebbe ontfang ut sendt oock

3299 216 2415 92 de staelen van gene ofde laeckens met advies dat die gesreedt sijn en af

3307 286 2330 92 gescheept ick moete ul segghen dat uyt de staele noor dee te dat het

3288 344 2465 92 wederom de selve qualitydt is als die ick in huys hebbe ende die ick niet

3301 410 2387 88 en can debiteren. ick bidde ul. sulcken soorte aen mij niet af te senden

3291 472 2415 80 want ick beter qualitijdt hebbe gevraeght, ende die gemeyne soorte voor

3296 534 2368 77 mijne rekene niet en begeere, ick hebbe ul dat van post tot post

3292 582 2446 99 sargo te kennen gegeven om de cortijdt een den tijdt ende datt den post

3297 665 2427 95 vertreck soo moete sluyten gelieft toch te letten op de aerseyen datse

3300 709 1871 127 dueghdelijck en goet moeten oock wesen lijve

3145 700 954 242 Brussel f. van den heck

4942 816 611 148 5 Aur 1708

3285 898 2423 270 hebbe in brief van 2 cour. wel ontfangen en ingevolge

3295 1049 2180 193 ue ordre soo hebbe ue op gisteren p beurtschipp

3304 1166 2296 193 gesonden in een panke gemerckt N10 n ses ssijne

3294 1296 2282 204 cortegen van Pilley en eenen sijnen colchener

3281 1413 2369 196 bad beeter coop oft beeter goederen en sal ue in

3302 1598 2448 160 Antwerpen niet vinden. in alles dat ue noodigh

3280 1715 2384 169 heeft gelieft mij maer te commandeeren sal

3307 1820 2401 202 alls doen wat mij moogelijck is om ue calaude ie

3288 1942 1377 162 te hebben ete en soo blijve

5071 2088 86 92 6u

3157 2070 1262 130 Rotterdam Joan vanderheyden

5055 2111 494 145 Adij 6 d 1703

3140 2178 72 96 e

3280 2198 2462 144 hebbe vier ven u. aengenaeme te beantworden als van 15 en 22 juni eenen sonde dato en 3 court

3259 2267 2456 102 in gevolge ds slaesten soo hebbe heden ul trato van ƒ 188:5 aen Th Pedro van diest voldaen het is meij

3275 2353 2450 90 leedt est soo lange in disbourse is geweest ul. heeft mij gelieven sijn dienst te presenteren tot

3285 2410 2440 83 het versonden van mijne laetste packen het is waer hebbe met de schepen soo van London als

3288 2463 2434 88 hult inde dertigh packen gehadt dogh mijne vrienden hadden al voorens de conossementen

3289 2525 2443 87 wederom gesonden aen mijn com ch bacques meyers soo dat daer niet beyten en cost gelieft

3275 2570 2452 93 mij mat occasie eens te noteren oft ul geen witte cottons syt verwachtende ende tot wat prijs

3280 2630 2474 108 al die soude overlaeten p ja op ordenaire conditien doch het soude moeten van d'alderbeste

3287 2695 2459 81 soorte wesen alle blouwe canten van schoone brende ende de alderfjnste tot ul. governe want

3288 2754 2437 85 gemeijne goederen en can uk niet debiteren en hebbe dit jaer geen cortons geordoneert

3276 2804 2428 101 nochte laeten afcomen alsoo noch een redelyck partijekent by mij hebbe echter met het

3289 2862 2409 130 aenstaende wijnter saisoen sal noch wel eenige noodigh hebben naer dat het debiet

3283 2890 1070 125 sal wesen ick groete ul en blijve

3348 2952 188 110 6:

3289 2999 1130 127 gelieft oock eens te noteren den prijs vande

3292 3088 680 111 alder beste witte carseyen

4113 3057 1599 172 ½ ende de dryingeleyde voor engelant voortsganck

4189 3151 466 94 te geven

3128 3208 1482 148 Leeos William et Samuell Cootson

5117 3189 170 164 Adij

5419 3234 151 114 de

3274 3380 2422 118 ie vient de recevoir la chere vre du 10 du passe pr. la quelle ie vois que mes remises

3262 3435 2476 129 vous soiene bien pararenue i'ay pour le present chez moy tants les ballots mais ie n'ay pas

3276 3519 2437 100 encor eu l'occasion d'en ovemer aucune pr. le peu des debite tellement que ie ne peu

3284 3580 2442 90 iusques a present vous rien marquer touchant la calité tant de draps que de carisees

3266 3628 2380 113 et bayes. J'ay rendue les cents presces d Abram Rilley  no 2 et 2. sur vre simple

3146 3653 2563 155 proilvion sans le voir et ce de vray attendre plus de six mois apres mon argent ilest

3272 3757 2468 98 es certain que ie vend beau coup de marchandise pr les ballots sentiers come ie les recoive

3268 3810 2459 102 et que ie n'y profite painet 5 pour cent come vos graces ie vous remette cy incluse

3275 3873 2482 99 £200:C:- du 4 coup vrences sur le cheuab: h. furnesse in London dont il vous plaira

3276 3920 2434 104 den procurer le necessaire et m'en crediter en compte ie vous prie d'achepterrdeux

3281 3990 2468 82 cents presces de carisees d'Abram Relley de la mellieure calité et les plus finnes qu'il y at

3282 4056 2428 92 e trouver et les pacter en quatres ts chacque ballot de cinquante p. et me les

3279 4111 2437 98 en voyer p. la premiere occasion pour Ratterdam ie ne veu d'aultre sorte de carisees

3267 4173 2453 99 que touttes ces deux cents p. de Abram Rilley d'aultre marchandise come bayes et

3260 4211 2307 96 draps ne m'en fault plus iusques a present ie tous recomande de faire faut re

3267 4274 2329 70 possible pour me bien servir et au mellieur marche possible et sur cela ie medir

3266 4321 731 56 attendant vre responce
