5962 4388
679 61 2311 119 commanderen ben van alle soorten van goederen wel

671 103 2386 139 voorsien als aen Dh. ul. soon bekent is principael van

682 201 2393 145 bajen carseyen gheperste en ghemeyn spaensche laeckens

687 308 2358 172 sjn ghekeperde blahellen deventer en dolchester bayen

666 407 2334 163 en soecke niet als d'occasie en deere te mooghen hebben

666 520 2311 142 van ul. calandisse en sal ul. seer goeden coop in alles

666 628 2197 174 dienen sal oock met den eersten superfijne. mode

656 728 2280 192 coleure laeckens hebben mij recomanderende an ul.

670 872 1129 180 goede gratie soo Blijve

421 992 1221 181 mechelen Jacobus Bansills

2182 1003 702 172 Adij 30 sber 1727

654 1106 2208 211 hebbe ul. aenghenaeme van 20 court wel ontfanghen

676 1255 2349 179 ul. vraeght mij staelen van spaensche laeckens die ick uk

668 1367 2262 192 ommoghelijck niet en can senden alsoo daer van te groote

678 1473 2351 249 partije bij mij hebbe van alderhande coleuren en prijssen

666 1601 2423 168 ghelieft ul ny eenighe staeltiens te senden ende te noteeren

630 1703 2471 220 den prijs die ul. ghelieft te betaelen ul. magh seecker wesen

659 1825 2283 213 dat ul. ten wijttersten wel sal bedient worden als oock

662 1956 2291 193 van alle andere goederen bij voorvallen de ooccasien

664 2138 603 162 die Blijve

2174 2279 697 199 Adij 30 N. 1705

442 2266 1190 247 Brussel guilliam t sas

655 2423 2363 215 verhope ul goede retour als mede dat het pack ghemerckt

660 2575 2181 168 6S ul. voorleden voonsdagh met het beurtschip af

694 2697 2344 195 ghelaeden wel sal sijn gheworden hier onder heeft ul

631 2837 2364 190 de facture bedraeghelde p wisselghelde ƒ 480:4:6 waer

676 2984 2401 161 voor mij ghelieft te crediteren en in alle voorvallende

679 3116 2342 178 occasien te commanderen ghelieft mijne goederen eens

653 3241 2350 165 naer te sien teghens die ul. buandere ghecocht heeft

667 3372 2330 178 en twijffele niet oft ul. sal daer goet contentement

660 3508 2415 186 in vinden ul magh seecker wesen dat ul. niemandt

730 3687 212 84 beeter

646 3605 2413 230 te coop als ick en sal dienen hope dat ul. goedt de het

643 3755 2291 209 sal hebben ende dat wij haest het gheluck sullen

672 3898 2279 236 hebben ul. is wederom hier over tesien sijnde

671 4078 1051 212 altijdts tot ul. Dienst

5270 51 210 100 mo

3121 33 1545 217 halle nicolaes van den Berghe

4973 45 747 212 Adij 8abbert

3331 178 2482 151 ick hebbe ul. brieven alle wel ontfanghen en hadde verwacht

3334 319 2495 112 het gheluck te hebben van hoft l huysvrauw hier over tesiend

3338 401 2441 110 dogh nu sien contragie door ul. aenghenaeme van 27 past

3346 467 2439 156 dat sij gheresolveert is maer eerst mer te comen als de leghers

3357 561 2460 171 vnt campagne sullen wesen soo dat u l bij provisie dan

3344 668 2355 161 heden met het beurtschip op Brussel sende een grijs

3335 749 2474 183 laecken ust op ul. stael ghelijck ul. van mij naeh ghehadt

3356 865 2443 175 heeft met vijfcoleure carselsen in een palke ghemerckt

3341 967 2474 172 N.D.B. gheadresseert aen Th: grimberghe inde stotten

3350 1053 2455 199 halle dat verhope ul. wel tot contentement salgheoon

3364 1190 2453 161 den daer is bij een carseye precies gheverft op ul staeltien

3354 1275 2299 186 dogh den bay en is niet wel virtghevallen soo dat

3332 1433 2481 197 ghenoodtsaecht ben ghewelsteenen anderen te geven

3320 1520 2497 192 die ul niet voorde naeste weecke en can senden alle

3358 1618 2427 164 soorten van goederen sijn seer goeden coop hebbe de

3345 1738 2413 190 sehoonste gheperste en spaensche die men saude

3339 1855 2478 169 connen wenschen en alle andere goederen naer ade

3349 1961 2481 178 venant sal een goedt stuck witt roodt en coste frisaert

3357 2073 2435 229 appaert houden en verwachten het ghelueste van

3349 2200 2475 261 Joff ul Beminde hier over tesien ende Blijve

3099 2382 2019 225 Mecssech Hendrck Cornelis fajdherbe 3 sber 1723

4951 2511 75 97 mo

3333 2471 2419 241 mijn voeder heeft mij ue twee brieve van p en gisteren aen hem

3335 2631 2469 181 geschreve ter hant gestelt ende dien volgens soo sende ue op moge

3344 2721 2438 174 met vroesht waegens de baeyen die ue ordonnest in een paxke

3342 2836 2429 177 gemerckt LC:5 bedraegende in wisselgelde te saemen ƒ130 waer

3330 2939 2479 189 voor mij gelieft te crediteren soude ue die heden naer meddagh wel

3331 3046 2482 156 hebbe connen sende maer het is beter morgens met de vroegh waege

3314 3167 2500 140 voor de partyen die tegens den avont den wegh loope ick en tweftele

3309 3257 2498 205 niel of die sullen ue morgen middagh wel en tot contente mert ge

3336 3386 2482 194 worden alle sorte van goederen sijn tegenwoordigh ser goeden oop

3310 3523 2514 159 en ben van alles sier wel voorsien tot u dinste hebbe oock seer

3344 3602 2455 196 euricuse wette fijne gettropte gekeperde flanellen om slaeblyne

3323 3724 2519 140 te maeske daer ick ue can dinst doen bidde mij maer te commen

3315 3832 2504 196 doren sal ue seer goden coop en wel altijdts trachten te daenen en

3331 3934 384 140 soo blijve
