6133 4461
704 79 2394 157 en hebbe sortiment in abondantie van alle soorten van

589 174 2324 231 goederen soo als ue gesien heeft tot ue dienste. het

690 292 2395 189 versochte af waghtende soo blijve naer groetenisse

2005 385 974 181 Ady 15 gber 1709

498 420 682 167 er  torts

675 503 2399 185 ick hebbe den brief van 25 sber door ue huys vrouwe

666 637 2403 145 geschreven wel ontfangen ende tot antwoort dient

660 752 2380 149 dat mij dunckt als men over het jaer patientie heeft

680 881 2332 165 dat het dan immers lanck genoogh is. niettemin

682 1021 2425 123 ick en wille ue nochte niemant van mijne calante

660 1123 2285 171 lastigh vallen, maer ten minsten sendt mij iets

674 1221 2364 157 op rekeninge ist dat ue niet altemael seffens en

656 1347 2409 172 can betaelen heeft ue oock eenigh sortiment van

671 1468 2348 173 goederen van doen ue en moet het daerom nmet

605 1516 2518 234 laeten ick verseekere ue dat van alderhande goederen

657 1636 2464 211 in abondantie voorsien ben ende dat ick ue altijdts goeden

686 1768 2432 180 coop en eerlijck sal bedienen waer op mooght geniet

692 1875 1092 158 wesen ende dat ick ben

2159 1980 458 124 17 sber 1702

517 1976 1051 154 halle Ricolas van den Berge

694 1998 2426 224 Ick hebbe met droetheyt verstaen uyt ue aengenaeme van 3 deser dat de

691 2162 2422 124 borghers met het gernisoen te moeten logeren soo overlast syn ende

695 2249 2348 142 dat sulckx aen de neringe gpoote schaede sal doen het is voor waer

677 2299 2422 209 eenen ellendighen tijt daer men met den wis ter nochte wat inmeert

688 2407 2378 169 soude wesen en noch wat connen debiteren alles soo gedertrueert

689 2488 2430 157 wort, wij moeten met den willen desteeren te weder sijn tot dat he

657 2600 2418 149 den goeden godt ons gelieft eenen vreden sy te verlienen want rond

673 2648 2459 183 dat en sun niet dat de lijden connen beteren soo sijnde en verwact

682 2797 2435 112 dat niet dat ue oft i ue bemende soo haest sal overcomen gelijck k

676 2910 2390 103 verhoopt hadde niet te min als d'occasie presenteert mijn huys is

667 2969 2432 142 eens voor al tot de famillie dinste en twijffele niet oft het laeste

677 3074 2400 148 paxke sal ue voor nu wel wesen ter hant gecomen ende dat ue de

666 3163 2428 170 goederen naer ue contentement sal hebbe gevonden hier ingesloten

682 3286 2463 134 heeft ue het factuerseen daer resteert noch den swerten bay met den appt

667 3366 2399 164 blysel frisaert geleeft ue die noch gesondern te hebben ue en teeft

664 3443 2463 147 mij maer te commandere als oock in alles daer capabel benue diens

666 3575 2479 121 te doen ick en sal int toecoemende ue geen penneson maer sende

689 3662 2447 115 en geen baeyen. maer doen verven hooge als  47 a  50 wenste

685 3753 2367 140 nul van te vooren hadde geweten maer het schrijven van desen soo

673 3845 2406 114 becomen aen stonts ue aengenaemen van gisteren ick verhoope dat

641 3910 2479 162 het met den tyt beteer sal uyt vallen met het gaenisoen als ue ick gelieft

666 4004 2458 134 te magineeren ende dat het noch al wat consomptee sal bj bren

679 4095 2397 170 geals alles sal geregeleet wese soude ue eerder het factuerter

667 4175 2473 147 hebben gesonde maer we hebbe al wat droofheyt gehadt met h

683 4266 2425 130 afstenel van ons outste dochterken soo dat ue mij daer in gelaeft

3292 97 2499 116 te excsseren ick toe groete ue en s ue beminde nedens ue

3282 148 2155 210 famillie gelijck oock mij ne toysvrouwe is doende

3194 289 651 161 Brussel C: Zegerns

4722 315 402 134 19 sber 1706

3307 331 2466 209 Iak verhoepe ue goetre tous ende dat de goederen by mj gecocht ue wel en

3307 473 2501 118 naer contentement sullen wisen terhant gecoemen hier onder het factuer

3285 570 2482 117 ken bedraegende wis: g ƒ 736:19 waer voor mij belieft te crediteren het

3300 686 2495 125 paxke is gemerckt a l'ordinaire Cs gelieft ue oft jo vanderborcht

3305 737 2502 126 eenige van die carseyen weest verseckert dat ue noyt beter nochte betee

3306 833 2508 118 coop gecocht en heeft voorders dat ick ue in alle soo uwiel be

3320 933 2539 149 dienen alst ue wel gelieft te considereren dat ue bij niemant tot de

3285 1032 2561 190 sulcke prijsen grieft en wort waerin noyt en sal marckeren in

3312 1167 2425 104 alls datter van ue dienst magh voor vallen wensthe ue ne vens

3282 1216 2547 189 & ue beninde en famillie continuatie van gesontheyt en voors port

3290 1371 1025 157 en blijve in elle occasien

4436 1388 539 212 19 sber 1703

3223 1457 736 181 Mechulen Betram

3310 1550 2494 188 Ick verhope ue goet retour ingesloten soo sende ue de versoech

3303 1691 2454 133 ect court waer bij n tolde comt ingereckent de assigatie die ue

3291 1799 2431 93 mij ter hant heeft gestelt op den boede coulemens van £88

3299 1898 2479 109 wissl £1121512 voorders de facere van de 2 parkkens

3314 1986 2482 148 bedrae ende samen ƒ 1653:14 ¼ die op neue rect sa stelle

3304 2040 2551 144 ick en twijfele niet oft ue sal velle genoegen bj mijne

3296 2141 2502 190 goederen vinden want in sincerit t het is onmoogelijck dot

3282 2286 2428 91 uemant inde werelt beeter oft beter coop aen bedienen

3291 2275 2566 217 te commandere miy in ue goede genegenth voor het gene

3291 2453 2544 136 voorden van ue dinst magh voor vallen en sal in alle occa

3274 2541 2528 128 sien ue soo wel trachten te bedienen il oft gij hier present

3289 2654 2508 109 waere groete ue van herte benevens  ue moeder en blijve als

3292 2708 1088 168 aen s sheel de famillie

4705 2812 554 163 20 gber 1709

3215 2803 1187 156 Brussel Joanies Beckmans

3276 2908 2582 159 en tweijfele niet oft den mijnen van  deser is ue wel geworde

3290 2999 2489 150 den achtervolgens oock het goet dat ue hebbe gesonden sedert

3278 3046 2550 156 hebbe ontfange ue aengenaeme vanden selve dato conform dien soo

3276 3153 2539 157 senden ue heden met het beurtschip de 3 laeckens dae ue

3283 3223 2489 163 heeft hier onder de facture bedraegende wisselge ƒ 419:15 ½ waer

3299 3323 2521 124 voor mij gelieft met het qvoorgaende briefkens te maecke en mij toe

3293 3394 2562 118 te sende hadde ue die 3 p niet uyt ge soude het gheel pack

3290 3484 2518 102 soo gesloten vercocht hebbe want schonder couleuren nochte

3285 3565 2537 151 sehonde goet voor sijnen prijs en hebbe ick noyt gehadt en twijfele

3278 3677 2502 133 niet eens oft sullen ue volle contentement geven ue verseckerende

3298 3729 2489 135 dat in alle occasien ue wel en getrouw sal vedienen en gelieft

3273 3812 2527 174 niet naer te laeten mij briefkens te sende ue van herte groetende

3279 3900 458 131 soo blijve

3149 3939 1036 187 Behain charles Bournous

4805 3928 903 228 Adij 20 gber 1702

3261 4095 2423 169 i'ay bien receu la vre du 23 du passé. il ne fault pas

3251 4211 2506 159 que faistiez d'excuze qu'avez dilayee a me satisfaire. je scay

3266 4327 2448 80 bren que lon at ets sortinguiet is vos quartiert pendent
