6269 4449
902 0 2252 162 pourrions bien esperer d'avoir occasion ou convoy pour

884 108 2243 128 otter dam iay de remise que ie vous envoyeray ps ma

892 140 1520 160 prochaine ie vous salue et suiz

712 197 1936 192 voortsgegaen onder couvert van Pedro BBaut

2564 331 648 162 adj 22 Jan 1u 1709

757 245 1318 267 Bruselen S. Awillion

881 482 2332 106 en suitte a l honnecur de la vres du 20 court ie vous ay envue

874 572 2351 78 ce matin pr chariot de malinnes la marchandise qque

870 645 2358 83 manes ortsonne dans en perit pacquet marque B que

882 697 2287 116 j'espeze vous parvierora ien et a contentement

871 754 2361 136 auipied de cette la facture portant de change ƒ169:165

852 796 2298 123 pour que lle somme il vous plaira me crediter. ie ne

866 900 2329 107 doubte poinct on vous m'ordonerez d'avantage de

874 946 2313 129 les eariseesrouger et bleu qui sont a vre service si

857 1008 2352 137 bren que de blan ches et sayes et tout aultre sortiment

852 1071 1880 186 de drape dont ie suis bien fourni ie suis

2805 1103 224 131 do

836 1157 2055 185 hendt Bapt. de Sadelaer ady 22

865 1243 2243 146 hebbe te aengenaeme van aen 21 cour wo ontfangen

854 1330 2360 150 doch niet eerder geantwoort om dat de verstette quaer

876 1431 2299 117 ten laeckens niet geraet saem hebbe gevonden af te

873 1459 2294 164 senden door het dan gereve parteren van de schalde

866 1542 2278 130 met den ysganck doch mits dat sien dat ue die can

866 1615 2291 147 vercoopen ende daer toe occasie heeft soo sal die

871 1673 2181 137 morgen traghten met de waegenste sanden

872 1784 2342 119 sal ul verdetantwoorden ende edeiseren blyvende

854 1842 566 144 in aeste

2806 1877 124 131 e

2491 1833 224 195 Ady

843 1897 1529 214 echeien henrij osogne

884 1995 2333 177 tot antwoort op ue aengenaeme van heden hebbe e P Bonn

881 2116 2290 105 en 50 pr. &oode carsentn in engelandt gencort doch die

882 2182 2296 124 staen noch geoackt soo dat tue ommtgelijck geen staelen

864 2240 2334 140 en can sonden de blouwe sungeperst als te versoeckten

874 2303 2312 113 van het selve coulen brugensthoune gelijck de laeckens

873 2353 2331 137 die vee gesonden hebbe de alder mensten prijs is ƒ 28:10½

854 2412 2341 129 nsselg can ue daer mede dien st doen gelieft te comman

869 2497 2343 134 dever  en hebbe geen geverf de  Lofwe maeckens van

851 2525 2177 207 mindere prijssen al 451 p la groete reden blijve

997 2676 51 64 d

2446 2626 539 154 ady 24 ditto

694 2634 1416 241 mendt  Bapt sadelaer

2437 2730 87 88 6

864 2799 2366 159 soo als ue op 22 court hebbe ges soo hebbe ue gisteren een sortimentie

881 2844 2329 156 aenerf de laeckens toegesonden in een pasxhe gemerckt Im

882 2902 2330 170 voer man laurejs van dam de waegens sijn over dermonderres

874 3010 2315 109 laet vertrocken en verhoepen morgen voormiddagh costij te

873 3092 2347 120 arriveren tot ve noverno gelieft mij het ontfange te adfiseren

864 3120 2355 139 en twijffele niet fie sal dat palrtjcken haest connen de bitere

878 3191 2358 110 want het sun goede prjssen en seer schoon goet aenden voet dese

874 3259 2220 96 denotitie van de lenghde en prijssen gelieft relectie te

866 3336 2355 100 nemen van te vercoopen op stntweesschamayte soo uls dieop

867 3368 2368 121 de laeckens genoteert staet voorders den tedt soo cort te bedingen

876 3448 2325 102 als moogelijck is. soo haert ue die vercoght heeft en occasie voor

873 3485 2338 121 meer dere partije hebbende versoecke smijte adviseren en sal

875 3562 2348 104 ve door gaens genoech saem connen hournieren in gehalle

891 3616 2328 100 ue een igh sortiment van en gelsche goederen gnaeme te mane

863 3666 2356 128 =queren met desen aen houdende vorsten toetwaeter ben van

872 3710 2365 156 alle soorten genoechsaem voorsien sor ue die nste en sal in

870 3782 2270 136 alle occasien het gene ve soude connen noodigh hebben

856 3815 2047 185 op seer caniele conditie over laeten en soo blijve

874 3918 1994 147 ½ swert syn drap de dam. n°226 a 28156 a ƒƒ14:-

1879 3962 523 117 „220: a28

882 4002 338 102 ½ ditto

885 4008 2036 173 fijn swertmans laecken. n. 8- „ a 98½ a ƒ 14:6

1893 4124 969 135 „ 4: a 58 a 102a313:-

880 4158 267 115 ditto

2364 4210 107 114 9

867 4189 1514 149 1 ditto bloune --„ 5- a 50

4134 62 173 84 uel

5211 88 658 145 ady 23 Januar 1709

3284 92 1548 176 Mechelen Jewed. Bretret

4936 128 256 123 8

3435 222 2294 93 th ve soon heeft mij op 18 cour geordoneert aen ue te senden twee

3435 290 2419 95 carseyen een bloue en een peirle con leur die niet twijffele ofte

3420 354 2429 90 ue sal de selve wel hebben ontfange wat aengaet het carmostyn

3442 417 2409 77 zeydts laechen dat ue vijt gecotse heeft ende gelet gelieft voor te

3417 464 2464 111 heden hebbe de libertjdt gebruyckt we heden met de waegens afted

3411 508 2451 108 senden verhoepende het selve ve desen middagh eet sal ter hagdr

3409 583 2480 120 copimen en naer ve contentement wesen soo voor de qnalitijdt de

3409 629 2393 131 als het schoon couteur van de verfve. moete ve segghen dat die

3407 709 2402 108 hollantsche laeckens maer in commissie en vercoope ende de

3417 734 2442 139 mijne niet en nen oversule dat aen den prirs niets andert doen

3413 801 2341 124 en can als ue hebbe genoteert op het alder minste ue can

3404 906 2368 71 oock wet een stdereven geaert saecken dat ick ordre hadde

3395 866 2503 159 om minder te moogen laeten dat het selfde voor mijne calanteyd

3409 983 2458 114 doen soude voorder omdat ue in alle occnsten geerne dienst doen

3414 1025 2364 131 ende denckende oft ue daer bj vertegen waere soo en hebbe

3401 1064 2453 161 niet willen naer laeten het telyde af te senden enen neel als het

3402 1166 2351 97 niet naer ue conten tement soude nesen hebbe liever het

3415 1213 2412 106 selfde weder te nemen nochtans en twijffele niet oft ue sal

3426 1280 2297 65 iet ander oock ont breden want de laecktens sijn seer schoon

3431 1347 2467 85 dene rft en delight saem goet en goeden coop. in alles dat ul can u

3409 1355 2342 141 hoodigh hebben bidde mij maes te commanderen hebbe seer

3411 1434 2374 126 schoone goederen en ben van alle oorten ten vyttersten wel

3408 1497 1770 131 voorsien tot ue dienste groete ve en Blijve

4283 1552 110 84 a

5075 1583 561 154 adij 24 ditto

3273 1578 1394 212 Mecheten N:C. Hessberle

3400 1699 2355 122 tot antwoort op ve aengenaerde van 23 court het is mij heedt dat ue

3418 1795 2444 109 verkeerde staelen gesonden hebbe, echter daer en is niet aengelegen ue

3400 1863 2441 106 heeft nit even wel de staeltien van die gemeyn laeckens gens gesien

3403 1911 2450 97 ende als de occasie presenteert soo can ue daer van ontoreden, inges

3415 1976 2461 82 loten soo sende ue nu staelen van fijne car mosyne met de aldernaes

3403 2030 2447 67 ten prijs die niet twijffele oft sullen ue wel agreeren ende ve sal

3406 2071 2393 98 daer eenige van ons hedent voorts hebbe alderhande sortiment

3407 2125 2438 94 van mode con leure en gelsche laecken dosnnen van 38 st noortsche

3405 2187 2486 70 van 42. aeperste van 15 a 48 st Ispaensche van ƒ3:- tot ƒ7:4 de super fijne e

3399 2229 2412 104 deventer bayen van alder hande prijssen oock flanclten gemeynedent

3394 2290 2470 72 sijne gecrunste alle soorten van witte en qveerfde car seven en tayen

3392 2327 2468 125 tot yelve ienste. in alles dat de noodigh heeft gelieft meter liberlijck

3402 2390 1143 113 te commanderen die Blijve

3319 2432 1764 200 Rotterdam Jacoques Meyers 24 ditto

3403 2511 2435 201 hebbe gesien uyt ue missve aen jout de wed D Broeckmans het

3347 2642 2514 186 noeval aen ma tante ue benande overcoemen dat mij endighe

3419 2714 2407 178 heele fargillie seer ter hente gaet het is ongetwijfelt dat het

3408 2820 2433 190 perjckel groot te maeckenik als ue gelieft te elden vermits

3418 2934 2462 161 men noorsaeckelijck geoordeelt heeft haer te admenistreren ende te

3421 3039 2465 145 bewaeren doch het gelijck dat godt heeft gelieve te verlienen van

3280 3112 2607 172 haer te laeten verlossen doet ons hoepe dat wij tegens morgen

3411 3234 2459 167 avont met de brieve uyt noorts halant favoiabelder tdingk

3399 3314 2413 191 sullen connen vernemen ende dat door dien middel

3407 3415 2445 191 verlichtinge sal wesen voor gecoemen het eanighste daer

3412 3511 2466 175 wiy mede helpen connen is ons te keeren tot den alnoegende

3408 3620 2445 157 aen onre wij niet naerlaeten onse geaeden te stieren ten

3398 3702 2450 181 eymede sijne almoegende berinhertighey seleve nederwaert

3409 3802 2390 196 te sien ende ue beminde te spaeren tot ue troost ende bij

3393 3967 2044 176 stant van ue lieve en derkens blijve van herte
