6264 4467
842 27 2340 217 en den ben 2e d bbrt aƒ 2 aen

863 165 2304 187 aenboort Gillis Brouwer tot een preuve  om te sien

835 264 2332 200 oft de ongosten minder commen als over Rotterd. mits

834 365 2316 199 het Londons convoy inde maese salvo is, soo en twijffele

832 477 2323 214 niet oft d' schipper is mede over commen en met godts

845 596 2332 203 gratie geluckigh gearriveert dat versoecke my eensen

857 709 2270 179 antwoort te noteren ende sal daer op p naesten de

859 815 2269 227 notitie van den in houdt senden de vier packen sijn

852 957 2287 179 gemerckt Mn°14:15:1617 afwachtende soo blijve naer

847 1094 2322 169 cordiaele groetennisse en met ins gelijckx presentatie

844 1204 1280 224 mijn denst In alle occasie

811 1333 2332 238 DjuggheL van Coppenolle adij 29 mey 1709

853 1454 2276 205 ve aengenaeme van 25 en 28 cour hebbe wel ontfang het

846 1589 2292 194 convoij is Godt danck in de maese wel geariveert ende daer by

855 1695 2332 222 sijn de packen die ick meynde dat over ostende versonden

842 1847 2271 157 waeren soo datter maer twee a costy moeten wesen als

840 1938 2345 219 M N°7 uyt Andred leir dat ue onsdecht heeft en 24 n°5 uyt

855 2081 2251 150 Luis parker dat ue mede sal vinden de declaratie enden

850 2182 2250 200 in hout van de selve hebbe ue immers gesonden. met het

854 2301 2325 175 versonden van de boven gemelde packen gelieft daer in te

852 2423 2326 217 doen gelijck als andere vrienden hunne goederen ordonneren

853 2546 2206 170 de oncosten p bargie en van Ghendt p waegens sijn te

850 2658 2263 177 eoxcesief ia soodanigh dat de langhst hollandt minder

826 2783 2307 167 commen ick en twijffele niet oft de Brughsche vaerte

866 2898 2096 217 is vrij en begrepen inde contributie oft wel dat de

858 3019 2260 173 bin landers met pas port vaeren soo datter dan geen

854 3142 2136 211 perijckel can wesen. gelieft te doen als voor eijeten

849 3289 2344 134 en naer geraeden sult vinden en en gevalle de de packen

852 3395 2337 187 p binlanders sult afsenden den gisico te verdeelen intwee

838 3517 2313 149 schepen in ider schip maer een pack ick en can niet

860 3604 2337 190 aen nemen dat andere vrienden hande goederen mer de

849 3784 2236 168 bargie laeten af commen waer over eens ue advies

836 3889 2341 199 versoecke. het is seecker dat de koute overostende seer

855 4008 2323 215 schaedelijck is en traegh want de goederen die nu naer

857 4124 2306 198 dat um tot Rotterd gearriveert wesen sijn op alhier

853 4289 2222 107 al af gescheept en waghte die morgen oft aer

3408 7 2475 174 ene so  cllier dinder men dier cuieie

3417 152 1964 155 beter staet van maelken groete een Blijve

4921 261 771 170 ady 29 meer 1709

3252 220 1195 227 Mechelen h: bodogne

3415 329 2406 252 ue heeft nt betoecft niet alleen met velaeste brief maer

3392 485 2478 170 oock door gaens inde maende van meij te sullen remitteren

3394 576 2469 213 hebbe te insgeljcksx het selfde instantelijck met mijn voorsse

3389 697 2484 175 versocht alsoo groote remises in Engelandt moet doen, en

3393 826 2425 177 des niet tegenstaende en verneme niets op soo een manier

3405 908 2478 155 en can men in negotie geen staedt maecken. hadde ue be

3376 1027 2507 205 mij briefkens willen accessteren gelijck ue aen andere

3392 1090 2487 209 doet dan en soude ick ve niet moeten noegelijck vallen

3391 1214 2400 187 ende die can ick dan vernegotieren benoodt sijnde. ick

3374 1346 2321 181 wille alles doen wat imant nde werelt can doen

3370 1433 2429 181 om vrienden dienst te doen maer men moet echter

3373 1563 2450 154 eenigh staedt connen maecken nu vonde ick mij ten

3382 1666 2403 195 hooghsten verlegen daer om bedde ue niette willen naer

3390 1786 2446 178 laeten aen ue beelofren te voldoen waer op ick mij sal

3375 1909 2391 166 verlaeten en in alle occasien daer ick ue can dienen

3363 2016 2500 210 gelieft maer liber te commanderen hebbe, partijen

3355 2138 2522 222 en schoon sortiment van alderhande goederen groete

3376 2273 2011 152 ete van herten en afwachtende soo Blijve

3259 2395 887 180 London L. de Dorpere

4709 2378 898 222 Ady 30 mey 1309

3380 2535 2498 193 mijnen laesten is 20 cour. sedert ben noch al sonder eenige

3387 2655 2386 152 van ue aengenaeme verhoepe echter p eerstente vernemen

3374 2754 2436 194 dat mijne remises als van ste £200 en £100 ue wel sullen

3373 2882 2400 184 sijn ter handt gecoemen. de schepen op Rotterdam sijn nu

3368 2972 2389 196 mede Godt danck salvo soo dat de twee packen on 8 en 9

3392 3117 2438 216 eeusten te gemoet sien. ue gelieve nu voor my in te coopen

3395 3194 2346 195 ut voor de sen gemett 44 spaensene laekens te assorteeren

3361 3328 2368 192 in 3 packen 2 packen sider van 16 ps van 5:6 tot ƒ:6:-

3414 3493 2356 146 6:6 niet excederende en een pack van 12 ƒ van 38

3401 3535 2357 207 Sq niet excederende de ƒ10 ƒ3 halve witte cottons tot

3390 3675 2365 207 lerdulure. daer en is niets dat presseert ue can dat met

3353 3775 2498 201 commoditeyt doen geet mijn intfrest opt beste moogeljck waer nemee

3382 3921 2445 159 in voor de qualiseijdt als de aldernieuwste moede couleuren

3519 4002 2186 191 ider te becoemen wesen. de sichte couleuren sonder

3401 4147 2318 128 nengelinge en worden niet meer gevraght tot ue governo

3279 4258 2484 111 dien couleuren die wel gemengelt sijn worden sterck gesoght
