6225 4452
2223 61 662 149 5 September 1709

643 75 1061 176 Brussel weduwe vander Borcht

791 184 2128 157 verhoepe Mons ue sone en off ue dochter gelaetighlijck sullen

763 258 2198 188 sijn geretourneert. ick hebbe engevolge hiunne ordre het goet bij

797 368 2241 110 mit gecocht op helft gisteren in 2 packe gemerck N:B. schep

775 444 2111 140 gedaen en in den gront doen stauven wensche ue het selve

688 517 2180 193 wemagh ter hant comme niet eens twijfelende oft sal alles

781 627 2142 133 naer ue valle contentement wesen want het is seer scon

770 662 2233 233 goet en soo goeden coop p als mijn leven aen iemant oyt

786 763 2331 179 overcocht hebbe ingesloten de facture bedraegende wisselgelle

753 855 2324 219 ƒ 1847118½ waer voor mij gelieft te crediteren, en in alle voor

761 972 2290 181 vallende occasien te commanderen wensche ue econtheyt

789 1051 2290 196 en aen de famillie dat wij lange jaeren in winschap moen

772 1187 949 174 orderhouden sijnde altijt

2025 1264 638 196 5 september 1703

615 1294 924 182 Brussel Joannes Raegens

752 1367 2204 157 verhoepe ue goet retour en oock vande vrinde doch het is my leet

788 1475 2287 162 dat ue soo gepresseert is geweest om te vertrecke ick en hadde nul

774 1586 2219 148 eens gedacht oft ue soude noch hier gebleven hebbe en naer

787 1653 2132 207 gecomen want hebbe sanderdagh den enicht noch gesonde

782 1759 2230 151 hebbe gisteren  het goet schep gedaen ende enden gront wel

779 1837 2217 206 doen bestouwen soo dat verhoope het pack gemerckt L£1 ue

776 1944 2283 195 wel sal geworden ingesloten de facture bedraegende ƒ 988:14

775 2037 2212 160 wisselgelde waer voor mij geleft te crediteren en die van mons

665 2131 2343 162 lindeseen aen hem ter hant te stillen weest versoekert dat ue sijn

781 2232 2318 172 leven noyt beter goop gecocht en heeft waer aen niet en sal manckens

778 2326 2348 177 in alle voor vallende occasien datter iet van ue dans t ean wetc

782 2470 552 140 allies en blijve

2022 2508 297 145 5 sber

615 2522 806 176 Brussel Nicolas dous dan

765 2556 2311 224 hebbe al verwacht dat ue mij het wissels geaccepteert soude hebbe toege

766 2690 2339 159 sonden iet en twijfelen niet oft mijnen laesten brieff. ue sal wel sijn ter

777 2792 2337 149 hant gecomen soo niet geliuft maer de goetheste hebbe van het brefken

771 2887 2292 184 selfs te maecken en toe te senden en ue sal my verobligeren alseo

783 2966 2375 157 ick van ue dienste voorvalt ue magh seekerwefen dat ue uem

766 3093 1307 141 beter coop sal bedieren als die blijve

2000 3145 343 140 5 sber 1709

598 3178 845 146 Londen Livinus de dorpere

779 3258 2330 129 Ick en twijfele niet oft den mijnen van 17 passato sal ue wel sijn geworden waer bij

771 3356 2351 110 ue geordonneert hebbe te trecke in amsterdam te betaelen op uors £200 in spiculatie

791 3427 2323 92 van daer biy iets te connen profiteren sedert hebbe ontfange ue aengenaeme 2 augustij

766 3481 2329 77 niet feckere en staelen van 2 packe spaensche laeckens  N11 en 12 die godt lofwel

787 3540 2248 99 hebbe becomen de disavontagie van wissel soo op costij als hollant bljff continueren

784 3623 2294 119 ende onder 33.9 genebrieve te become soo dat ue het restant op mij gelieft te trecke

768 3723 2351 79 van gene ue in disbourse is op sight niet twijfelende offt sult st salctte met avantaye

770 3794 2351 88 connen doen want met de te brieve hebbe remises gesien tot N 389 van costij t

789 3845 2282 128 aftreck dergeaenen  halant forceren den cours op amsterdam en naer de borsse va

783 3891 2351 142 amsterdam reguleren hinr al de wissels in gevalle de colchester bayen iets tot avantage

789 3953 2226 137 voorvalt soo recommanderen dien aen geeade mijn entrest avaer te nemen gelijck

772 4033 2380 128 met mijnen vor gaende hebbe versocht hu gat het met alle negotie hoe langer

773 4106 2335 118 et soo met een aenstaende vreden daer naer te wencke is geen beternisse voor comt soo

769 4199 2342 94 sijn dese lande tostack onderen en gereuneert de vriende van engollant en hollant sjn

760 4216 2401 123 hier present en loopen het lant af en smijden een ider een den loefs ict poete ue n hert

741 4304 2313 72 en blijve voorts gegaen onder coveert van ooffwan de wede rocmrs

4685 78 437 127 6 sber 1707

3240 67 811 153 hallisfax thomas martion

3331 142 2440 159 Jay receu la chere vre du ½ du jullet en son timps par on me donnre

3353 235 2408 147 faittez offnie de service et me donners a connoistre & me pourue srver

3348 344 2436 111 meur marche q les amios de leeds lavantagie est toujours chag

3355 404 2443 138 et agreable et jon souhaitte bien a prindre l'epreuve a condition

3360 478 2474 193 q vs serez obliger a faire lassurance et q je vs remettere la valeure

3344 558 2364 176 lorsque les ballots seront arrives icy et cela pr cette fois si cette

3358 618 2460 190 condition is conviinnent vs me pouvoit a prete et envoy e 2 balet

3367 740 2450 149 du bayes charque de to sce en tout so pies ce de  48 a 80

3360 849 2376 160 pas moins ausssij 2 ballots de carisees de 50  en tout 100

5411 945 54 56 p

3361 935 2446 159 drisce de 36 a 38t pt le premies convoij de hull & rotterdan

3326 1032 2496 186 mais je vs dit quil faut de la meillieur qualité autrement il rese

3339 1121 2402 151 terez pr vre conte je ne pue vs escrire en anglois et je ne

3335 1198 2487 193 doute pas ou vs aurois de vos amis qui vs pournt faire entnds

3337 1355 2100 111 cette la mienne en en att enttendant vre reponce

3273 1430 2540 190 N ick hebbe ue aengenaeme van 4iliu wel ontfangen

3317 1575 2493 196 het sijnen tijde waer bij ue my syn dienst presenteert

3322 1683 2382 167 en te kennen geeft dat mij beeter coop cont bedienen

3329 1851 2314 131 als de vrinden van leeds. den intrest gaet voor al

3313 1938 2464 194 en soekee wel de ondervindinge te probeeren op conditie

3314 2043 2501 217 dat ue soude verobligeert wesen voor d'asseurantie te

3315 2188 2273 160 laveeren en in te staen ende dat ick ue de weerde

3317 2300 2481 197 oft het import soude remitteeren als de goederen aen

3315 2391 2334 237 dese side sullen sijn ende dat voor dese rijse om

3309 2531 2392 197 kenisse te maeken. ist dat ue met dese conditie

3309 2649 2336 204 te vreden is soo magh ue nu afsenden met het

3305 2809 2454 154 eerst hulsck convoij voor Rotterdam 2 packen bayen

3310 2917 2428 179 van P 48 a 50 ider van 40 p te saemen

3321 3004 2282 217 80 P. oock 2 packen carseyen ider van 50

3301 3144 2411 221 te saemen 106 p van 36 a ƒ 38 st doch het moet

3293 3308 2303 188 van goede soorte wesen oft soudde die voor ue

3317 3375 2482 252 rekninge a bandonneeren: ick en cant int Engelsch

3308 3506 2366 217 niet antwoorden dogh en twjfele niet oft ue sal

3298 3639 2308 201 vrinden hebben die ue desen mijnen brieft sullen

3314 3761 2322 161 connen expliceeren afwaghtende thier op ue

3310 3862 1228 172 antwoort soo blijve

3567 3995 2105 213 onder couvert van de wed. Broeckmans
