6180 4440
2126 94 434 136 13 sber 1708

566 105 893 146 Brussel de weduwe alcais

795 221 2284 152 sien bij ue aengenaeme van 15 court dat ue mij ordonneert het riste op

797 306 2296 124 ue te trecke, het geene met d'eerste occasie sal doen blijve ue danck

793 398 2350 146 baer voor iu promte betaelinge met het afgaende saisoen soo en twjsele

781 493 2316 145 niet oft ue sal al eenige goederen noodigh hebbe en al eens over

793 615 2221 162 coemen als wanneer versoecke mij d'een gelieft aen te doen

794 691 2166 162 van bij mij naer te coemen ende iets noodigh hebbende mij

800 790 2158 182 maer te schrijve sal ue altijdts soo wel dienen oft ue hier

789 945 2132 152 present waere ue magh seeker wesen datter nmemant in

802 1035 2111 129 antwerpen is die soo groote oft soo schoone soortiment van

809 1086 2228 223 assten a ast als ick me venoch gearreveert soo van alle

795 1260 2310 166 soorte van bayen carsejen deventer baeyen colchester bay

773 1369 2298 142 spaensohe nieuwe moede couleure soo suver sijne als gemeyne

775 1513 2272 145 geperste laecken noortse en dosjen alle soorte van utse

781 1608 2384 119 en geverfde engelsche quaerten oock gecruyste en ongeris te

766 1734 2288 137 flannellen ick magh ue assueren dat ue niemant bete

791 1838 2193 153 coop en sal dienen als ick die naer groete nisse aen ue

794 1960 1603 145 ende ue famillie bijve in alle occasien

585 2066 1007 192 Leeds Thomas Pease

2427 2132 590 129 Adij 13 ditto 1703

797 2274 2359 127 hebbe ul. op 6 court geremittert £160:- van 21 pasto 70s op Dauid en Raphael

808 2350 2353 107 Eenso in Londeon die verhoepe  wel sal sijn geworden ingesloten soo remitere

783 2425 2347 101 ul. noch in brief van 21 pasttt vros ste £140:-oack op Raphael Benso sijnde nu

774 2456 2309 125 dat te saemen st £300: het restant sat ul. oock in corte daegen remitteren

773 2532 2052 107 de gearriverde packen N n°8.9.10 sien daegelijckx van Rotterd

2829 2556 325 87 te gemoet

780 2601 2377 123 soo haest die hier sal hebben sal die cooamineren ende die niet uyt vallende

787 2655 2345 124 als ul die hebbe geordoneert ende gelijck i mij altijdts heeft geasureert soo

780 2722 2352 113 sal die voor ul rekene laeten tot ul gou  nu become u aengenaeme

778 2782 2210 92 van 25 pasts beantwordende den mijnen van 26 julit en 2 past.. vl.

784 2849 2365 129 animeert mij genoech en geeft schoone worden maer tot noch toe hebbe

805 2905 2328 142 seer luttel het affeet bevonden maer contrarie dat ul mj sluchte bedient

803 2965 2323 131 als andere vrisen den voorders ul sendt met den selve facture van de

795 3040 2226 145 twee packen gevert de carseyen Nns 11 en 12 die sal naer sien. Godt

804 3112 2344 148 gelieft dat die oock p eersten moogen overcomen en salvo apriveren

792 3177 2325 133 ne hebbe ul. noch ges op 27 tuqustie 3 en 6 sber die gl mij noch moet

796 3231 2280 118 beantworden het geloove dat ul mijne brieven, oft het duyts n iet

801 3282 2339 136 wel en verstaet want yk en antwoort mij niet op het geners voor

782 3362 2361 128 houde en vraege en daerom hebbe alles getoont aen m. Peeter nenckle ul

798 3431 2304 103 boeck houder die ul. heeft large int engels gep soo als hij mij heeft geseyt

796 3483 2346 135 voor sijn vertreck van hier naer dueyts landt ick moete jt oockbte gehen

788 3531 2328 143 datter in dese handen niemant & die meer inde wolle manufacturens

805 3607 2324 130 handelt als ick en oock niemandt die meerdere partije by heeft want

789 3670 2359 131 hebbe meer dan £5000 stespresent aen goederen in myne magasen

792 3729 2341 122 en ick can oock soo wel als ul. sonder de negotie leven maer daer om en

788 3798 2220 105 vt niet genoech dat men niet wel op en past en preciesde orders

794 3858 2366 117 achter volght. ick doen meer als imans die by sijne negotie moet leven

779 3915 2365 152 om mijne calanten wel te bedienen en beter coop te gerieven als

788 3958 2316 160 andere connen doen en soo behoorde ul oock te doete ten mijnen

787 4020 2256 135 veguande ende dan soude ul. meender van mijne commissie

801 4110 2301 150 hebben dit laete ick ul nu hierdencken en soo blijve

1118 4180 1790 145 voorts gegaen onder couvert van de wee. Broockmeans

5161 50 560 127 Ady 13 sber 1708

3209 49 1295 156 Brussel Bernard vandeCBooster

3349 173 2393 106 jn hebbe in langen tjdt het geluck niet gehadt van ul. te connen sprecken oft

3379 247 2405 75 ten mijnen huyse teken niet tegenstaende dat vernomen hebbe dat ul differtente

3384 306 2384 53 rijssen hier in stadt is geweest mets het ueinter saisoen aen comt ende dat ul

3381 358 2319 53 on getwijffelt al een ige provisie van goederen moet hebben soo en wille naet

3372 409 2417 51 manckesten ifk een te ladviseren dat het convoy soo van hult als van London

3364 456 2426 60 Godt laf wel ie gearriveert, ende dat waer med hebbe ontfang een soo schoone

3372 474 2368 80 partije van aederhande Engelsche goederen als men met soogen can sien van

3350 522 2448 98 salle soorten en prijssen: ick magh ul. asscureren dat  nnvers in antwerpen

3355 596 2324 37 soo groote oft schoone sortimen op een plaetse sult vinden als ick tegen

3368 622 2293 83 wordigh bis mij hebbe van alderhande nieuwe mede coleure spaensche

3364 664 2365 111 leuckens fijne ende gemeyne van alle priessen geperste noortscheen

3340 719 2339 93 dosijnen engelsche witte quaerten ende gewertde soo rodde giele groene

3367 773 2452 108 blouwe als bleeck blouwe carseyen van alle marcken en prijssen su perfijne

3358 836 2389 94 witte bayen van alle gewichten oock mindere soorte devenfer ht

3359 874 2417 101 colchester baesen gecriugote fijne en on gecruyste flanellen woorts alderhande

3359 907 2430 122 goederen ick soude soo geirne onse oude kenneyse onderhouden. s. moet

3355 967 2446 107 ammers weeten dat ick al doen can gelijck een ander jabeeter coop als een

3356 1057 2393 93 ander de goederen can geven daer om versoecke als de occasie presjnteert

3359 1094 2436 111 dat ul. mj gelieft degre aen te doen wn te schrifven en ver comende

3340 1162 2492 97 nier cment ick sal alles doen wat mij moogelyck is om ul. te connen

3341 1205 2423 106 dienen en sal ul alle conditien geve ie l seart desiveren en hier

3359 1253 1330 98 mede blijve naer cordiaele groeten ise

3215 1295 1114 172 Brussel Goevaert ververs

5343 1316 122 119 7d

5012 1345 442 133 Adij 23 a

3361 1387 2379 195 heasnu soo lanck geleden dat het geluck nier en hebbe gehadt van hotse

3351 1500 2463 138 ick dochter hier over te sien oft ier van haer commande te vernemet ick

3346 1564 2474 141 can wel dencken dat het slecht de het ende den quaeden tis daer oorsaecke

3348 1621 2353 127 toegeven even wel men moet in hope leven dat hetkens sal beteren

3354 1678 2473 138 en to niet altijdts en sal dueren cknegotie is wel sieck maer en sterkt

3346 1721 2448 131 noydt ende daerom soude ick geerne deoude kennise onderhouden

3348 1775 2487 161 is het niet veel soo is het suttel het sen ter sauoen comt aen en v sal

3360 1804 2420 148 ongetwijffelt al eenige goederen noodigh hebben tot welcken eynde

3346 1880 2408 126 niett en wille naer laeten cck eens te adriseren dat de vloote soett an

3346 1959 2469 113 London als van hull godt dof eel gearriveert is ende dat daer mede

3342 1985 2498 146 een considerabele partiere van alle goederen hebbe becomen soo spaenscheld

3360 2060 2446 147 superfijne mewe mode coleure laeckens als remeyne van alle priepen

3364 2120 2326 122 geperste noortsche ende dosijnen carseyck Jan ulderhande mercken

3344 2173 2446 152 bayen van alle gewichten oock deventer en colchester baesen frisaerden

3344 2258 2466 127 en flanellen & engelsche witte quaerten ende geverfde als roode geele

3344 2303 2451 130 irjene blouwe den bleeck blouwe gott us doch ter weet wel dat ick al

3341 2366 2421 138 doen wat mij magelijck is om de calandisie te mogen hebben ende ick

3341 2452 2477 142 magh ut aereren dat niemant int land s tbeter coop en can gerieve

3345 2500 2481 154 als jck waer aen noyst en sal mangkeren als ul mij gelieft te imesloyeren

3352 2573 2485 185 het s: als Joff ul dochter gelieft over te comen oft mij ioots te ordeheren

3347 2637 2356 123 te snde dat ul onder ul sortement soude comen te manckeren

3349 2677 2485 140 sal dlnidts doen als vooreygen en al oft heer present waere en naer

3351 2726 1715 108 cordiaule groetenine aen famillie soo Blijfe

3217 2803 1103 178 Brussel Ricolas Doeerdan

5164 2888 514 128 Ady 13 ditto

3347 2918 2388 190 s hebbe in lange het gelaek niet gehadt van jof thuys vranw

3348 3019 2396 140 haer over te sien ick hebbe altijdts getraght om kennsse te mooeyen

3347 3090 2407 111 maecken ende tot dien eijnde soo wille niet naerlaeten ul. pens te

3332 3142 2344 130 addviseren dat een seer schoone partije van alder hande wersche

3340 3207 2451 129 engelsche goederen hebbe onfan a als laeckens van alle soortenen

3341 3263 2454 138 pryesen, carseyen bayen van helle gewichten deventer en colchester

3332 3316 2494 116 bayen oock frisaerden en flanellens gelijck het wenter saisoen aen comt

3331 3393 2511 139 soo en twjffele niet oft 4. sal al een ge proussie noodigh hebben versoeke

3339 3435 2461 116 dat us met occasie gelieft naer te comen oft iedts noodigh hebbende mij

3341 3507 2433 145 te ordonheren en ul sal ondervenden dat ul. pergens beter sorten

3342 3548 2509 124 van goederen en sal vanden nochte beterop tedient worden als by my

3337 3595 491 124 die bBlijve

3212 3661 1301 180 Brussel wouter van Elsen

5062 3718 633 136 t7 ditto

3349 3813 1775 152 Copige als hier boven aen Bernard van de Cloosten

3957 4013 140 167 186
