6250 4449
780 105 2334 104 getelt £12-13.4 wisselgelde die op ue neek hebbe gesoet

796 226 2258 129 ick en was nmet thuys als den boeden mij het gelt beeest

1777 302 156 51 ewar

792 305 2204 133 gebrocht soo dat aen hem geene quitantie het te conne

788 374 2192 150 mede geven dese diene echter daer voor ick en wites me

791 490 2207 135 uyt wat redene ue me ƒ2 soude gelieve ofte trecte

794 562 2153 167 ue magh secker wesen dat men Jan blijve is als met

769 712 2312 111 tegenwordigh op eenen carsey ofte  bay aenen t

785 803 2204 118 can winen ue en moet geen ex maehe

775 896 2272 162 dat is lanck aengeloopen in alles dat ue con oroodge

773 1011 2300 169 hebbe is tot ue dinst ick hebbe present seer schoon

799 1161 2267 148 blouwe en roode carseyen oort basen en tris aerde

786 1296 2068 140 en witte van alle soorte hebbe oct 3 els oft

789 1400 2186 163 colchester bayen ende deventer bayen die seersc

777 1537 2209 157 jn en ue voor ƒ 36 can geven voorts ben wel

761 1516 2156 260 rvosier van a derhande goederen heeft ue aeso

758 1748 2156 193 noodigh geleeft het mij maer te schrijve ien ne

749 1793 2113 262 magh altijts verseckert wesen dat ue nemant

779 2037 2189 164 beter oft beter coop in ghelt antwerpen enan b

746 2150 1131 137 dienen als ick die en te

654 2270 1883 170 Machelen Francois Bosselaer 29 dit8

701 2385 2334 154 aIc hebbe u aengenaeme van gisteren wel ontfacce

704 2513 2329 140 dogh ick hebbe ongeraden gevonde ue ordre te volgen

780 2601 2278 158 om het packe met het convoij af te senden alsoo heder

773 2699 2247 175 my wat veranderinge is voorgevallen te weten dat

775 2783 2329 185 de vijanden genotsaeckt sijn gewest Brusselles te derlaet

778 2885 2302 231 en dat de beartschepen met dagelijck sonder perj

779 2990 2304 224 met pas poort sullen vaeren ls voordesen daer omge

753 3066 2337 240 left ue me ue tot brief af te sende endi te adviseren

747 3175 2349 230 ot het ue ordre oft intentie ie dat ick ue paxt met

793 3327 2340 188 het eerste beurtschip aflaeden het welck sal afwacht

765 3407 2357 234 tegens saterdagh ue magh teeker wesen dat in alle voor

775 3526 2218 241 vallende occasien ue intrest als mijn eyge sal

772 3621 2371 248 bohertigen, oock dat ue van niemant beter oft betir 1o

783 3724 2355 265 en sal bedienen worden als van mij in alle dat ue moodt

761 3829 2319 287 heeft oock als eenogh sortement ie oude mancker

752 4005 2306 197 geliet mij naer te commanderen en sal altyt

785 4059 2214 265 malles denol oft cohut preset waere

3187 66 994 158 Mny  Daure a71

5172 63 588 129 Adij 30 gbre 1708

3335 151 2384 119 vous aurez breu pr la mienne e 17 du court que ie vous ay en voyéee le mesme

3342 227 2409 88 me N. la barque ordinaire pour ruxelles la marchandisee que e a m'at

3329 244 2489 129 ordonné ensuitte a la factulre ie incluse dans yt ballot marque  le dir

3341 336 2416 76 raise au n'a peu faite ie voulige m'a is a retronsche chemin et revenu

3326 375 2393 76 ieu le battelyer cespen dent poetend de partir astenr p. la grace de dieu

3330 399 2388 130 deemanche iu veriy ce que i'ay trouve a ppropos de vous advertiz et vous

3317 494 2438 71 prier de donner l'ordire necessaire a hixelles pafin qu'il en eussent

3318 517 2375 81 soing. les deut de mie P. daurore plus fonce sont prestes ie me dit

3158 588 931 177 Leds homas Beade

5041 625 605 115 adij 13 gebre 1708

3340 718 2365 73 mijnen laesten eys aen l. 19 pasto. met remesse van 1t5t tot fos hen rijs

3317 776 2432 60 in London van 12 d pas die verhope ve het sijnen tiyde wel sal sijn geworden, inges

5784 815 62 57 n

3326 792 2315 87 =loten sende ue daer van den secondu met nocheen remisse van 209- op Jan

3326 867 2432 95 Jacques serdt in London van 9 pass sos waer voor gelieft het noodighse deson

3345 925 2371 77 ch en mij in rekene te crediteren verwaghte op mijne voorgaende brieven

3303 943 2467 96 ul antwoort ende dat ue mijne commisie wegens de geverfde laeckens nu welsal

3325 1027 2393 73 ovolbrengen soo voor de qualitijdt als coleuren dat ue andersmael ten hooghsten

3315 1082 2413 85 recomandere ende als ue ne mij wel daer in bedient soo sal ve voorders ten

3282 1137 2131 92 eersten ordres senden voorde gemengelde laeckens en soo Beive

4244 1156 1567 116 voorts gegaen onder couvert v de wel Broeckmans

3174 1190 808 143 Lelds James Ibbetson

5097 1271 120 66 2 dit

5252 1249 347 99 2 ditto 176

3323 1253 2330 131 mijnen laesten is aen ue 12 past sedert  sunde sonder ue gentgenaeme

3319 1319 865 97 remittere ve ingesloten st

4235 1336 1566 109 60:-:- van 19 pass sos op Johan Bapt Biuschoud

3305 1397 2448 110 in Londen waer voor gelieft het noodigh te besorgen sen mij te crediteren

3315 1419 467 111 en soo Bljve

4469 1439 1132 74 oorts gegaen onder cmert van de wed.

4498 1475 497 104 Broeckmans

3181 1491 1218 160 Brussel Henrisde Bauw

5111 1534 552 123 adt ditto

3301 1621 2442 79 hebbe ul. op 18 past ge en verhope dat mijnen brief ve sal sjn geworden

3301 1693 2362 70 oock dat de twee packen voor monsr. d'foust t sijnen tijde tot Bergen

3309 1741 2400 76 sullen sijn geraeckt gemerckt E:Bn°4:2 het paxke voorde wed. masson

3319 1796 2467 78 NV11 op 3 gherve toe gesonden met den baertman Jan goos is blijven lagghen

3313 1861 2464 70 iyt friese vande vhanden die ronts om brusselen oaeren doeh pe opgiste

3315 1909 2429 85 ven sondagh vertroken soo dat niet twstele oft sal morgen bij ul telast

5807 1914 60 76 1

3309 1964 2451 88 worden gelieft dan daer voor sorge te draegen en cite mogenc ordr

3303 2017 2442 92 van off  de wed. masson te volgen waer ope mie verlaeten de soo Blijve

3220 2051 1183 166 russelen Francois Jacobs

5142 2075 547 128 adi17 ditto

3299 2129 2479 134 tot antwort opt ue aengehaeme van 3 court mijn vrient tot verghen maeck

3189 2229 2574 123 aeditticu tijdt wgh het payke voor sijne rekenlit gaen verden seggens dat hey de

3296 2265 2464 92 duit bloue quaerten nochte den baey vrapper gans met mooditch en haest

3318 2325 2457 76 voorders dat hij noch groote moeyte geheedt het ft om die goedepen te salvere

3309 2366 2448 83 voor confseane dat them arcape du 2 a 3 pistollen accorttheelt waer van

3313 2413 2448 64 hij moet overgoede nnisse hebben ick traghte he te persuaderen op dat

3315 2460 2464 96 hij het selve gants en geheel naer hem neme en schripe heden ander

3309 2508 2406 82 mgel ick en can noet maer doen hijpresseert och het carmosjn te

3308 2564 2413 75 hebben soo dat ue gelieft het pax ke ont de halle naer ue te nomen

3309 2616 2474 64 ende het car mosyh laecken elleen wel teconditioneren en op te packen

3310 2653 2473 85 en aen hem cites op Berghen voorts te senden wat voordess sal passeren

3304 2713 2425 78 en sal niet naerrlaeten ve te gdvperen geliet ue dat ue het selvde

3302 2761 2473 64 sortement van blouwe en bleeckblouwe faule oft roode supplegre en

3303 2791 2534 82 ie toesende gelieft mij maer te commanderen ick hebbe voordersalden de

3300 2844 2486 71 hande sortementt van goederen tot ge dienste als witte en engelsche gevert

3301 2899 2476 67 de carseyen, blouwe en roode. ooet bayen van alle gewichten vrisaerden

3288 2949 2429 98 colchester bayen en deven ter bayen flanellen geperste noortsche en

3326 3002 2368 69 dosinnen spaens che laeckens van alle preissen. magh seeker wes en

3210 3031 2571 86 dat alles sal doen wat mij moogelijck is om te calandisie te mogen hebben

3309 3111 2438 65 ende dat aen vealles op een seer can icre conditie sal over laeten het is mij

3303 3156 2327 67 heebt dat int alut is voor gevallen echter dat en hett van mij niett

3734 3179 83 93 s

3885 3159 1822 120 gedependeert oft sulckxx en hebbe ick neetconnen

3349 3184 387 91 prget n door

3294 3224 1279 120 vergoeden icktgrasteere en Blijve

3193 3339 1282 124 Mons Caveurre Masson

5155 3337 522 134 adij 10 ditto

3321 3398 2401 130 ie nau receu quap estere vre du 4cour la presedente de t& me fait

3297 3508 2438 71 men tiont  pas parvenire. dabors qun ballot est em barque je lest

3306 3520 2426 91 impossible de le rettrerf a mois d'on gros fraix 'espere que y. 4 l'aura

3298 3577 2496 108 receu avant cette la mionne et qu'auraiy trouvez toutes la marchandisse

3299 3625 2458 82 a vre contentement et tres bien conditione crayez mois qu'il ne sagit

3313 3694 2476 61 pus a present d'ien P.  plus ou moins prus que sa marchandisse

3285 3721 2458 90 est a s bas prix au ysy et u fouvera satisfaction et contentement

3286 3795 2495 77 car il y a hesme gran de differ en ce de quasite ce que ilame bien a vous

3301 3805 2492 112 faire troive. v.gme demaiy de touioyrs le mellieure et a sors ie suis emba

3285 3890 2477 69 =race que ie ne spais que faire car ilya du nochacque sorte de marchan

3295 3908 2482 89 ditse quattre u since ditferente sprix ie de bayes deventer de ƒ30:38

3308 3968 2482 89 ius gyeds 4 ƒ60:- jccsstes de flanelles de 3 a larget de ƒ37:- iusgules a ƒ148:-

3298 4041 2486 61 carisces bayes et fljnelles gunsi a l'advenantie s asselire que cas

3293 4082 2512 82 en soing partieutier pour vous servir le mieurer le m'eeux manche

3301 4153 2464 65 possible en tant qu'il vous me plaist commander comme sils

3305 4159 2451 111 seren presente le deux demie p d'aurex sont prestes como ie vous

3311 4238 2451 72 y eseryot p mes precedentes et vauray soint pnr les 3 pr couleure

3297 4281 2518 91 de vosse de le gaire teindre au premiert son forim vre eschantition
