6133 4461
796 82 2379 151 vous ny estes pas ce n'est pas l'asternment que ie vous

790 208 2329 187 ay ordonne ie vous ay prie d'achepter tous ce quiil

796 334 2339 121 y a de plus eurieux et vous m'envoyez pour tinnes

766 410 2273 208 bais que ie n'en ay jamais veu panelles. ie ne les

753 554 2383 142 leauray jamais de ma vie debiter nou plus que les

776 627 2406 168 causees qui ne sont pas dresse ue foule a moine. on

782 796 2402 134 d voit en ony peut compter touts les fillets en un mot

795 869 2384 125 cette sortee de mansfactures  ne me convient pas

788 963 2378 191 et de n'en pretend plus accepter au cun ballot ie

776 1053 2394 170 sut ars vous savoir donne la piennes si vous

783 1176 2384 179 pourriez voir les finnes bayes que mes Amis de

773 1296 2393 164 laeds m'ont envoyeée pour  142 coutre les vostres

789 1427 2393 168 vous m'avoneriez quelles vaillent plus de 28 la

785 1537 2390 183 pietce que les bostres. ie vous salue et suit

2332 1640 848 194 Adij 12 gbre 1209

623 1638 936 187 Brussel hede Paue

792 1683 2367 261 iy prez la liberse de vous addresser ceiourohuy pr

781 1862 2405 199 la Barque marchande pour Bruxelles un ballot marqu

759 1973 2431 196 NV. pour compte et p. ordre de monsr efnthoine

758 2113 2415 114 De fonst de mons. he ne doubre pas on il vous en aur

765 2232 2377 130 donne advis de mesme vous priant d'ien avoir soing

804 2255 2370 203 et de le luy envoyeer cito possible pour mons. entunt

790 2406 1797 194 a son ordre et ue lobligerez qui suit ie

572 2494 1085 218 mons Anthorne D'etonst

2153 2519 913 196 Ady 13 gbre 1209

785 2643 2361 152 ie vous ay envoyee la flannelle croisge 2 bages de

786 2753 2250 165 3@ 2 finmes bayes blanches quatre finnes carisees

771 2847 2358 152 blanches et 6 ps de bleup. la derniere barque pour

795 2968 2276 150 Bruxelles dans un ballot 4B. a lhadd reste ordiclaire

765 3066 2428 182 d'henry de paue a la faiste dor s'il tarde a l'capdis

776 3161 2399 198 ie ne sera pas ma fautte car ie vous eu ay donne

777 3268 2408 185 advis p ma precedente et aussy a luy. J'q trouvera

751 3393 2352 188 cy inclute la facture portant de change ƒ488:10:

762 3469 2376 188 ayant receu le ballot ie vous prie depaminer la

774 3602 2403 161 marchandise et n adviser comme la trouvez car il

787 3697 2392 176 & a des flannelles croisee de 18 pattars ƒ1:ƒ12- et et

801 3823 2376 177 soubes de causces blanches de 21 ƒ 22: jusques a ƒ23: ƒ24

779 3913 2380 188 et ƒ 25: les tientes a l'advenant du pix des blanches

787 4039 2388 174 il y at aussy de bages colchestes de ƒ38 ƒ42: ƒ 45 et ƒ18

787 4144 2390 164 la pietee et en toutte sorte de marchandise grande

769 4276 2421 113 distinction du pin ce qul n'a jamais este lau pas mn

3354 140 2446 172 et asteur pourt jou voir donner bon marche.  fault

3348 198 2477 233 nons afforirf de toutte sorte et prix. ie seray bien

3358 307 2406 222 vre a vous les pouvoir monstrer la premiere

3346 417 2378 256 fois que i'aliray l'honneur de vous vois p. icy

3345 567 2391 188 atteus ie vient de recevoir la chere vre du

3322 703 2454 217 du court pour responce ie veut avec plaisir

3355 796 2413 245 vous envoyéer quelques eschangellions comme

3353 942 2228 206 trouverez cy incluse scavoir 2 p couleur

3333 1062 2479 213 loutre draps de ƒ2:- que i'ay semis oppart por

3535 1185 2230 203 aussy endr eschantilliont d deux ballots

3346 1287 2528 270 de 40 et 42 pattart pr la comme des eschantillion

3345 1473 2318 165 de verdz et rouge le bleu et pas bleu sont

3326 1591 2354 172 de la mene calite et 3:g en at eu littince

3317 1723 2419 143 passé mais poeu vous envoyeer et couper des

3345 1817 2381 225 eschantilions de touts mes draps que i'ay dans

3321 1921 2562 272 le magasin ce la m'est impossible comm

3308 2075 2558 196 pouves croire. ayez besoing tant de marchandise

3325 2131 2506 266 quile se puez estied ie vous asseure que ie surs

4218 2259 134 100 te

3340 2322 2432 163 en ettoit pour fournir moegenant que ie sache

3326 2422 2530 260 apeu pries vre sentiment stie vous fault ce qu

3323 2510 2459 242 sij a de mellieur on sorte ordinaire ou ce quinly

3313 2609 2308 265 a de plus bas prix. renvoyez moy de ve les

3353 2730 2460 258 eschantillions et les attendant ie suis en haste

3296 2846 1597 214 DjC N 17 a ƒ2:2 N36 aƒ 2:8-

3255 2969 824 191 Rechelen p Jodogne

4928 3016 710 211 15 gber 1709

3319 3092 2491 268 ue angenaeme van 14, die mij gisteren avont moest

3330 3267 2443 231 weten behandight, en hebbe maer heden tegens den

3312 3353 2415 240 middagh becaemen het voot quaert laeken hebbe ue

3303 3456 2402 248 met het convoij gesonden en gemerckt o.z. sijnde N

3313 3569 2455 241 220 f 20 ¼ a n a ƒ2:5 wusselgelde ƒ60:15 waer voor

3320 3672 2493 246 mij gelieft te crediteeren en indaghtigh te wesen het

3307 3784 2553 282 gene ue mij beloeft heeft van tegens het eynde van dese

3318 3927 2522 238 maent iets te sullen remitteeren oock eenige briefkens

3338 4014 2516 243 te senden op tijdt wast in conscientie en hebbe mijh leven

3308 4177 2569 190 noeyt soo schaers bij dasse geweest als tegenwoordigh

3313 4274 2469 140 ick sal ue in alle occasien civiel en prompt de dienen
