6131 4407
727 0 2334 138 les aurois envoyéé arient pour  deude ie les aurois payée pou vous

702 92 2212 96 rendre service, mais de ne voir lieu de vous pouvoir bien sgrir m

693 147 2246 105 mieux de vous le marquer tout franchement ie ne manqueray

711 247 2354 92 jamais a faire tout mon possiose pour vous rendre content sot er

692 263 2391 152 sau plus prompt mais quant ie nes peut pas il me fault auoir patience

672 365 2357 105 sil me calise beaucours di pienne e chagrin et perte que mes draps

691 419 2353 113 tientes couleur d'Anglettere tarden  h longtemps car sy ie les aurou

680 485 2275 90 en on avoit pour se present lien sean la plus grande partie

674 526 2379 165 vendue ie ps ayordonne depuis ls moid bore passe et encor les as pas

674 637 1681 104 receu il me taust avoir pattiente  ie vous saluer

491 700 2556 171 Brussel Jue Jappens an D. bj de schoelen, Ady 28 februm v05

705 784 1040 140 van de Pater e suten

663 886 2237 149 desen dientalleen tot advies dat heden op ue hebbe

663 969 2341 153 getrocken op sicht p ordre en voor rekene van sr. nicolas

638 1084 2264 139 van den berghe tot halle te betaelen aen d'ordres

658 1186 2249 137 van S Joan Leyendeeker weerde van de wed. theoder

635 1275 2168 190 Broeckmans wisselgelde £100:- die consorm

660 1376 2206 191 gelieft te verheeren en ue sal u verobligeeren

509 1555 1220 165 halle nicolas van den Berghe

2399 1571 556 153 Ady 28 d. 1708

703 1721 2363 137 tot antwoort van ul aenghenaeme van 22 court ick ben confus te sien

700 1813 2293 106 dat uk. soo veel sorghe ghelieft te draeghen om soo een bagatelle datter

689 1877 2379 148 resteert even neel mits het ul. soo ghelieft soo hebbe dan heden ghetrocken

691 1991 2278 96 in een wisselbrief op sicht te betaelen aen d'ordre van Dh Joan

701 2049 2306 107 leyendecker een sonder ponden wisselghelde op Jost Janssens ten sal

700 2110 2329 123 dat op ul recken. passeeren ul. van herte bedanesende voor ul ghene

684 2188 2370 126 =ghentust het is mij seer leedt datter soo weynigh de het is enenwel ick

676 2259 2328 99 verhope dat u oft hoff ul. Beminde met den vasten al eens sal

697 2331 2380 107 vercomen sijnde seghs voor altijdt mijn huys ghepresenteert tot u2 en

689 2402 2284 90 ul. famillie en vrienden dienste sack hebbe deschoonste meunde

692 2467 2389 107 mijde coleure laeckens die ul. soude connen desireren van alle soorter

687 2549 2369 92 en prijssen en voor de rest ben van alder hande goederen seer wel

700 2621 2180 97 voorsien tot ul. dienste en alles is seer goeden coop heeft ul.

705 2688 2360 118 midde lertijdt iedts noodigh bidde mij oock maer te schrijven en sal

700 2762 2363 96 ul. altijdts ten rijstersten wel trachten te bedienen die inghelycksx

695 2843 2313 103 naer wenschenghe vanden salighen vasten aen ul. en jotf

690 2901 2319 116 demande en ½ famillie benevens mijn huys vrouve lijve

465 3010 1040 154 LLondon Liin De Dorpere

2421 3052 484 143 Ady 29 d. 1703

704 3122 2340 180 mijnen laesten was aen ul. op 23 court sedert sonder eenighe voordere van ul.

704 3230 2362 191 aenghenaeme van de London vloote op ostende en hebben wij tot dato heden

696 3327 2331 135 niets vernomen het gliene ons doet ghelooven dat die niet als ghenoteert

702 3386 2344 169 was, sal sijn vertrocken en hebbe daer bij gheen intrest doch godt ghelieve

694 3473 2351 175 de selve voor de gheintreserde saluote brenghen ul. ghelieve voor mij in

690 3549 2383 170 te coopen en p. eerst Rotterd convoiy af te senden twee packen ieder en

686 3657 2379 123 12 p. spaensche laeckens met een smanchester bay tot ferduliere ende die

711 3723 2307 124 p goede schepen ende bekende schippers af te laeden in ieder schip maer

686 3834 2392 98 een pack ende te mercken & no 3 en 4 eude mij by tjde de conossementen

689 3905 2382 116 en staelen en facturen tee senden op dat voorde assurantie can sorghe

673 3977 2284 117 draeghen ul. sal ghelieven te assoreren een spyck van su perfijne

691 4042 2363 128 van ƒ312 a 15:6 en te sorghen dat magh hebben de meuntote mode

702 4125 2375 101 colguren die der te becommen sijn alle wel en clijn ghemenghelt

684 4197 2218 144 gheassorteert met eenighe schoone brugne en het tweede

3373 0 2382 112 ie je aedorteren alle wan sa gen ass lsmeet geleseren de de ƒ0:6 doet

3366 60 2433 140 alle schoone nieuwe mode coleuren met eenighe schoone brujne ghaasort

3384 154 2329 76 ghelieft toch goede sorghe te draeghen groot de qualitudt van det lagekens

3366 174 2252 108 als oock voor de coleuren want en ben niet satisfait met de twee

3371 229 2392 137 eerste packen   en  recommandere ul un int rest als egghen

3372 283 1390 93 en inij aen ul dertvouwende soo biijve

3133 344 1994 193 Brussel dheer van Bronchorst alchter het stadt huiis

5342 359 458 145 Adij 29 febriu 1707

3295 459 2477 149 1 uk. aenghenaeme van 4 court hebbe wel ontfanghen tot antwoordt het is

3369 569 2332 107 waer l. gheseght hebbe dat ens soude giercommen en ul. mitn die not

3369 647 2370 56 presenteren en hier dat laecken sprecken doch door man igh vindighe

3373 680 2419 131 beletselen en hebbe sulcx niet connen doen ick en twijffele niet ght ul. sal

3359 762 2366 94 met dit aencomende saoen  afpen uercomen ggelieft mij d'eere

3365 805 2394 106 aen te doen van eens commen te besoecken en ick sal trachten in alder

3359 829 2155 118 hande manieren ul. satisfactie te geven en ul. sal bij mij een

3352 940 2444 97 assortiment inden van aeder hande soorten van goederen als spaensche

3361 975 2362 131 laeckens van alder hande meuwe mode coleuren van lle soorten en

3365 1042 2427 117 prjssen oock gheperste noortse en dosijynen en voorts alder hande goederen

3345 1104 2357 99 tottul dienste ul. assurerende dat ul niemandt beeter coop oft cnelder

3353 1161 1763 118 als ick en sal bedienen die naer groetenisse blijve

3260 1203 50 143 so

3195 1233 1231 177 London Livinus De Dorpere

5139 1283 653 167 Adij P meert 1703

3370 1376 2379 114 op ghisteren was aen ul. mijnen laesten over ostende waer bij ul gheordoneert

3351 1477 2430 101 hebbe voor mij in te coopen twee packen spaensche zasckens ieder van 12 p

3353 1509 2448 113 samen 24 p die tassorteren een pack van de alden neeineste moede coleuren

3376 1565 2367 135 van clijn en stercke menghelinghe die der te becommen sijn van ƒ312 a 16 ende

3366 1661 2429 90 het hander van 35:6 a 6 nie ttesoiederende de ƒ56:6 te mercken, beyde one 3 en 4

3350 1739 2363 89 voorts te vervolghende numeros van 24 a 48. op te doen alle in geele tealleten

3362 1751 2424 149 en p. eerste Rotterd convoiy at te schepen mij eyde by tijde staelen gacturen

3351 1861 2360 98 en conossementen te senden om voor de assurantie te connen sorghen

3352 1897 2455 135 ende niet meer dan een pack en eder schip af te laeden ende te solghen dat het

3369 1979 2170 86 goede en ervaere en besende schippers en schepen mooghen wes en

3335 2043 2316 112 dat p. desen over hollandt heden congirineere ul. heeft mij voor reden

3351 2103 2373 109 ghegeven dat de vaerste en nienoste mode coleuren alleen te vinden sijn d

3343 2174 2388 102 laeckens die excederen de ƒ12 soo dat daer in met ul. wel wille depreuve

3335 2257 2480 91 nemen want en ben bijde voorgaende coleuren niet satisfart ul. recoman

3323 2284 2451 105 =derende daer op opt  haenoste te letten ende dat gheen twee stucken van

3345 2388 2281 77 eender coleur ghelieft te senden voorders oock goede sorghe te draeghen

3354 2439 2413 82 voor de qualitijdt vande goederen dat die fijn van wolle wel bedeckt en

3347 2520 2458 71 bereyt mooghen en ende te letten datter heen extraitagante coleuren

3346 2572 2441 82 mooghen onder wesen hebbe ul. laeste ghesondene staelen naer ghesien

3333 2618 2486 111 doch de laeckenit die pl. ordoneere moeten meerder ghemengue lot sijn ende

3343 2708 2476 95 alle van cleijne menghelinghe wat aengaedt het stael van bruyne dat

3361 2757 2370 91 t op ghisteren hebbe ghesonden is een goedt coleur doch en beveeve maer

3346 2803 2476 127 een a 2 pr onder het pack van de superfijne niet exvederende de ƒ:12 de laeste

3346 2891 2429 114 gheson dene vrappers manchest: bayen stelt ul. miy inrecken 10 s en en sijn

3349 2967 2452 102 maer o32 datt niet en weete oat beduyt aedere vrienden en sstellen die niet

3345 3011 2414 110 hoogher in prijs als soo veel ponden sooweel schellinghen tot ul governo ick

3347 3085 2474 107 recomandere ul dan opt manneste mijn intrest waer te nemen en als eyghen

3344 3181 2464 54 te behertighen ul. sal prompt van remises voorsien oorden en op costen

3339 3231 2483 88 tijdt soo dat ul. noydt voor mij eenen stuyver in disbours sal moeten wesen

3210 3275 852 154 iek sluyte en Blijve

3170 3356 1239 147 London scavca en Stoekdale

5149 3354 638 145 Adij pr D° 1708

3356 3480 2400 136 ma derniere vous fut le 23 du passe depuis ie suis encor sans auounne de

3342 3570 2479 105 cherez vres nous h'avons iusques a cesper encor a rien appris des taisseaux

3337 3643 2404 97 destine pour ostende ce qu'il me  fait esperer que m'a precedente vous

3347 3733 2457 92 pougr a estre parvenue encor en temps pour changer les deux ballots que vous

3329 3762 2509 102 m'avez marquez d'avoir prest pr. ce voye la si la venue troptard patience

3345 3847 2309 92 ie les att enderay pr le premier convoy pour R otterd comme ie vous ay

3326 3900 2432 100 marque ca  ne veu posntiee le n'avoir charge p'ostende si non que

3341 3978 2477 96 vous soyez seur: que les raesseau sont prest apartir et qu'il y a de convoy

3325 4056 2486 118 de condie et assure sans m'anque et cela pour vre gover nee pour toutrs

3331 4147 2464 102 le reste ie me refere da ma derniere et ie vous prie de ne rien

3333 4175 2388 150 negliger pour mes ordres que ie vous ay donne et d'avoir le soing
