6141 4407
731 0 2323 137 a ion dere. nous derons at vre dausibe et ie nie dontre ons on il voiur ont de ie

716 93 2363 109 escript on escriveront p. la premiere occasion sur ce mesne suiet apres vre depart

713 144 2363 119 isay fait voir apres mons. shlamand et on ma dit que son ne scavoitgiuantie

713 204 2326 112 devont arriver ce quiest cise que ie n'at pas receu la valeur de vre billiet que

698 261 2335 103 N.5 im a laisse en partant il n'y est audunne nouvelle marchandie ardice

699 347 2361 94 depuis vre depart cito quelles apriveront ie me donneray l'honneur de vous

715 387 2311 103 en donner advis comme vq m'at ordonne et ie ne marqueray iamais a

709 422 2317 124 vous bien servir et au meslieur marche possible et sientre temps il vous

707 488 2364 99 manque de la moindre chose ie vous prie me commander ie vous souhaitte

707 558 2308 107 les boings   parques comme a madmois. vre compagne et medit

786 642 163 81 din

541 635 991 169 Rotterd. Jacques Meyers

2476 675 604 162 Adij 12 April 1708

727 831 2371 135 tot antwoorde op ul. aengenaeme van 6 court wat ul. gelieft te segghen dat

711 905 2361 103 de aoussen in ul. oncost reckeningen ul aengewesen sijn byerreur van het tijt

724 999 2333 105 rekenen van de ponden sterlinex tot ƒ10:- ende dat uk die moet vytrekenen

710 1073 2265 123 a ƒ11:- ick caseuleere en maecke mijn facut gelijck ul in ul. eerste gesondene

707 1155 2333 119 rekeningen gedaen heeft a ƒ10:- en gelijck andere vrienden altijdts doen

711 1224 2277 148 dat ul mij de partiie van ƒ 2466 a 2½ pcs. goedt gedaen heeft can ul. by ul.

701 1322 2354 142 missihen thoonen dit alsoo geredresseer met de provisie in plaetse van ½ a ¼

708 1402 2367 137 pet en brief porten bj gerekent erinde ul. pr. saldo te coemen ƒ 39:16 soo als ul. op

684 1472 2394 134 nieuwe rekeninge hebbe gecrediteert dat bidde met mij conform gelieft te doen

720 1570 2364 114 ul is genoechsaem tekendt dat in het voorgaende stot van rekeninge differente

716 1649 2383 98 erreuren hebbe over gepasseert die ul costij sijnde p memorie hebbe nochtans

708 1725 2208 112 gelaeten ende in het verbodt van correspondentie waeren bij gecoemen

702 1791 2357 107 soo dat niet vinde dat ul. ingelyck in dese occasie can reden vanden van hier

717 1882 2286 88 niet te willen over passeren vensche dit hier mede sonder buyten verder

716 1947 2343 143 schrijven magh blijven en ul magh contentement geven voor de oncosten

705 2051 2382 127 op de drij laeste packen I. no1 en n1 en 2 hebbe ul. gecrediteert ƒ145:9 met

701 2122 2404 105 brienen van vrijdagh uijt London hebbe advis dat de schepen naer de maese onder

713 2190 2370 129 een goet convoy met eenige transport schepen eerst daeghs sanden stonden

728 2290 2367 116 sell te gaen godt gelieve de selve geluckigh te laeten overcomen en salue

698 2375 2329 90 te brengen p. dien aengaende iedts vernemende bidde mij te adviseren

713 2422 2342 133 ben daer by geintresseert als bijde ingesloten memorie voor vijft packen

711 2481 2382 139 ul gelieve die met Godts quatie ten arrivemente cito te doen depescheren

720 2577 2348 106 en p. duversche schepen mij dan toe te senden al ordinair opt spoedighste

715 2657 2354 122 want daer sijn dittesen te soorten die maer hebbe te leveyen en op de

723 2743 2376 115 staelen soo veel als vercoght hebbe de ingeleyde op en gelandt recoman

714 2823 2382 96 dere ul. om prompt voorsganck te doen te moogen hebben ick groete

725 2918 2373 131 k. en matante j Beminde benevens mijn chuysvr die noch sterck

707 2994 1249 140 geincomodiert blieft en soo blijve

2421 3076 239 93 am

1521 3093 1025 156 van London op Rotterd.

1125 3181 1398 152 P John Blasiand het schip d'E lenor

725 3268 2252 164 M 3 met ƒ10 pr. engelsche laeckens inde wolle geverft en op de

1322 3381 1610 103 spaensche maniere gemaeckt ieder stuck a a45

1280 3446 967 116 1 witten bay vrapper a a 65

1487 3517 567 126 weert shemen

2626 3522 301 151 ƒ:le

721 3643 1351 151 D51 n°4 met 10 p ditto a a 95 ieden

1276 3742 998 147 witten bay vrappan a a 65

1417 3827 643 109 weest saemen

2674 3854 206 130 875

1138 3871 1350 189 B. Jan Codvinn het schip de mey bloeme

758 3976 1156 162 D n°4 met 9 P2 ditto & a 115 i den

1197 4075 932 148 11 witten bay vrapper a 65

1565 4158 577 129 saemen weert

2593 4140 163 149 ƒ120

3824 55 1189 145 B. Thomas Cooke het schip de

4188 113 553 145 gravesend y atch

3345 200 1225 181 281 no 3 met 9e pr ditto ala weder

3790 305 935 148 1 witten bay vrapper a a 65

3932 402 620 111 saemen weert

5255 430 438 141 ƒ 1210:-

3848 493 1341 187 B. gregerins Arecker het schip the society

3334 608 1322 160 T1 N°2 met 9¼ p ditto a a goeder

3826 694 929 157 1 witten bay vrapper a a 65

4069 784 606 122 saemen weerde

5268 772 334 155 ƒ 880-

3137 1012 1196 215 London pasp. vanden Bussche

5149 1072 603 166 Ady 12 April 1708

3340 1181 2502 156 ick hebbe beyde ul. aengenaeme van 19 en 26 pasto het sunen tijde wel ontfangen

3338 1295 2522 105 het is mij leedt daer by te sien dat ul. positiert dan voor venwes op tydt en 5 ded

3341 1382 2467 90 gelieft in te staen ulassureert mij dat alle moogelijcke precaittie en ein com=

3320 1403 2482 125 lxspectie sult gebruycken als vooreleygen ende dat ick niet dan geruste brieven

3332 1472 2510 117 te verwachten en sal hebben waer oft imij dan moete betrainsen ul. recomandee

3331 1564 2460 91 =rende principael te letten aen wil ul. afgeeft costij want hier sijn veele

3326 1637 2457 84 handelaers op engelandt die worden betrocken endie en seer slechten staeden

3330 1711 2457 72 leijn creditt alhier wesen daer sijn differente vrienden van ul. quartieren

3327 1748 2482 97 die ons remises hebben gesonden om voor hunne rekenningen eu te voorderen

3340 1833 2439 84 en de daerten vervaldaghen al goederen voor in handen moeten nement

3339 1894 2472 78 tot  dat met cleyne paye menten hebben betaelt ende dat om d' vrienden

3339 1950 2482 90 te salueeren soo dat het niet wonder en is dat seer weynigh en conragemente

3346 2020 2469 103 hebbe om iedts te doen als mijne vrienden niet en gelieven in ne te staen

3323 2090 2451 113 den brief van s £200: en twijffele niet oft sal nu wesen in gecoment

3322 2170 2432 90 en sal daer dan voor retoure te gemoet sien volgens ul. mij p. sijn laesten

3333 2222 2429 97 noteert ingesloten remise van 29 febru tos op h furnesse van  £110:-

3333 2310 2245 105 waer voor ins gelyckt gelieft het noodigh te besorgen en soo Blijve

3162 2387 1029 169 London Linin. De Dorpere

4994 2421 522 144 Adij ditto

3363 2565 2428 139 dr aengenaeme van 26 pasto. hebbe wel ontfangen met facture en staelen

3345 2666 2425 90 van twee packen spaensche laeckens &ne 3en 4 afgelaeden inde schepen by

4534 2709 59 53 d

3340 2738 2466 85 missive gementioneert op Rotterd: die eersttdaeghs stonden te seylen onder

3337 2819 2445 78 een goodt convoij met transport schepen dat den almogenden verleene alsoo

3316 2854 2444 107 magh wesen ende dat deselve spoedigh en met beeter succes moogen salvo

3322 2918 2460 127 comen sonder rampen sal de staelen en facture by provisie exameneeren

3339 2980 2479 143 en r pr naesten adviseren als oock voor injte recten. remitteren dat heden

3328 3045 2441 129 soude gedaen hebben ten waere uyt dese subite veranderinge in wissel het is

3329 3157 2460 90 mij aengenaem uk. heeft gelieven een beginsel van nagotie in wissel voor

3329 3233 2420 78 bons beyde elck de helft te maecken op conditie als ul. hebbe voorgeschreven

3339 3305 2475 81 en daer op remitteert van 26 past. 3os intwee brieven sef £250:-:- als op

3323 3324 2482 142 Th. fredtrick van den Broeck ste £150 en ste £100: - op Jan gillis sucquet die

3325 3418 2398 113 om acceptatie hebbe gesonden en soo die voor vertrecke van den post weder

3319 3532 2464 70 become wort ul. hier onder geadviseert remittere ul. hier tegens als aen den

3336 3583 2463 75 voet deser hadde over eeynige daegen als ul adweerde met mijn laesten

3338 3644 2445 109 tot 333:2 afgegeven een goede partije soude beeter gedaen hebben even

3331 3673 2476 156 =wel ick en can niet sien dat dese veranderinge sal stant houden het is

3324 3778 2500 102 onnoodigh ul. mj gelieft te recommanderen van voork calanten secreet

3336 3843 2445 116 te houden op ienk sal trecken daer dat ul. daer mede paert in heeft want

3315 3926 2473 97 weete seer wel sulcx betaemt te wesen aengaende ul my vraegh, sal

3316 4016 2492 119 mijne gedachten en speeu latie ul met de occasien genoech saem ken baer

3308 4089 2473 134 maecken soo verre het mijne conscientie sal permitteren verhope ul

3314 4187 2485 92 occasie sal hebben om op antwoort deser verder te connen remitteren

3310 4270 2506 84 en ick sal nsgelijckx vigileeren om tot beste advantagie moogelyck
