6126 4434
740 57 2299 81 dat mende geverfde niet can naecken sien nochte gewaer worder

731 102 2268 89 alsoo die in hollandt met mogen passeren tot govenorde eer se

2998 131 94 78 4

726 170 2342 65 moeten betere soorten en van beter qualitijet dagh wes en als die or

725 212 2358 103 met gesonden heeft oft en begeere geene sa ick en ben over het

731 246 2325 148 pack carseyen M no.4 niet wel te vreden als ul. genen heeft hebden

721 299 2272 130 van andere enienden van 334:6 a ƒ35:- die weel beter vallen

735 348 2303 143 soo dat wel refflectere dat ull. mj soy ein ic als andere vvrienden

723 401 2369 135 niet en bedient vertrouwe het dese reyse sal beter wesen oft ander

730 487 2372 127 hebbe liever detek mij geene en sendt goederen en is tegennoor die

740 561 2303 123 voorons oock geen intrest te winnen ende dat het niet in

726 635 2348 124 aer om de negotie te onderhouden ick en soude geen goederen

731 701 2352 122 meetordonnegen my moeten hier al langer en met meerderen

724 753 2224 112 risico ons gelet uijt staen ende en can meyn ighe oft geent

729 838 2327 102 partijen debiteren oft moe te mijne vrienden tent minsten

725 884 2311 111 een guer grediet geven ick hope het eens sal beteren ick sal

732 959 2355 97 mijne boecken p eensten effen stellen in ul. het slot dat r can

722 1022 2281 112 comen op cort sucht 'trachten te remitteren voordern oock

723 1086 2374 108 aen ul. op de geordoneerde goederen op reken prompt remitteren

710 1136 2120 122 op ul. antn coort en als ul mij wel bedient en soo Blijv

1563 1214 1548 162 voorts gegaen onder convent van de heed. Broeckman

2418 1390 575 139 Adij 25 Junii 1703

540 1378 1208 171 Mons La veufve Masson

735 1543 2271 115 ie ne doubte poinet ou la mienne du 19 du court vous sera prompt rendue

725 1643 2333 68 en suitte aussy les derniers quatre de mie p de draps rouges et facesne

713 1675 2330 104 aussy le sa perfin draps bleu depuis i'ay receu la chere vre du 17 du court

715 1734 2377 113 au le vre remise de sixcent florins de change a charge le Sr. tatinelean

721 1803 2337 118 qui l'at acceptée ie vous en suis oblige i'ay ne marque que v. & at oublie de

709 1855 2345 110 mettre vre nom suy la ditte lett re de change et commeelle est accepte

728 1926 2321 108 ie n'ose vous la r'envoyer de peux quelle ne retourneroit pas en temps

726 1985 2305 124 pour en procurer le spagement ie vous prie de demander au s. sarmers

725 2043 2330 119 setireur de vous faire en se cond billiet pour le pouvoir montres

716 2107 2305 126 endosse et siane p tvre grace il estoit trop tarde pour retirer le drap

717 2221 2181 65 juis ne a Brusselles ie vous asseure que vous ne vous plaindre

706 2266 2352 110 coumais de ces draps car de vre vie vous nen aurez a mellieur marche

707 2310 2299 133 i'en aet eu 60 pretelles sont presques touts vendue mesme si ien

713 2389 2356 118 avoir d'avantage ie vous ay envoyée sa meds passe encor pr. la barque

699 2441 2331 132 de Bou seelles un drap con un breun bleu ensuitte a vre ordre a

714 2523 2356 112 l'addresse ordenair dans vre rolle V.V.M estant n°9 a 54½ a ƒ 3:-

736 2588 2361 134 ƒ163:10 — de change pour quelle some il vous plaira me creditte

690 2665 2409 123 ie ne vous puis dire d'auantage que ie n'ait fait p. ma precedes

712 2734 2377 150 =te et il est assure que vous trouverez la marchandise heuieuse

715 2803 2346 128 et si bon marche et t moiy en est at pou a vous sir vir de toutte sorte

730 2882 2298 152 qu'il le puis pamais estre il n'ya point du pampier timbre de

730 2959 2355 131 si bas prix prest ie vous l'en voyeray au premier iour attendant

722 3011 2359 139 l'hopneur de vos commen demente en touttes occasions ie medit

2447 3122 333 144 Adij d.

502 3142 1054 181 Brussel Henry de Paune

729 3236 2318 157 Ick hebbe een brief van de wed. masson van 10 deser uyt Bergen

725 3338 2212 125 dat de twee laeste paxkens die aen dk voor haer hebbe

716 3443 2327 95 geaddresseert noch niet en hadde ontfangen ick even hope echter

697 3497 2308 107 dat ul. die voor nu aen haer al sal hebben toegesonden soo niet

729 3539 2380 124 Bidde Vr. veter herten ander mael dat daer voor gelieft sorghe te

717 3613 2380 125 draeghen hebbe ul. op satterdagh gepasseert noch etn volleken p

724 3691 2321 106 beuht schip voor haer geaddresseeert gemerck a l ordrnain VB.1M dat

726 3787 2283 85 verhope op mongen tot Brussel sal gelost worden gelieft daer

719 3850 2311 81 mede roor sorge te draegen en haer soo haest mogelijck toege

723 3895 2352 106 senden wentsij daer ten wijffersten bij verlegen is en ick sal sijn

704 3955 1089 141 en alle occasien van herten

1317 4023 112 127 ul

525 4060 1386 145 Mechelen de wes. Betram

2490 4076 476 137 Adij 26 d

737 4218 2338 143 u. aengenaeme van gisteren hebbe wel ontfangen waer biy

715 4288 2125 65 sien dat ul. mij bieet voort pack spaens theck ueck in

3329 23 2420 122 d

3375 123 2368 89 38 stuyvers dat ick commogelijck iet doen en can want die iet meer

3360 158 2473 104 costen wat aengaet het pack met de spaensche laeckens dat mjae be

3358 246 2405 70 ut- soon gelieft te segghten dat die hem niet meer geloeften

3342 257 2452 124 hebbe is oyt weden dat hj de goedtheyt hadde van mij te seggher

3339 340 2349 74 det op andre plaetien spaensche laeckens tot 38 et coste coopen

3358 372 2411 115 en ick om testhoonen dat geneghen ten om lcalandisie te hebben

3349 422 2433 113 hebbe hem  geantwoort dat te vreden ben ingelijckn

3347 490 2330 102 r doer voor te bedienen mae gijf moet mij in conscea

3340 547 2364 90 gelooven dat die niet minder can stellen want ick daer

3333 630 2430 93 maete bij naer tot dien prijs sal auaneeren ick ben secker dat

3347 662 2352 97 t ledie qualit ijdt tot 58sen sal hebben gecoght en om ul te

3338 737 2134 88 onen dat alles wilte doen wat mij moogelijck is, si

5492 713 268 102 o sal de

3334 776 2461 107 twee fijndere mede laeten passeren maer dit is alles  i ca

3331 836 2474 84 doen als ul die ten ul huijse sal hebben gesien en ingestalle vl dan

3345 912 2387 101 geen volle satisfactie en heeft ben te vreden ul die dan noch te

3325 966 2426 89 geven at is cmens al wat s van een eerljck men soude

3324 1024 2407 94 connen desireren meerdere en can al met presenteren

3339 1100 2349 82 gelieft mij dien te antwoorden oft die gelieft gesonden

3343 1141 2408 100 hebben en uk. tholbrief af te seden manttr  wachtimans

3332 1210 2361 103 dese weecke van buyffen die het selfde paexke spaensche

3332 1277 2514 110 saeckens bedingen op dat ick geen precuditie en lyde wat

3332 1348 2504 84 aen gaet het paecke met de gepenste en can ul dat oock met e

3333 1410 2408 82 in ander dan 7 laeten dit en is noch met gearriviert als

3333 1484 2430 56 aen M ul soon hebbe geseydt ick weete wel datter ul connen

3335 1536 2461 105 gelaeten worden tot 66 maer dat sijn maer gemeyne dosyn en

3316 1587 2396 128 die ick oock hebbe tot uk dienste doch het naesche n 8

3325 1676 2328 91 vercoope ul. voor een soorte die men noyet minder heeft

3335 1739 2510 100 gegeven als 38 en 50st dat ul. soo magh gelooven ick verhope e

3321 1773 2455 139 dst c het gesondene pascken sattendagh met het beurtschip

3323 1867 2452 112 ne al sal hebben ontfangen en tot et slcontentement benonden

3324 1941 2468 99 want ul. magh segker wesen dat ul niemandt in stntwerpen

3323 2000 2448 101 beeter coopen sal bedienen. sal binnen weunigen tirdf oock

3335 2074 2473 104 partije carseyen bayen colchester en deventer bayen vande alderbeste

3332 2137 2408 74 soorten hebben daer ick ul. can dienst doen geieft mij maer te

3332 2181 2457 78 commanderenen soo Blijve naer cordiaele groetennisse als aen

3314 2256 1516 101 D u L soon ende de googeheele famillie

3152 2319 815 153 Leeds Sames Ebbetson

5139 2354 646 137 Adj 27 Aunii 1703

3331 2452 2418 93 op 11 cour ne is aenge mynen lesten waer byu l. largo hebbe des en mij

3331 2542 2445 84 aen gedraege onttinge beyde de vl van 29 past en 2 coust m t de laeste

3330 2600 2496 105 facturen van 6 packene n 38 a 12 doch geene advies nochte conossemente

3332 2655 2406 80 vande aflaeden gl niet   van de 6 packen carseyen n° 31 a 36 waer

3317 2702 2430 83 van£ imj al cuymen tudt geleden de facturse, heeft gesonden dit niet wete

3315 2753 2449 83 wat beduiyt ic heeft bijdts genoech gehadt om die goederen ul te schepen als

3332 2808 2473 89 andere er ienden gedaen hebben en ick en hebbe itst dato heden van 8 vande

3316 2869 2480 87 af laedinghe niet vernomen middeler tijdt mij hebben advies dat de hulsche

3306 2913 2445 78 schepen Godt ƒof salvo tot harwich sijn gearniveert endat doet mij nu

3314 2942 2442 118 gelooven dat a niets en sal hebben daer mede afgelaeden welcke soo

3312 3037 2473 74 sijnde soo bedancke ul ende en begeere d goederenspostiet niets voor mjne

3315 3075 2448 81 reken als us met memen voor gaenden hebbe ges. vl laeght dat ek.

3323 3126 2458 85 geninghen noodigh heeft soo veer als a dat gelijcksx groodt dat mij

3314 3192 2488 129 leedt s ick en hebbe noijdt gemanckeert prompt te remitteren als de

3316 3267 2443 97 goederen al dese sijde wesen en sulckxx heeft va mij toegestaen en

3311 3315 2352 119 oock alle andere brienden van costij waer in ede nagotien

3310 3348 535 97 en soo Blijve

3134 3406 998 153 toven Phiippus Bijs

5096 3406 389 187 Adij d

3308 3536 2496 129 Ick hebbe ul. aengenaeme van 23 court wel ontfangen oock van mons.

3309 3643 2491 105 vande amman  drijen negen tigh ponden lest hier schellingenolaems

3311 3678 2482 104 wisselgetde  voor 3 sl reckent en in gevolge mijn e quittantie

3291 3748 2498 108 hem mede gegeven waer  e hebbe gerabaltent eenen stuyver p a

3291 3821 2513 97 sijnde genoest van 155a laemen ƒ 7:15½ gelyck ul. op het factuerkenende

3305 3868 2495 115 de quattantie sal beninden halve a en quacoten brenghen nmj altoor in

3300 3954 2501 83 rekene want op die selve maete soo costen ons de goeederen in ick bedancke

3315 4016 2362 84 vo voor 8 t comtante betaelinge en u. magh oock eker wesen

3303 4046 2505 119 gelijck ul mondelinghes geseydt hebbe dat niemandtede goederen ondr

3298 4126 2479 83 heter coop en hebbe gelaeten ick hope dat ul. het pacoxken nu sal

3304 4195 2464 78 sal hebben ontfangen ende dat uk. het oock het  conform

3287 4271 2517 83 soo sal ben inden gullende ul. in alle voorvallene oegas een

3388 4313 2367 59 ien woet en tot beter coop al sk. op een ander soude connen
