6264 4467
744 23 2367 190 e el le e e me die eele s ee on pe

861 151 2285 205 negotier avcc sceurite essperant cette faueurie me

640 355 1094 181 Ledds 26 et S Cobnson

2412 326 663 257 adij 11 de mey 1709

851 510 2297 196 mes dernieres sont de 13 et 25 du passe. celle du 13 postende avec -

833 622 2284 188 des eschantiltions pour accomplir mon ordre pour les draps sur

845 711 2317 187 tout ayez bon soing pour de belles couleures et bien inclange et

835 838 2328 202 pour la couleure que vous appelles et marque survre

828 939 2257 255 facture drab. cette couleure est beaucoup demande p le

854 1060 2152 233 present en ce quartier. celle du 25 est pr. hollande auec

840 1193 2299 221 remisse de e £180:-:- sur le cheuallier h furnese dont cy

853 1307 2277 213 in cluse la seconde. i'espere que mes deux sus dittes derniers

837 1419 2285 190 lettres vous seront bien parvenue asteur i'ay la chera vre

838 1557 2325 235 du 9 avril faisant responce a les miennes du 8et 11 d. vous

836 1678 2291 198 aurez veu que le convoy est arrivee a Rotterd. grace au sergneer

847 1790 2327 251 et qu'il n'ja point d'aultres ballots que  N°17:18:19. 2o et 22 pour

838 1940 2331 232 moy, les aultres estant reste a hull comme  n°2123.2425 -

840 2052 2312 203 ce qu'il me cause grand preedice. i'ay bien receu ce cincq

852 2169 2295 202 ballots chez moy et ie les ay examine mais ie trouve les draps

841 2299 2311 233 beaucoup moindre en qualite que ceux de L Annee passe

846 2427 2333 235 ils sont plus grossiers et poinct si bien appreste et pas larges -

845 2571 2327 178 assey. aussy durs de laisne. quant en drap n'est pas moulu

826 2655 2305 222 en souble a la main eln' ya rien a faire. sur tout janois

861 2787 2315 220 attendue mellieure qualite pour ƒ5:- a ƒ5:6 i'eh ay veu

854 2971 2321 176 chez d'aultres bien mellieurs oultre vous nedonnez pas de

845 3079 2333 142 bonne mesurez mesme sur les draps super fine de ƒ16a Londres

857 3176 2342 210 nous avons 17 a 4 vergesde bonne mesure p p ausy chacque

850 3335 2358 208 piesce doibt pour le pmoins m'esurer 30 verges comme ie vous

855 3451 2336 176 aistant re comande car nous ne payons non plus d'une piesce

840 3537 2233 228 de 40 verges de fraix que d'ine pr de 24 pour vre governe

838 3666 2329 195 i'espere que les carisies seront de mellieure qualité que

842 3805 2345 228 l Année passe auny les bayes qu'il fault quelles soient de

841 3926 2178 242 finne  filure et lanne bien corse appreste et

842 4083 2319 154 cauvertes et d'one bonne largeur et longeur. n'estant

850 4196 2059 154 plus rien qui soffre iusquon present ie me dit

673 4290 1575 116 il nous manquent deverses postes pr. osten de

3286 71 1223 196 Ronse Charles Borgores

4852 85 641 176 adij 11 meiy 11709

3391 242 2402 177 i'espere la continuation de vre bonne sanere auny de madmois vre

3390 397 2424 135 compagne et toutre la famille comme .q m'at recommande

3383 452 2431 164 de vous adviser lors que la nouvelle marchandise seroit arrive

3381 550 2306 194 ie n'y peux pas manquer vous asseurant que iay pour le

3376 676 2427 238 present le plus beau assortement qu'il y at a voir de touttes

3385 781 2396 201 sortes de marchandisses a vre service il'espereque i'auraiy

3381 889 2377 241 bien tost l'honneur de vous voir et sur ce la ie me dit

3246 1045 1458 271 Mechelen h: Cesayd herbe

4962 1088 658 214 ady 13 d. 1709

4879 1202 107 132 8

3386 1211 2444 252 de ve van gisteren hebbe wel ontfang en in gevolge soo hebbe

3376 1373 2494 197 ue heden middagh met de waegens toegesonden het spaense

3362 1506 2447 168 laecken n°80 .. g. 26. a 34 ½ a ƒ 3:12 ƒ 124:1 wisselg. gemerck

3369 1578 2250 174 1IC.E dat verhope ue desen avondt wel sal ter handt

3368 1695 2465 170 commen syt verseckert dat ue niemant in het landt beter

3362 1843 2501 190 coop sal dienen in alle occasien dat die op de staelen wat

3379 1965 2462 191 hooger is gestelt is voor het aedingen maer al hadde ue mij

3359 2049 2475 182 dat laecken geordoneer te senden sonder prijs te bedingen

3359 2195 2446 192 soo soude te evenwel niet meer hebben in reken gebracht

3371 2354 2415 162 ick ben verwondert dat ue geen meer heeft igt uyt gecopen

3366 2415 2399 219 alsoo het schoonste sortiment is dat men met oogen sien

3366 2589 2415 159 can hebbe oock seer schoone geperste van alle conleuren

3362 2697 2504 219 en p rijssen van ƒ 2:14 tot ƒ 8:16 p a alle soorten van conlaurg

3361 2805 2504 228 van geverfde engelsche hivrey laeckens tot eenen patacoy

3359 2941 2514 222 a bry bruyn blounie bleeck blouwe roode groeneen

3344 3078 2533 230 giele oock colchester bayen deventer bayen fijne geeruge

3361 3225 2495 212 en ongecruyste flanellen en alle soorten van carseyen

3346 3314 2502 233 en bayen tot bre dienste salve altijdts seer caniel bedun

3331 3474 553 202 en Blijve

3272 3642 1211 229 Mecheren f. Basselaer

5048 3681 408 166 adij 13 d

3336 3838 2486 199 ken twijffele niet oft mijnen laesten brief de sal wel sijn genoordey

3353 4002 2494 115 en mits dat sien dat ue niet over en comt soo sende ue ingessotg

3339 4102 2502 133 mijn staelboeck van de nieuwe cou leure spaensche laekens

3297 4180 2574 171 die nu hebbe ontfange niet twijffelen de ooft ue sal eenigh

3348 4288 2161 95 sortiment uyt hiebben want het is seer schoen goey
