6133 4461
785 98 2417 113 un pez de consideration aussij a mon esgard et permettez may a fires

793 191 2414 159 sur ve gep soor ounƒ tos florins cur il y a 9 moys g le me mieres pass

781 279 2382 149 tus vs sont livre ie seray done en attendant le grace & jois

785 346 2382 212 demande et en tout ce quil je puis offins pr vre service il is

790 470 2348 166 plaira me commarder ayant tres bon assortimernt de tot

797 600 1539 162 sorte de marchandise  vs salue et suis

2180 662 571 150 24 gber 1709

595 680 613 189 Brussel Gi tras

763 752 2398 217 ick hebbe de ue van 17 deser wel ontfangen oock ƒ100

787 915 2386 157 wisselgelde van den boede van den cammen achter volgens

765 1004 2217 177 alt blijckt bj mijne quittantie hem medegegeven

768 1088 2436 207 ue gelieft voorders te segghen blijde te wesen dat laeste

770 1208 2418 180 hier over synde weijnige goederen heeft gecocht alsoo

763 1335 2414 156 a costy geen veringe en is andere vrinden en claeghen

761 1455 2420 174 soo seer niet want die sedert noch al differente rijten

758 1550 2377 190 hebben overgeweest ende goede partijen gecoght

765 1661 2433 173 dat mij oordeelen doet datter noch al ietste vercoopen

777 1756 2338 184 moet wesen oock heeft ue op ue laeste rijse noch

779 1906 2392 142 al goede provisie bij andere vrinden gedaen en om wat

776 1995 2401 175 reden dat ue mij heeft voor bijgegaen en can ick niet

747 2094 2279 154 bedencken. mij dunckt dat ick in alle occasien soo

787 2194 2398 187 goet apparsement aen mijne calauten geve alsimans

755 2300 2450 176 in de weerelt soude connen doen oock dat ick in noyt

761 2419 2436 151 lastigh oft moeyelijck en valle over hunne betaelingen

772 2538 2363 168 want dat laete ick ue selfs considereeren: dat ick de

765 2632 2344 138 affairent present doen en is maer in hoepe dat met

766 2739 2411 197 Godrt gratie door eenen vrede de tijden sullen beteeren

773 2873 2410 163 ende in dat gevoelen soo wille present wel panintie

777 2956 2420 129 nemen want ick magh ue in, sinceritijdt verclaeren

779 3076 2226 188 dat op alle de goederen die ick ue hebbe vercoght

775 3183 2296 178 in veer naer sooveel niet op en hebbe geavanceert

771 3278 2249 196 als den intrest tant capitael bedraeght wat ue

775 3435 2391 143 voorders gelieft te melden dat goederen aen andere

781 3504 2420 197 vercoght hebbe minder alt ue daer voor heeft gesrseent

785 3646 2392 159 is de waerheyn ende dat en can ue niet qualijck my

770 3740 2381 172 esnemen maer ter contrarre mij danck weeten

757 3869 2344 119 want verseekere ue dat den eenen met eenen

771 3970 2296 162 stuijver meer doen betaelen als den andere

791 4046 2183 187 ick resteeteerde dat ue alles het gene ue bij mij

771 4147 2366 161 appaert hadde doen legghen wederom uyt schoet

758 4270 2432 102 en maer van intentie was een bayatelle te bester

3343 89 2259 212 ende re coopen dat bij andere niet en cost vande

3331 196 2414 167 over su lchr ist nanirelijck liever niet te vercoopen dat

3348 367 2551 121 men geldt om gadt moet geven voordert dierder te

3341 423 2430 171 overcoopen soo als ue mij heeft geboeden alst andere

3357 546 2430 184 betaelen en soude ick oock noeyt doen ende dat l de

3349 632 2548 231 reden dat ick ue de flannellen niet en hebbe gelaeten

3257 752 51 111 6

3348 751 2287 246 en geaccordeert. ick en dencke niet dat ue my

3350 878 2461 234 sulckx can qualijck aftiemen dat eens rechiugee

3351 1012 2363 185 ue mjn intentie schrgeve. men moet eerelijcke

3340 1114 2451 229 luyden in de weerckt vinden ende betrouwen wilt

3335 1250 2452 212 men coophandes drijven en soo doen alle mijne

3343 1379 2417 204 calanten met my en ick met ier want al wast

3281 1515 2411 213 datten ieman sonder de minstekennisse by my

3321 1640 2401 169 court coopen soo ist seeker dat hij niet eenen

3330 1738 2317 232 stugver meer en sal betaelen als andere dit is

3307 1863 2405 198 dat ick ue soo dichmaels hebbe geasteureert en

3337 1965 2427 240 gelieft ue aen mijne woorden geloof te geven

3341 2110 2411 219 ue sult alsoo conform door occasie onder vinden

3327 2237 2380 227 ick ben soo genegen om met ue te moogen

3313 2361 2462 235 handelen als imant in de weerckt magh oft can

3340 2456 2371 199 wesen en ick hebbe alder hande sortiment van

3339 2563 2392 248 goederen tot ue dienste biddende maer in alle

3321 2680 2429 280 voorvallende occasien te commandeeren en op

3321 2830 2386 180 my te verlaeten en ick sal ue toonen dat niet

3340 2951 2381 174 niet woorden maer met ter daedt altijdts sat

3350 3062 2140 212 sijn en blijven als oock aen ue familie

3258 3118 1196 176 Brussel de weduwe de Broyer

5007 3191 415 120 23 gber

3337 3231 2498 155 Ik verhoepe ue goet retout en vraege  dat voor ue

3347 3319 2507 134 voirock op den bestende tyt de facture vande gecochte

3339 3364 2524 190 goederen ue met in hebbe connen ter hant stellen want heb

3355 3485 2493 138 be alle devoiren moeten aen wenden op het paxke te

3351 3581 2509 130 comen seveporggen door dien doorgaens de beurtschopen

3328 3629 2538 145 al voor den meddagh vollaeden wesen sende ue dan inge

3337 3723 2518 139 sloten bedraegende wesselge ƒ 1234: 19 enhemen de lebe

3316 3788 2565 123 styt metde selde occasie aende nieuwe gehoude Dh  soonend

3322 3877 2553 153 & ue  dochtr vel gelick en alle voors poet te wensche

3314 3956 2550 150 en mijn dinst te predenteren niet eens twijfelende oft sullen

3332 4050 2461 109 bij deerste goederen soo veel genoeg en qvant age

3305 4093 2569 111 dat het sal aen leijdenghe geven om met vervolght van tijt

3322 4190 2541 84 te bljve saemen continueren en handelen he vars

3344 4268 2513 114 seerenddat alles sal doen wat van mijnen ntmogelyjckis
