6269 4449
2120 73 682 157 24: Janccary 1706

695 82 1156 170 Londen Kewinus de Borpere

911 203 2168 136 seders dat ue 17 en 24 xber laest 3 en  courant met remises

923 257 2292 162 van £110:- hebbe geschreven en hebbe geen van ue aengenae

913 334 2230 206 becoepe en tweijffele echter met oft mijre bovent brieve

907 450 2267 166 sullen ue wel fen ter hant gecoeme ende ue sal mijne ordre

904 539 2268 166 tot het in coopen vande geordonneerde laeckens hebben gere

897 635 2246 201 fleiteert, door den aenhoudende oostenwint ende den stercken

911 747 2237 142 voort soo en sien niet dat wij noch soo haest eenige breeve

897 824 2245 210 van costij sullen hebben soo dat desen alleen diens om

887 908 2215 201 ue mijne bovenst brieven te confineren ende te versoecke

880 1068 2276 138 dat voor de geordonnerde spaensohe laeckens gelieft ue

882 1131 2155 206 commodittit te nemen om de beste qualityt en beste

881 1260 2325 163 couleuren mogelijck tot mijn meeste avantagie, in te coo

881 1362 2305 160 vermets na niets en presseert ende datter door den sganct

885 1498 2261 142 lichtelijck noch in lange geen occasie van vertreckende

870 1573 2313 211 schepen nochte convoiy en sal voorvallen en gelieft

873 1702 2217 167 oock niet af te laeden voor da te apprientie sal

875 1811 2311 170 wesen dat de schepen sullen connen vertrecken sonder

863 1919 2268 174 perijskel voor het js de wissel is hier tot N38 sos

899 2046 2286 170 en hebbe 3 a £500 af gegeven voor nu tot 8 32:10

883 2173 2296 142 voor heb geene ue ordonneren in te coopen sal promt

876 2325 2324 124 remittere als oock in gevalle ue voordere speculatie

883 2447 2227 127 maeckt voor ons beyde rick icts te senden p naes te

898 2522 2233 163 brieder want door de venemente conde ist ommogelijck

890 2639 2096 144 langer te schreven blijve onder couvert van de wed.

2832 2719 372 113 3 roeckmans

2735 2751 77 80 de

2394 2752 497 148 ady 25 ditto

880 2633 1148 302 een e sndeste

891 2895 2289 123 verhoepe ue goet retour inde dat de goederen p ve ordre

865 2983 2346 131 gepackt insvee pasxkens gemerckIM.I.n°12 ende gisteren

869 3042 2345 135 ahondt gelevert tot den factenrue desen middagh noet en tot

873 3164 2336 84 contentement sullen sun ter handt gecommen ick hebbe ue

864 3211 2339 103 daer voor gedebiteert op brj vsos te betaelen wisse : ƒ951:5-

889 3271 2282 109 volgens facture hier ingesloten gelieftt mij conform te

870 3323 2167 131 crediteten. het is seecket dat ue nau weluckse d' goederen

873 3430 2364 76 tot soo een pris soude connen selfs ontleden want ick si meen

877 3493 2333 74 den intrestt van t'capitael nietten avaneere. het is in hoepe

867 3542 2352 97 dat my meerdere partije saemen sullen doen, ve verseckerende

886 3614 2301 88 dat in alles daer ue can dienst doen opt nannste en seer iniel

856 3675 1250 118 sal overlaeten en Bijve

2449 3744 544 143 adij 26 ditto

664 3748 1239 171 Ronse Charles Bourgois

867 3828 2358 158 i'esperevre bon retour en compagnie de madmois. vre compagre

870 3919 2337 128 et que son vyez divne parfaitte sanete aussy que vous aurez reccu

858 3991 2359 118 chey vous la marchandisse en bon est at et a vre contentement

871 4051 2358 129 et qu'il n'aura bien de la debiter bien tost afinque ie vous puis

859 4123 2312 155 revoir bien toit ou pour le moins que ie puis attendre vos

865 4191 2340 138 ordres pour d'aultre rt de marshan dizre vou

864 4274 2339 99 ass aittint que i'auray teujours bon soing pour vous

3389 14 1607 120 men serviren an wetal sans aste

5072 65 788 84 possible. la femme

3385 67 2440 143 du facteur des chariois de ganc m'at d' ie vous pues pestes

3415 182 2411 74 en visle iusques au de manche et au sil vu: a fallu de faire

3391 209 2398 101 le ballot et en fa tres des. i'ay este fort surpps que v  ne

3410 249 2444 112 min poinet fait ie praisiz de m'en adetir a aunois faut

3398 317 2449 114 rapiener le sbauot schez moy et ilaccamoder en deux car cela

3405 346 2462 119 vous a cause beaucoup de pienne et diembaraz dont ien us

3402 429 2455 106 mary pr  occasionghe iet doibt escrire a mons. Jacques de Baute

3402 498 2342 106 ie prend la liberre de vous addresser cete e et vous asseuxe

3412 542 2447 109 quiil me serat toujours tres agreable a vous pouvoir rendre

3431 597 2401 101 service commeau py a toutslvos amis eespoitr quoin si gen

3407 644 2399 132 connoist de nre negoce ie vous prie me les addresser aurey

3409 694 1257 136 et vous m'obligerez qui su

5094 722 733 155 adij 26 Januarie 1709

3279 751 1410 234 Ronse Anthonins Baerts

3418 811 2264 217 gelieve voorleden jaer ken nisse hebben gemacht met het

3401 919 2507 151 pasche spaensche beschaedighde laeckens daer niet en twijffen

3414 958 2390 180 ue ootwe goet advance bij sal hebben gevonden ende dat ue

3399 1036 2353 193 =genpt aen de sedert die tijdt het geluck niet meer hebbe

3417 1077 2389 210 ichaet van ue oner te sian ende dat geerne de kennisse

3391 1157 2485 171 soude onderhouden, soo come ue p desen mijn dienst pres

3401 1220 2444 171 =enteren en adviseren dat van alderhandis goederen ten

3382 1303 2432 101 wuttersten wel voorsien ben naet twijffelende dftue sal met

3359 1331 2424 194 dit voor jaer al eenige goedenen noodigh hebben als de

3385 1400 2448 170 occasies presenteert versoecke eens naer te commen en ue

3399 1461 2425 170 sal onder vinden dat ue uiemandt int et & andt deter

3385 1531 1995 140 noghte oeter coop en bedienen als ick e Ben

5125 1597 555 148 adij 26 ditto

3317 1626 1188 173 mendt Jacoous Bacst

3400 1690 2425 186 met menschinge van het begonnen saligh meu ue jaer nevens ue

3410 1797 2423 136 famillie soo comme mijn denoir acguitteren van ue van herten

3398 1852 2426 153 te bedancken voor de cinilitijdt ende genoeme moeyte van

5857 1908 75 87 1 4

3377 1907 2378 179 in for matie nekens de goederen die in Augusti kaest op de

3392 1938 2432 191 Bruselsche vaertoyt het beurtschip waeren noegh gehaest als

3392 1989 2528 189 p. ue aengenaeme van 24 ditto vermelt daer en eniets van te be

3376 2078 2437 155 trecht gecommen ende de geintreseerde mijne vrienden sijn dien

3382 2141 2431 156 aengaen de met den schepper in proces alsoo hy sonder pas poort

3372 2198 2429 158 heelft genaeren het is ons seer aengenaem geweest enden heere

3382 2267 2352 157 moest sijn gebenedijt, dat het hem gelieft heeft ue de vrienden

3376 2312 2512 158 beneusens de ingeoetenen acostij voor het beleghende de gedreyghde

3378 2387 2500 121 ruine van de bombarderinge te bevrijden met het concquertere

3379 2436 2547 137 van Rijssel, soo salder voor vlaenderen naer alle schijn wat meer de

3376 2539 2481 101 negotse voorvallen, ende vermits dat mejne we veele ken nisse

3368 2542 2507 166 en de vroenden in die plaetsche sijt hebbende soo soude menvrie not schan

3381 2616 2377 134 geschieden ingenasse ue mij aen een persoon conde addresseren

3384 2693 2471 126 die eenige goederen in commissie nat de vercoopen en hebben

3383 2746 2353 125 geen kennisse l daer als aen dh van de Cruysse en mits syn

3386 2812 2335 130 broeder in de selfde affaire is soo en dunckt mij niet raershem

3385 2839 2467 152 hem daer over te schryven ingenalle ue mij sop veel faveur conde

3375 2920 2475 145 doen het oude mj seeraengenaem wese. bidde insgelijckn soo

3368 2960 2523 137 veel goet hejt te hebben van de twee ingeslotene quittantien te laeten

3379 3043 2503 139 met tbecasch en voorderen ider van ƒ100  court als mede de twee

3386 3106 2364 127 ingeleyde brieven op Ronsen te laeten bestellen. het heeft goed

3381 3178 2484 121 belieft diederom de famittie van Thr. saliet te laeten verminderen

3388 3248 2437 101 door het afsterven van thuysvrouw van th meyers woons dagh

3377 3269 2502 151 morgens tegepaseert sijnde seer subiet bij gecommen als niet twijffe

3371 3370 2417 107 oft ue all sal hebben vernoemen costissre in alle voorvallen de

3370 3450 379 91 of casien

5059 3450 571 174 adij Ditto

3279 3478 1311 201 Mons CaVeufie Masson

3371 3570 2497 180 ie ne doubte poinct que sq soit estonne du retardement de drapstients

3376 3673 2487 143 couleur de rove il at este impossible de les apprester iusques a presene

3374 3743 2475 127 pr. la forte gelie, ceperdant comme le temps se remette pour le

3378 3833 2430 105 present bauray soing de les presser et vous envoyer au piutost

3371 3864 2518 132 possible comme ie vous ays marque p. ma derniere asteur ie

3361 3994 2484 79 me trouve honnore pr la chere vre du 20 court auec ure remise

3376 4017 2475 110 a dist fonire de veue sur mad mos. huler de quatre cants escus qui

3373 4082 2493 101 m'a dilayce pour l'accepter iusques a luady disant quetle n'a

3367 4172 2528 87 poinet receue d'advis pour moy ie croy qu'il sera s'ilnd procha

3355 4237 2462 90 comme ce our dhuy et quelle n'est por het die sentiment de

3381 4288 2377 85 la payear poures gouverre. outtre qu'il me faudra
