5987 4432
679 0 2389 151 .4 aura besoing de ce moindre chose ne ques q'un de vos stmis ie vous

680 110 2369 105 prie de me donner vos ordres et vig trouuera pr l'experience que

688 194 2392 152 ie vous serviray si prompt et a li iuste prix comme si serie spresente

669 273 1323 155 ce que ie suis ittendant et me dit

482 359 1231 226 Brussel Cresthiaen segers

2296 424 646 194 adij 8 gber 1707

679 576 2318 174 het is mj leedt te verstaen bij ul. aenghenaeme van 29 pasto

693 689 2357 123 de doodre van ul. schoon vaeder bidde den almoghenden hij sijn

680 774 2388 114 seefe qheiene d'eeunighe ruste te verleenen midts heb ul soo

673 873 2380 114 ghelieft heeft soo hebbe de libertijdt ghebruyckt op 31 op & £

661 901 2421 225 sichitte trecken vnthondert galde ns nisselghelde te betaelen

679 987 2318 138 aen derdre van M. Theodor Broeckmans vl daer voor

692 1106 2377 135 van herten bedanckende doch moete oock bekennen dat

656 1198 2401 143 ma sen sibee is te sien dat ul. mj voorbij gaedt en aen andere

673 1253 2373 165 f. calandise cont want ul. heeft al considerabele partijen

528 1344 2508 141 in weynighe tijdt bij andere ghecocht de reden en can mij

671 1418 2351 176 niet mageneren ul. is bekent dat ul soo goeden coop als

659 1483 2383 179 andere ienden can bedienen dat su lcx oock nouht en sal

666 1594 2387 167 naerlaeten te doen ende dat niet en trachte als ul. goede

658 1673 2174 111 gheneghentijdt te nannen waer in mij andermael

635 1762 2430 173 recomandere sijnde van alderhande soorten van goederen

664 1863 2356 150 seer wel voorsien hebbe oock sortiment van alder hande

659 1953 2399 122 Leydsche laeckens blaune swerte carmosyne en drap de dames

660 2005 2406 190 onder den weegh en reedts eenighe by nj ghearueert werwa

638 2109 2272 149 echtende oocke en seer schoone partije van alderhande

676 2200 2373 169 nieuee moede coleure spaensche superfijne laeckens om

673 2266 2344 152 teghens het vwoordaer ghereedt te hebben soo dat niet en

676 2354 2363 159 twijffele oft sal int toecomende instaedt sijn van ur en

671 2486 2370 139 mijne comenden van alle sortimente te connen dienen

547 2590 2459 153 biddende en het menste dat ul. saude noodigh hebben

676 2635 2345 189 mij altijdts te commanderen en d'eere aen tedoen van

675 2725 2383 189 mercomende mij te comen besoecken ghelieft pr occasie

663 2829 2389 178 eens te noteeren hoe het staedt met het restant van mijne

673 2899 1009 171 carseyen ende Blijsse

462 3010 945 176 leuve adviaes Everacts

1951 3027 520 162 9 gber 175

639 3109 2413 177 get hebbe ue aengenaeme van 19 en 26 sber laest wel ontfang

647 3225 2394 147 confoym den cetste soo hadde al verwacht dat ue de 2 laeckers

650 3324 2316 123 die ue geteckent hadde soude hebbe ontboede docht ue contra

662 3379 2401 190 mandeert die door dien van 26 niet te sende dat mij liet is asts

689 3500 2366 174 dat de gamisoenen u al sijn over al in gecoemen soo en

664 3615 2445 142 isser gen perjcael meer op den wegh naer mij dunckt den

654 3695 2417 166 ue gelijck gen genegentheyt meer en heeft om bij mij te coop

661 3834 2423 133 om wat reden is mj onbekent ue magh seeker wesen dat e

1230 3909 290 84 rederen oft

1542 3906 194 82 beter

639 3926 2458 176 niemant. beter coop als ick sal leveren en oock dat ick noye

662 4038 2428 157 en sal manckeren mijn uyterste beste te doen om ue prompt

676 4133 2411 135 en wel te bedienen en daerom soude wel wenstie dat ue eens

660 4189 2413 155 eenige goderenn van mij wilde onbbeede om die eens tegens

674 4311 2287 75 andere te besien ende dan ben wel seeker dat ue sal

3343 51 2350 117 ondervinde het gene ue nu aldies  hebbe geschieve

3338 157 2420 112 ock hebbe alderhande moede couleure spaensche laeckens

3315 199 2425 177 van alle prijse oock geperste de aldesijns te tot 48 suy

3336 317 2364 160 oock van 45 & 2 oock seer schoone van ƒ2- en 38 suj

3322 409 2415 186 lamme kens bayen tot ƒ40 deventer bayen van alle prijse

3318 527 2391 250 tot ƒ54: de super fijnste andere  wite

3248 652 2483 243 corpeyen tot ƒ 23 de geverfte tot ƒ 26- aƒ 25 roode 29

3314 755 2393 249 blouwe ƒ31 witte sijne fresaerde seer goet tot 1ot de

3320 873 2464 279 geverfde naer advenack oock seer schoone carmosyne

3330 967 2471 311 swerte en blouwe als drap de dammes soo inlantre

3310 1077 2475 320 als hollansche van alle prijse hebbe oock aen

3325 1207 2455 274 euse witte flanellin qesper de en andere superfjen

3206 1353 2572 234 en voorde reste ben van alles ten uytersten wel

3316 1447 2455 250 voorsien ue heeft mij geschreve dat den boede schoen

3311 1560 2369 244 derhage schoondraegers meenigh gelt soude

3303 1679 2473 260 tellen en hebbe van hem tot noch toe met vernoe

3317 1812 2464 219 men ick groete ue van hette en reckommandere

3320 1967 1053 243 mij in ue genegentheyt

4694 2068 685 219 9 gber 1757

3153 2096 1409 256 heyven Betholomens Corthoul

3306 2200 2447 231 Ik hebbe ue brieft van 7 court wel ontfange waer biy

3342 2346 2417 171 ue gelieft mij met dee boeden wijn te senden ƒ 450 daer ue

3337 2416 2440 183 over van herte bedancke als den boede mij die sal tellen

3325 2549 2339 182 sal hem quitantie geven en op ue ck selte en con niet

3334 2681 2392 111 mancken ue te schrijve dat wederom een versche partije

3336 2743 2349 159 van alderhande goederen hebbe ontfange soo laeckens als

3315 2827 2489 165 bayen cameyen en frisaerden seer phoven goet en goeden coop

3331 2981 2452 113 de witte de alderbeste tot 10½ geverfde a 11 ½ de roode a 13

3318 3067 2418 110 de alderbeste de witte carseyen tot e 23 de geverfde tot

3316 3166 2478 127 ƒ283- a ƒ26 naer dight de roode 29a ƒ 28 de blouw a

3305 3231 2487 174 hois hebbe oock de schoondte laeckens van alderhande co

3311 3384 2498 133 leure die ue soude connen wensche tot 38 en voorders lde

3293 3467 2479 189 hande goederen die noyt soo goeden coop en hebbe gewest

3299 3610 2513 157 heeft ue oft ue joon oft iemant van ue vriende aets noodig

3310 3674 2493 175 moght serker wesen dat ue numant beeter oft beter coop

3313 3807 2492 106 en sal oft en can bedienen hebbe oock alderhande gever

3315 3925 2496 148 de bayen reckommandere mij int minste dat ue soude

3332 4059 2379 138 connen noodich hebbe en sal sulck n afwachten

3351 4135 1650 130 terwij lent naer groetemitse blijve

4350 4235 208 126 dde
