5936 4406
569 48 2488 115 moete infallibel op de goederen schaede doen hebbe ul. oock gheschreven

546 128 2515 99 dat het demoeyte niet weert is sulcke affairens te doen om de provisie maer

567 209 2482 131 dat wj niet beeters connende moeten orienden soecken op ons daer in

547 284 2522 115 die hst te doen en ul. beleefde presentatien hebbe de libertijdt ghebruyck

568 387 2496 107 ul daer mede moegelijck te vallen en desiderere anders niet als het ul

562 456 2489 104 te mooghen continueren ten waere ul. sulcx niet meer aengheiaem

577 564 2449 78 en eaere doch daer valt present hier te lande soo weynigh hier in

558 617 2485 138 negotie voor dat het demoeyte niet weert is en ment daer in gheen

570 672 2466 142 infrest wan t cappitael can vinden het ghene de reden is dat weit

553 785 2430 132 =nigh doen en eeijnigh mij met goederen soecke te belasten met

572 839 1919 150 gheleghentijdt antwoort te ghesmoet siende blyve

379 926 1184 213 Rotterdr. Caeques Meyers

2442 989 619 161 Adij 4 Augusti 1707

578 1064 2419 191 hebbe ul. aenghenaeme van 29 pasts wel ontfanghen ende daer bij

583 1231 2340 104 ghesden dat niet teghenstaende op wat nmsiinser oft iet datt

563 1291 2452 134 trachte ul. te kennen te gheven dat ul mij te swaer chargeert

591 1356 2367 115 over oncosten in reckent niet te min ul. ghelieft te persicteren

576 1454 2485 103 seghende hoemen een pondt sterlincx mander dan op ƒ 11:- soude ttiyt

573 1549 2492 118 reckenen ick en can dan oock niet vinden hoe dat het doordie van

578 1604 2419 103 l comptoir adde voorighe reckeninghen op den selfden voet is

562 1683 2429 111 west ghereckent tot ƒ10:- ick moete trachten neuefis andere de

558 1772 2515 133 ocotten te menageren want het compt daer nu particulier op aen

553 1834 2469 141 en ul goelieve sulex te considereren volghens advies van costij

566 1966 2482 119 sijnde neenighe hulsche schepen ghearineert hebbe daer weynigh

552 2034 2486 131 en te rest mede dan bij mijn meete in thomas wattes een pack

574 2130 2485 155 laeckenen  no. 14 doch alsoo der noch eenighe packen sande

585 2214 2356 122 connen wesen af ghelaeden buyten mijn weese van t selfde

557 2290 2515 131 merck van 15 tot 19 inclus soo ghelieft daer bj provisie eenste

570 2399 2475 142 doen naer informeren en op ul advies sal ul dan den inhaudt

580 2505 2393 134 tot het versonden der selfde p naesten noteeren die blijve

375 2587 950 201 Ghendt Jacob Baut

2497 2592 451 201 Adj d.

564 2718 2321 194 ick verhoope ul. goede retour desen tot couvert van de twee iigheleyde

570 2855 2456 139 briefkens een van ƒ 140:- wisselghelde op Cornelis stamme vervallende

560 2971 2239 138 7 jouyt ende een sijnde mijn trato van heden sight op S J Bapt

587 3040 2483 163 Blancquaert van ƒ117:6 tesaemen ƒ 257:6 wisselgheldes waer voor ghelieft

578 3146 2479 157 het noodigh te besorghen en mij inrecken te crediteren bidde de ghelntre

560 3244 2486 181 =seerde noeghens Reynier de Buck met ul. goeden raedt te assisteren en

569 3331 866 140 in alle occasien blijve

363 3404 1067 206 Mamur Francois Castaigne

2525 3420 447 185 Adij 5 d.

575 3528 2390 181 despnis que ie vous ay envoye le vingt gbre de l'anne passe, deux P de

558 3658 2489 169 flanelles blanches cortant ensuitte a la facture £22:17:4 de change

549 3792 2518 144 ie me trouve sans aucune de cheres vrey celle ay pour vous faire offre

552 3883 2453 138 de rechef de mes services en toutes occasions et pour vous prien de

568 4009 2457 107 me vouloir remettre cette bagatelle sus ditte p. occasions et a vre

578 4113 2480 153 commodite ie vous puis dirx  que i'ay imetres beau magasin

573 4179 2488 189 fourrai de foutes sortes de marchandises et que le tout n'at

3336 49 2466 122 iamais este mellieur marche que pour le present drapnoirs et bleu rouge

3324 110 2459 106 Jausne et verd de 3 gtres beau suparfins noirs de ƒ14 us ques a 15 aus 3 le

3324 159 2484 139 bleu drap de dammes de ƒ13 iusquees a ƒ14 i'ay de draps commays de toutte sorte

3325 230 2469 153 de coleure de 38 pattars ussaues a ƒ2:8 aƒ39 l'ayne. les fins de ƒ3:- ƒ3:10 ƒ4:- ƒ4:10

3338 314 2468 122 ƒ5 iusgues a ƒ6:- de toutes sorte decoleures a la modes bayesz deuenter orr ƒ42

3314 391 2423 111 Jaussij de flanelles de  3 large du bayes colchester a ƒ42 de bayes blanches

3344 465 2419 107 commeynes de ƒ20:- carisees blanches ƒ 22:- ƒ 23 iusques aƒ 28 les mellieures

3340 542 2457 83 celles tiente coleures a la mode ou blen et rouge al l'advenant nous

3338 602 2396 101 avons ausscy toutes sortes de serges et perpetuanes ' Anglettere i'ay aussy

3335 653 2454 149 de draps bilanc pour de religieeses et toute sorte de marchandisse ssj8:4

3331 756 2496 105 a besoing de la moindre chose ie vous prie me commander vous assengant

3336 828 2443 111 que vous n'aerez iamais eu les marchandises au prix que ie vous les

3336 895 1344 133 peu rendre pour le present ie suis

3094 957 2667 213 Leuven Pater procurator van de Je suiten Adij 5 Augrtt1 1707

3302 1087 2484 249 hebbe al van tijdt to ltijdt verwaght dat sil. mij eenigh ghelt

3281 1237 2534 174 soude hebben gesonden echter tot datr heden niets vernoemen

3287 1357 2450 170 ick moete segghen dat tegen woordigh schaede doenaecede

3318 1445 2385 211 goederen die ick hebbe gelevert want lyt versehert dat e

3301 1558 2441 177 vaer naer loovell niet op de laekens geavanceert hebbe als

3298 1691 2409 170 van nu aft aen den inpest moete goegeven dat versoeke

3285 1754 2282 218 gelieve te considereren en twijfele niet oft met dit

3309 1855 2442 222 afgaende saisoen sullen de paters al eenige laekens

3318 1999 2495 185 van doen hebben en soo coeme mij p desen wederom

3306 2099 2462 199 aen SC ne com andeeren synde van seer schoone

3279 2225 2403 195 laekens voorsien en mooght selker wesen dat ue

3298 2317 2459 195 niemans tot soo cvielen priys sal bedienen als ick

3247 2444 1377 186 die blijve in alle occasien

3100 2552 1077 200 Rotterd CJacques Meyers

5218 2583 563 208 Adij8 d. 177

3341 2725 2497 185 sien door ul. aenghenaeme van dcourt dat alleen twee packen met de

3326 2819 2460 204 hussche schepen voor mij sijn ghearriveert te weten  22814 en 18

3329 2897 2455 175 in thomas wallis hier onder de notitie en declaratie ghelieft mij

4769 3025 69 72 Co

3326 3018 2498 222 die transitoor toe te senden met een geodt schip en schipper. hebbe

3340 3122 2511 230 liever met een hollands schippee als trij claessens abs het beneffen

3296 3255 2526 188 elie van fransitoop maer en can ghenieten daer en is present heet

3347 3333 1021 182 dat preseert ick Blijve

3319 3496 2442 218 C n°14 met 282 dosijntiens van 18a iedert weert ƒ 700:-

3973 3587 1095 162 2 baijen vrappers a a  ieder

3292 3780 1389 180 C n° 18 met 27½ d. aa 18ieder

5006 3848 727 198 weert ƒ 620:-

3917 3925 1012 179 2 bajen vrappers a a 65 ieder
