6034 4407
689 23 2356 139 reu. met ul. aengienaeme van 23 pasto oaer

663 111 2290 96 =mede ul mij heeft gheordoneert aen ul. een Blauntcarsey te

681 164 1403 99 senden ghelijck ick op den 24sten ƒ

1976 158 1118 162 ghedaen hebbe met de waeghen

692 260 2392 113 niet twijfelende oft het is aen ul op sijnen tijde wel en tot ul conten

674 293 2383 148 tementt gheworden den Bode heeft mij dat betaelt een en

681 379 2394 155 dertigh guldens wisselghelde ick ben t danck baer voor ul ghene

672 456 2408 152 =ghentydt dat ul. met quelieft ul. calandise te konnen versoeck

667 544 2357 92 ende int toecomende ghelieft te continueren en ul. magh

697 579 2315 152 seecker wesen dat ul niemendt beeter coop en can oft en sal

699 659 2389 185 dienen oft dat ul. nerghens beeter sortement van alderhande

677 733 2354 146 goederen en sal vinden soo laeckens superfijne als ghemijne

655 853 2345 98 gheperste en noortse en dosjnen baeyen carsegen flakellen

652 905 2358 122 frisaerden deventer bayen, en colchester oft 3a bayen ick

697 982 2242 120 mensche ul. het saligh nieujaer met alle soorten van

665 1048 2306 146 Benedictie en contentementt tot salighydt en soo Blijve

502 1137 1596 188 Brugne Gillis ran Coppenolle

2438 1188 570 127 5 Januari 17008

671 1289 2421 154 aensche pl. ende ul. famillie dit saligh ing het reden jaer met veele

673 1392 2411 116 naer volghende vervult met segen en benedictie tot contente

663 1492 2389 99 ementien salighydt en twijffele oft mijnen van 18 gber laest

684 1574 2360 102 sal ul. op sijnen tijde wel sijn gheworden dien volghens hebbe

693 1647 2386 103 van tijdtt tot tesdt dieere va L antwoort te ghemoet ghesien

685 1711 2395 118 endde alsoo met dit nieuue paer geerne alle open staende Reckeningen

691 1795 2325 120 saude gheefent sien soo gome ul. andermael p desen indachtigh

683 1866 2389 103 maecken op dat ul. aen mijn versoeck p mijnen van 18 hils boven

691 1948 2382 109 ghemeldt tsande ghetieven te voldoen en ul sal mij verobligeren

663 2010 2156 118 die het selve ben atwachtende naer offer mijns dienst

554 2098 1219 163 London Runus De Dorpere

2312 2138 664 172 Adj 9 Janu 1703

677 2236 2344 153 ul. aenghenaeme van 19 pasto hebbe wel ontfacden met facturen

701 2333 2376 121 en staelen van 24 ps spaensche laeckens in twee paexkkens ghemerck

681 2409 2312 108 no 1 e½ 2 wat aen ghedt no1 vinde dat seer slecht gheasorteert

688 2513 2399 98 want het alte mae Bruyne couleuren wesen ieter pack moet immet

671 2582 2389 90 seen sortimentie wesen van alles n°2en sijn ghoch nieuwe mode

689 2639 2335 108 coleuren en daer bj niet met clijn menghellaghe ghelijck men

703 2712 2271 116 present vraeghtt. echter sal die met godts gratie afwachten

689 2775 2404 111 com aen het stuck te sien ende de qualitijdt en prjs te considereren

678 2872 2421 118 nevens die van andre vrienden ick maecke seer weijnigh specula

649 2932 2405 109 =tie hver ostende daerom en twijffele niet oft ul. sal mijn ordre

687 3014 2408 116 hebben  volbracht van op R otterd. de selve af te laeden

703 3104 2353 130 ieden pack in een different schip om den risico te terdeelen

711 3148 2328 159 mett goede schepen en schippers, want buesfen het lanck t

709 3254 2345 109 tardeeren soo is den risceo mer ostende veel grooter en hebbe

705 3315 2303 122 voor leden jaer wel 1 £ 200: - schaede aende goederen

709 3400 2350 133 langhs die route gheleden soo dat een rast voor nemen

717 3484 2264 134 hebbe ghemaeckt die route niet meer te ghebruycken

708 3579 2380 145 tot ue governo. verwachte de connossemente en remette

687 3642 2408 125 =re l hier inghesloten  £220:  als aen den voedt

684 3743 2402 125 deser waer voor ghelieft het noodigh te besorghen en mij

692 3834 2376 118 in recken te coediteren en soo blijve naer menschinght

691 3906 2003 89 vant nieuvoaer met alle heu en prosperityt

711 3979 2201 144 van 13 xber s0s op CLaude formereau ses £400: -:

718 4051 1316 150 van 16 Ditto 3sos op h. funnesse

2356 4100 579 100 „ 120:-:-

1864 4166 966 172 samen & £ e 1

3339 75 2395 86 en begeere positiet over ostende niet te hebben af ghelaeden want

3342 141 2423 89 hebbe ul gundelijck gheordoneert met mijne tweel voorgaende d'occasie

3335 217 2392 74 want eerste Rotterdams convoij waerte nemen blijve dan sonder

3358 268 2195 119 faute af wachtende ul anwoort ende de connossementen

3769 306 894 118 niet voorts ghegaen

3172 400 1355 223 London Liuinus De Dorpere

5130 463 652 174 Adij 5 Janu. 1703

3341 545 2430 185 soo aenstonts ontfanghe den r van 19 past. met facturen en

3357 647 2439 136 staelen van twde paxkens laeckens  n1 en 2 daer ul. p naestey

3357 725 2439 135 sal largo op  antworden degen alleen om ul te seghen

3352 813 2405 103 dat verwondertt ben dat ul. saude wachten af te laeden

3335 852 2382 108 naert convoij op ostende ende soo de occasie want ghereedt

3338 946 2453 103 seggen de con ooy op Rotterdr te laeten voorbij gaen ick hebbe

3358 990 2434 136 impers ul sulex met mijn twee voorgaende lijke noechsaem

3175 1065 65 75 t

3347 1051 2436 139 gheordoneert ende te kennen ghegeven dat dat in ijn

3315 1159 2487 102 bintentie is want ick hebbe ex parientie wat laedt op t convoje

3341 1197 2407 121 over ostende te maecken is daer voorleden jaer door het

3348 1290 2418 116 tardeeren de goederen alle hebben beschadight gheweest

3337 1370 2361 109 en voor mijn deel cireade  £200: :- sos dat niet en

3345 1436 2453 98 hope oft vl sal die  op Rotterdam hebben af ghelaeden

3333 1511 2459 105 en sal pr. eersten de connossementen hebben laette van dien

3345 1583 2456 114 neensche dat desen mijnen noch by tude ul magh ter handt

3333 1659 2450 99 comen want en begeere pos i ief over ostende niet den

3330 1719 2462 91 N18ico is te groot nietrcke tijk hotnieun iaer metalle heyt

3336 1738 2379 158 en prospeitijdt en Blijve afwachtende wat sal syn

3331 1826 657 149 thepasseert

3619 1905 2146 141 voorrsyegaen onder couvert van Dhr Broeckmans

3116 2028 1526 191 Brughe Pillis van Coppenolle

5079 2046 672 170 Adie7 Ditto 1708

3317 2164 2452 159 hebbe oel ontfanghen vlaenghenaeme van 6 cour doch ick ver

4281 2256 252 61 de minotte

3183 2266 2580 152 nonsdere my dat ul ghien pmentie en maeckt van beyde de mijne

3358 2344 2418 145 van 18 aber en 5 court die niet te men gheloove te promipt sijn

3358 2468 2449 108 I heidde en ghelieft niet te tardeeren mt die te beant

3317 2501 2497 157 twoorden en aen mijn versoeck daeroby vermel te willen voldoen

3341 2609 2357 104 sal mij daer op verlaeten inghesloten sen d'½ de versochte

3341 2628 2484 183 certificatien van mijne laest gheariveerde packen hebbe met de

3344 2752 2347 144 longhste brieven van London advies dat wij eerst daeghs een

3205 2835 2580 124 convoy op Brughe hebben te verwachten het gene godt ver=

3328 2906 2408 157 teleche alsoo magh wesen en gheluckigh sal ue magh comen

3347 2984 1219 152 ick groete ul en soo Blijg

3122 3076 1177 207 Ghendt Jacob Baut

5051 3096 646 174 Aden 10 Ditto

3360 3253 2306 128 sedert u.l. aenghenaeme van 23 sber laest en hebbe gheen

3349 3288 2446 178 occasie ghenonden ul. te schrivven versoecke ul. de goedtheydt

3351 3440 2354 103 gherieft te hebben van de twee inghesloten quittant een

3344 3502 2297 108 heden van ƒ100: saemen ƒ 200: van jonck van

3343 3555 2434 156 Anthoine D overloop copmis van d'impos ities tte doen

3356 3631 2290 142 in voorderen en ontfanghen sijnde mij daer voor

3342 3737 2469 110 crediteren en ul. sal mij ien hoeghsten verobligeren

3333 3812 2462 113 oock voor acceptatie  besorghen voor de tege in

3293 3916 2481 107 =gheleyde wissel biefkens ende die mij te renvoyeren

3325 3959 2370 136 lade oock wel gherpe eenighe informatie hebben

3341 4055 2405 162 hoe het present staedt met dent Boedel van de

3343 4186 2293 129 Buck en ul. speculatie oier desselfs directie
