<?xml version="1.0" encoding="UTF-8"?>
<alto xmlns:xsi="http://www.w3.org/2001/XMLSchema-instance"
      xmlns="http://www.loc.gov/standards/alto/ns-v4#"
      xmlns:page="http://schema.primaresearch.org/PAGE/gts/pagecontent/2013-07-15"
      xsi:schemaLocation="http://www.loc.gov/standards/alto/ns-v4# https://www.loc.gov/standards/alto/v4/alto.xsd">
   <Description>
      <MeasurementUnit>pixel</MeasurementUnit>
      <OCRProcessing ID="IdOcr">
         <ocrProcessingStep>
            <processingDateTime>2022-02-11T21:31:34.333+01:00</processingDateTime>
            <processingSoftware>
               <softwareCreator>READ COOP</softwareCreator>
               <softwareName>Transkribus</softwareName>
            </processingSoftware>
         </ocrProcessingStep>
      </OCRProcessing>
   </Description>
   <Layout>
      <Page ID="Page1" PHYSICAL_IMG_NR="1" HEIGHT="4449" WIDTH="6250">
         <TopMargin HEIGHT="0" WIDTH="6250" VPOS="0" HPOS="0"/>
         <LeftMargin HEIGHT="4449" WIDTH="0" VPOS="0" HPOS="0"/>
         <RightMargin HEIGHT="4449" WIDTH="0" VPOS="0" HPOS="6250"/>
         <BottomMargin HEIGHT="0" WIDTH="6250" VPOS="4449" HPOS="0"/>
         <PrintSpace HEIGHT="4449" WIDTH="6250" VPOS="0" HPOS="0">
            <TextBlock ID="region_1637589872760_1222"
                       HEIGHT="4319"
                       WIDTH="2579"
                       VPOS="57"
                       HPOS="589">
               <Shape>
                  <Polygon POINTS="589,57 3168,57 3168,4376 589,4376"/>
               </Shape>
               <TextLine ID="region_1637589872760_1222l1"
                         BASELINE="824,108 940,110 1057,112 1174,112 1291,112 1408,110 1524,109 1641,108 1758,106 1875,104 1992,104 2108,102 2225,102 2342,104 2459,106 2576,108 2692,113 2809,120 2926,127 3043,135 3160,146"
                         HEIGHT="126"
                         WIDTH="2367"
                         VPOS="62"
                         HPOS="809">
                  <String ID="string_region_1637589872760_1222l1"
                          HEIGHT="126"
                          WIDTH="2367"
                          VPOS="62"
                          HPOS="809"
                          CONTENT="sorte mentie be met hadde soo heeft ul. daer anders nu van gelieft te disponen"/>
               </TextLine>
               <TextLine ID="region_1637589872760_1222l2"
                         BASELINE="840,166 956,170 1072,172 1188,172 1304,172 1420,172 1536,170 1652,170 1768,168 1884,168 2000,166 2116,166 2232,166 2348,168 2464,170 2580,174 2696,178 2812,184 2928,193 3044,202 3160,214"
                         HEIGHT="132"
                         WIDTH="2351"
                         VPOS="114"
                         HPOS="824">
                  <String ID="string_region_1637589872760_1222l2"
                          HEIGHT="132"
                          WIDTH="2351"
                          VPOS="114"
                          HPOS="824"
                          CONTENT="hebbe noch al redelijcke vraege gehadt naer ul draps de berrie maer om"/>
               </TextLine>
               <TextLine ID="region_1637589872760_1222l3"
                         BASELINE="812,222 929,224 1046,226 1163,228 1280,228 1397,228 1514,228 1631,228 1748,226 1865,226 1982,227 2099,228 2216,230 2333,232 2450,234 2567,238 2684,244 2801,251 2918,260 3035,269 3152,282"
                         HEIGHT="156"
                         WIDTH="2373"
                         VPOS="170"
                         HPOS="796">
                  <String ID="string_region_1637589872760_1222l3"
                          HEIGHT="156"
                          WIDTH="2373"
                          VPOS="170"
                          HPOS="796"
                          CONTENT="het sts slecht couleur en wilter niemant een in alles daer ick ul can "/>
               </TextLine>
               <TextLine ID="region_1637589872760_1222l4"
                         BASELINE="816,294 918,290 1021,286 1123,284 1226,284 1329,282 1431,282 1534,282 1636,282 1739,284 1842,284 1944,286 2047,288 2149,290 2252,292 2355,295 2457,298 2560,300 2662,304 2765,306 2868,310"
                         HEIGHT="95"
                         WIDTH="2083"
                         VPOS="235"
                         HPOS="800">
                  <String ID="string_region_1637589872760_1222l4"
                          HEIGHT="95"
                          WIDTH="2083"
                          VPOS="235"
                          HPOS="800"
                          CONTENT="dient doen geleeft mij libber te commanderen die Blijve"/>
               </TextLine>
               <TextLine ID="region_1637589872760_1222l5"
                         BASELINE="884,404 910,401 936,397 962,394 988,391 1014,389 1040,388 1066,386 1092,386 1118,386 1144,386"
                         HEIGHT="127"
                         WIDTH="296"
                         VPOS="301"
                         HPOS="863">
                  <String ID="string_region_1637589872760_1222l5"
                          HEIGHT="127"
                          WIDTH="296"
                          VPOS="301"
                          HPOS="863"
                          CONTENT="P"/>
               </TextLine>
               <TextLine ID="region_1637589872760_1222l6"
                         BASELINE="786,462 901,460 1017,458 1132,457 1248,454 1363,452 1479,450 1594,448 1710,446 1825,444 1941,444 2056,442 2172,442 2287,444 2403,446 2518,448 2634,452 2749,458 2865,465 2980,473 3096,482"
                         HEIGHT="163"
                         WIDTH="2342"
                         VPOS="355"
                         HPOS="771">
                  <String ID="string_region_1637589872760_1222l6"
                          HEIGHT="163"
                          WIDTH="2342"
                          VPOS="355"
                          HPOS="771"
                          CONTENT="desen brief voor middaech ges. sijnde soo hebbe terborse alle moogelijcke"/>
               </TextLine>
               <TextLine ID="region_1637589872760_1222l7"
                         BASELINE="798,524 911,522 1024,520 1137,518 1250,516 1363,512 1476,508 1589,506 1702,504 1815,502 1929,500 2042,500 2155,500 2268,500 2381,502 2494,506 2607,511 2720,518 2833,525 2946,535 3060,546"
                         HEIGHT="108"
                         WIDTH="2291"
                         VPOS="467"
                         HPOS="784">
                  <String ID="string_region_1637589872760_1222l7"
                          HEIGHT="108"
                          WIDTH="2291"
                          VPOS="467"
                          HPOS="784"
                          CONTENT="devoiren de daen om l. te remitteren ende niets connen te recht "/>
               </TextLine>
               <TextLine ID="region_1637589872760_1222l8"
                         BASELINE="808,578 919,580 1031,580 1143,578 1254,577 1366,574 1478,572 1589,570 1701,567 1813,564 1925,562 2036,562 2148,560 2260,562 2371,564 2483,566 2595,570 2706,578 2818,585 2930,595 3042,608"
                         HEIGHT="102"
                         WIDTH="2263"
                         VPOS="515"
                         HPOS="793">
                  <String ID="string_region_1637589872760_1222l8"
                          HEIGHT="102"
                          WIDTH="2263"
                          VPOS="515"
                          HPOS="793"
                          CONTENT="comen oversulxxx al wast hondert ponden ende dat ul daer mede "/>
               </TextLine>
               <TextLine ID="region_1637589872760_1222l9"
                         BASELINE="820,634 933,638 1046,640 1159,640 1272,638 1386,636 1499,634 1612,632 1725,629 1838,626 1952,624 2065,624 2178,622 2291,624 2404,626 2518,630 2631,636 2744,644 2857,655 2970,668 3084,684"
                         HEIGHT="166"
                         WIDTH="2295"
                         VPOS="566"
                         HPOS="805">
                  <String ID="string_region_1637589872760_1222l9"
                          HEIGHT="166"
                          WIDTH="2295"
                          VPOS="566"
                          HPOS="805"
                          CONTENT="can dienst doen gelieft maer om my te trecken en ul. trato sal alle"/>
               </TextLine>
               <TextLine ID="region_1637589872760_1222l10"
                         BASELINE="820,698 846,700 872,700 899,700 925,699 951,698 978,696 1004,694 1030,693 1057,692 1083,691 1109,690 1136,690 1162,690 1188,690 1215,694 1241,697 1268,702"
                         HEIGHT="99"
                         WIDTH="483"
                         VPOS="642"
                         HPOS="802">
                  <String ID="string_region_1637589872760_1222l10"
                          HEIGHT="99"
                          WIDTH="483"
                          VPOS="642"
                          HPOS="802"
                          CONTENT="eer genieten"/>
               </TextLine>
               <TextLine ID="region_1637589872760_1222l11"
                         BASELINE="2810,792 2836,796 2862,800"
                         HEIGHT="81"
                         WIDTH="97"
                         VPOS="730"
                         HPOS="2792">
                  <String ID="string_region_1637589872760_1222l11"
                          HEIGHT="81"
                          WIDTH="97"
                          VPOS="730"
                          HPOS="2792"
                          CONTENT="20-"/>
               </TextLine>
               <TextLine ID="region_1637589872760_1222l12"
                         BASELINE="732,834 787,828 843,824 899,821 955,820 1011,818 1067,818 1123,818 1179,820 1235,820 1291,821 1346,822 1402,823 1458,824 1514,824 1570,824 1626,824 1682,824 1738,822 1794,819 1850,816"
                         HEIGHT="165"
                         WIDTH="1148"
                         VPOS="714"
                         HPOS="717">
                  <String ID="string_region_1637589872760_1222l12"
                          HEIGHT="165"
                          WIDTH="1148"
                          VPOS="714"
                          HPOS="717"
                          CONTENT="Rotterdam Jaeques Meyers"/>
               </TextLine>
               <TextLine ID="region_1637589872760_1222l13"
                         BASELINE="2504,842 2532,839 2561,838 2590,836 2619,835 2648,834 2677,834 2706,834 2735,835 2764,836 2793,836 2821,838 2850,840 2879,843 2908,846 2937,848 2966,852 2995,854 3024,858 3053,863 3082,868"
                         HEIGHT="146"
                         WIDTH="613"
                         VPOS="729"
                         HPOS="2489">
                  <String ID="string_region_1637589872760_1222l13"
                          HEIGHT="146"
                          WIDTH="613"
                          VPOS="729"
                          HPOS="2489"
                          CONTENT="Adij P: gber 1708"/>
               </TextLine>
               <TextLine ID="region_1637589872760_1222l14"
                         BASELINE="800,900 918,908 1036,916 1154,918 1272,920 1391,920 1509,918 1627,914 1745,912 1863,908 1982,904 2100,900 2218,898 2336,898 2454,898 2573,900 2691,905 2809,912 2927,923 3045,937 3164,956"
                         HEIGHT="148"
                         WIDTH="2394"
                         VPOS="826"
                         HPOS="786">
                  <String ID="string_region_1637589872760_1222l14"
                          HEIGHT="148"
                          WIDTH="2394"
                          VPOS="826"
                          HPOS="786"
                          CONTENT="ul. aen aengeme van 30 past hebbe wel ontfang en geerne gesien het arrivement"/>
               </TextLine>
               <TextLine ID="region_1637589872760_1222l15"
                         BASELINE="800,972 915,978 1031,980 1146,982 1262,980 1378,978 1493,976 1609,972 1724,968 1840,964 1956,960 2071,956 2187,954 2302,952 2418,952 2534,954 2649,958 2765,966 2880,973 2996,986 3112,1000"
                         HEIGHT="129"
                         WIDTH="2346"
                         VPOS="902"
                         HPOS="783">
                  <String ID="string_region_1637589872760_1222l15"
                          HEIGHT="129"
                          WIDTH="2346"
                          VPOS="902"
                          HPOS="783"
                          CONTENT="deroloote Godt danck dat ick bij het voorgehallene malhene in hamenscaman"/>
               </TextLine>
               <TextLine ID="region_1637589872760_1222l16"
                         BASELINE="816,1032 930,1036 1044,1038 1158,1038 1272,1037 1386,1036 1500,1032 1614,1029 1728,1026 1842,1022 1956,1018 2070,1016 2184,1014 2298,1012 2412,1014 2526,1016 2640,1019 2754,1026 2868,1033 2982,1045 3096,1058"
                         HEIGHT="142"
                         WIDTH="2310"
                         VPOS="947"
                         HPOS="801">
                  <String ID="string_region_1637589872760_1222l16"
                          HEIGHT="142"
                          WIDTH="2310"
                          VPOS="947"
                          HPOS="801"
                          CONTENT="geen intyest en hebbe de tuee packen vijt samuell senten no12. 13 sien"/>
               </TextLine>
               <TextLine ID="region_1637589872760_1222l17"
                         BASELINE="808,1088 923,1092 1039,1094 1155,1094 1271,1092 1387,1090 1502,1086 1618,1083 1734,1080 1850,1076 1966,1074 2081,1072 2197,1070 2313,1070 2429,1072 2545,1075 2660,1081 2776,1089 2892,1100 3008,1114 3124,1130"
                         HEIGHT="141"
                         WIDTH="2348"
                         VPOS="1006"
                         HPOS="792">
                  <String ID="string_region_1637589872760_1222l17"
                          HEIGHT="141"
                          WIDTH="2348"
                          VPOS="1006"
                          HPOS="792"
                          CONTENT="dan soo haest moogelijck te gemoet en sal mij verlaeten dat ul daer mede"/>
               </TextLine>
               <TextLine ID="region_1637589872760_1222l18"
                         BASELINE="812,1154 927,1156 1043,1154 1159,1153 1275,1150 1391,1147 1506,1143 1622,1140 1738,1136 1854,1133 1970,1130 2085,1128 2201,1128 2317,1128 2433,1130 2549,1133 2664,1138 2780,1146 2896,1157 3012,1171 3128,1186"
                         HEIGHT="119"
                         WIDTH="2348"
                         VPOS="1073"
                         HPOS="797">
                  <String ID="string_region_1637589872760_1222l18"
                          HEIGHT="119"
                          WIDTH="2348"
                          VPOS="1073"
                          HPOS="797"
                          CONTENT="geen tejdt sal versugmen alsoo het winter goederen wesen die met dit saisen"/>
               </TextLine>
               <TextLine ID="region_1637589872760_1222l19"
                         BASELINE="792,1210 909,1210 1026,1210 1144,1208 1261,1206 1379,1204 1496,1200 1613,1197 1731,1192 1848,1190 1966,1187 2083,1186 2200,1184 2318,1184 2435,1186 2553,1190 2670,1196 2787,1203 2905,1214 3022,1226 3140,1242"
                         HEIGHT="116"
                         WIDTH="2379"
                         VPOS="1152"
                         HPOS="778">
                  <String ID="string_region_1637589872760_1222l19"
                          HEIGHT="116"
                          WIDTH="2379"
                          VPOS="1152"
                          HPOS="778"
                          CONTENT="het meest noodigh hebbe op severinge ver coght soo dat geerne de mijne "/>
               </TextLine>
               <TextLine ID="region_1637589872760_1222l20"
                         BASELINE="820,1262 936,1264 1052,1264 1168,1262 1284,1260 1400,1258 1516,1254 1632,1250 1748,1246 1864,1243 1980,1240 2096,1238 2212,1238 2328,1238 2444,1240 2560,1244 2676,1250 2792,1259 2908,1269 3024,1283 3140,1302"
                         HEIGHT="151"
                         WIDTH="2351"
                         VPOS="1171"
                         HPOS="804">
                  <String ID="string_region_1637589872760_1222l20"
                          HEIGHT="151"
                          WIDTH="2351"
                          VPOS="1171"
                          HPOS="804"
                          CONTENT="met de eerste bijeder handt soude hebben onder de hulsches schepen hebbe"/>
               </TextLine>
               <TextLine ID="region_1637589872760_1222l21"
                         BASELINE="820,1326 932,1324 1044,1322 1156,1320 1268,1318 1381,1314 1493,1312 1605,1309 1717,1306 1829,1304 1942,1303 2054,1302 2166,1302 2278,1304 2390,1306 2503,1309 2615,1314 2727,1319 2839,1327 2951,1337 3064,1348"
                         HEIGHT="127"
                         WIDTH="2276"
                         VPOS="1246"
                         HPOS="804">
                  <String ID="string_region_1637589872760_1222l21"
                          HEIGHT="127"
                          WIDTH="2276"
                          VPOS="1246"
                          HPOS="804"
                          CONTENT="alleen twee packen met carseyen in thomas wright  n° 11 en 12 ider"/>
               </TextLine>
               <TextLine ID="region_1637589872760_1222l22"
                         BASELINE="824,1388 939,1386 1055,1384 1170,1381 1286,1378 1402,1376 1517,1372 1633,1370 1748,1368 1864,1366 1980,1366 2095,1366 2211,1368 2326,1370 2442,1375 2558,1380 2673,1387 2789,1397 2904,1408 3020,1421 3136,1436"
                         HEIGHT="151"
                         WIDTH="2344"
                         VPOS="1316"
                         HPOS="808">
                  <String ID="string_region_1637589872760_1222l22"
                          HEIGHT="151"
                          WIDTH="2344"
                          VPOS="1316"
                          HPOS="808"
                          CONTENT="pack in houden de 77 noortsche carseyen ala 26 ende weert als de voorgaen"/>
               </TextLine>
               <TextLine ID="region_1637589872760_1222l23"
                         BASELINE="812,1444 926,1444 1041,1446 1155,1444 1270,1442 1385,1440 1499,1438 1614,1434 1728,1432 1843,1428 1958,1426 2072,1426 2187,1426 2301,1426 2416,1429 2531,1433 2645,1438 2760,1447 2874,1458 2989,1472 3104,1488"
                         HEIGHT="155"
                         WIDTH="2326"
                         VPOS="1364"
                         HPOS="795">
                  <String ID="string_region_1637589872760_1222l23"
                          HEIGHT="155"
                          WIDTH="2326"
                          VPOS="1364"
                          HPOS="795"
                          CONTENT="de ider pack ƒ600:- die mij beyde oor gelieft transitoor afte senden"/>
               </TextLine>
               <TextLine ID="region_1637589872760_1222l24"
                         BASELINE="816,1486 931,1491 1047,1494 1162,1496 1278,1496 1394,1494 1509,1494 1625,1492 1740,1490 1856,1488 1972,1487 2087,1486 2203,1486 2318,1488 2434,1490 2550,1495 2665,1502 2781,1510 2896,1520 3012,1534 3128,1550"
                         HEIGHT="158"
                         WIDTH="2345"
                         VPOS="1431"
                         HPOS="799">
                  <String ID="string_region_1637589872760_1222l24"
                          HEIGHT="158"
                          WIDTH="2345"
                          VPOS="1431"
                          HPOS="799"
                          CONTENT="met een goet schip en tekende schipper. gelieft te refflecteren dat die"/>
               </TextLine>
               <TextLine ID="region_1637589872760_1222l25"
                         BASELINE="808,1542 921,1544 1034,1546 1147,1548 1260,1548 1373,1548 1486,1546 1599,1546 1712,1546 1825,1544 1938,1544 2051,1544 2164,1546 2277,1548 2390,1550 2503,1553 2616,1560 2729,1566 2842,1574 2955,1584 3068,1596"
                         HEIGHT="114"
                         WIDTH="2291"
                         VPOS="1485"
                         HPOS="794">
                  <String ID="string_region_1637589872760_1222l25"
                          HEIGHT="114"
                          WIDTH="2291"
                          VPOS="1485"
                          HPOS="794"
                          CONTENT="twee pascken met een schip moogen worden af geladden dat volter"/>
               </TextLine>
               <TextLine ID="region_1637589872760_1222l26"
                         BASELINE="814,1600 928,1602 1043,1600 1157,1600 1272,1600 1386,1598 1501,1598 1615,1598 1730,1598 1844,1598 1959,1598 2073,1600 2188,1602 2302,1604 2417,1608 2531,1613 2646,1620 2760,1628 2875,1637 2989,1648 3104,1662"
                         HEIGHT="113"
                         WIDTH="2323"
                         VPOS="1557"
                         HPOS="797">
                  <String ID="string_region_1637589872760_1222l26"
                          HEIGHT="113"
                          WIDTH="2323"
                          VPOS="1557"
                          HPOS="797"
                          CONTENT="vraght is ende dat mijne ditto twee packen moogen van de eerste"/>
               </TextLine>
               <TextLine ID="region_1637589872760_1222l27"
                         BASELINE="808,1656 923,1658 1038,1658 1153,1658 1268,1658 1383,1658 1498,1656 1613,1656 1728,1656 1843,1656 1958,1656 2073,1656 2188,1658 2303,1662 2418,1665 2533,1671 2648,1676 2763,1685 2878,1694 2993,1705 3108,1718"
                         HEIGHT="124"
                         WIDTH="2333"
                         VPOS="1622"
                         HPOS="791">
                  <String ID="string_region_1637589872760_1222l27"
                          HEIGHT="124"
                          WIDTH="2333"
                          VPOS="1622"
                          HPOS="791"
                          CONTENT="ende in den gront vant schip wesen ende wel bestout om redene "/>
               </TextLine>
               <TextLine ID="region_1637589872760_1222l28"
                         BASELINE="810,1718 919,1718 1029,1716 1139,1716 1248,1714 1358,1714 1468,1714 1577,1714 1687,1714 1797,1714 1907,1714 2016,1716 2126,1718 2236,1720 2345,1723 2455,1726 2565,1732 2674,1737 2784,1744 2894,1752 3004,1760"
                         HEIGHT="115"
                         WIDTH="2226"
                         VPOS="1669"
                         HPOS="793">
                  <String ID="string_region_1637589872760_1222l28"
                          HEIGHT="115"
                          WIDTH="2226"
                          VPOS="1669"
                          HPOS="793"
                          CONTENT="versoecke voor de in gelende voor Engelandt voorts ganck ende "/>
               </TextLine>
               <TextLine ID="region_1637589872760_1222l29"
                         BASELINE="804,1790 902,1785 1000,1781 1098,1778 1196,1774 1295,1774 1393,1772 1491,1772 1589,1772 1687,1772 1786,1774 1884,1776 1982,1778 2080,1780 2178,1782 2277,1785 2375,1788 2473,1792 2571,1796 2669,1798 2768,1802"
                         HEIGHT="98"
                         WIDTH="1996"
                         VPOS="1752"
                         HPOS="789">
                  <String ID="string_region_1637589872760_1222l29"
                          HEIGHT="98"
                          WIDTH="1996"
                          VPOS="1752"
                          HPOS="789"
                          CONTENT="naer wenschinge van dit saligh hooghtijdt soo blijve"/>
               </TextLine>
               <TextLine ID="region_1637589872760_1222l30"
                         BASELINE="2798,1896 2838,1900"
                         HEIGHT="83"
                         WIDTH="79"
                         VPOS="1833"
                         HPOS="2780">
                  <String ID="string_region_1637589872760_1222l30"
                          HEIGHT="83"
                          WIDTH="79"
                          VPOS="1833"
                          HPOS="2780"
                          CONTENT="26"/>
               </TextLine>
               <TextLine ID="region_1637589872760_1222l31"
                         BASELINE="608,1938 676,1926 745,1916 814,1908 883,1902 952,1898 1021,1894 1090,1892 1159,1890 1228,1890 1297,1892 1365,1892 1434,1894 1503,1896 1572,1898 1641,1900 1710,1902 1779,1902 1848,1902 1917,1902 1986,1902"
                         HEIGHT="155"
                         WIDTH="1411"
                         VPOS="1790"
                         HPOS="592">
                  <String ID="string_region_1637589872760_1222l31"
                          HEIGHT="155"
                          WIDTH="1411"
                          VPOS="1790"
                          HPOS="592"
                          CONTENT="Brussel de wed. vanderBorght"/>
               </TextLine>
               <TextLine ID="region_1637589872760_1222l32"
                         BASELINE="2448,1916 2473,1921 2499,1923 2524,1926 2550,1928 2576,1928 2601,1928 2627,1928 2652,1927 2678,1926 2704,1926 2729,1926 2755,1926 2780,1927 2806,1929 2832,1932"
                         HEIGHT="124"
                         WIDTH="416"
                         VPOS="1851"
                         HPOS="2433">
                  <String ID="string_region_1637589872760_1222l32"
                          HEIGHT="124"
                          WIDTH="416"
                          VPOS="1851"
                          HPOS="2433"
                          CONTENT="Adij"/>
               </TextLine>
               <TextLine ID="region_1637589872760_1222l33"
                         BASELINE="804,1984 915,1982 1026,1979 1138,1978 1249,1976 1361,1974 1472,1974 1583,1972 1695,1972 1806,1972 1918,1974 2029,1975 2140,1976 2252,1980 2363,1983 2475,1986 2586,1992 2697,1998 2809,2003 2920,2010 3032,2020"
                         HEIGHT="175"
                         WIDTH="2257"
                         VPOS="1876"
                         HPOS="789">
                  <String ID="string_region_1637589872760_1222l33"
                          HEIGHT="175"
                          WIDTH="2257"
                          VPOS="1876"
                          HPOS="789"
                          CONTENT="uf aengenaeme van 29 pasto hebbe wel onfang ende ingenolge 33-"/>
               </TextLine>
               <TextLine ID="region_1637589872760_1222l34"
                         BASELINE="800,2048 915,2044 1030,2040 1145,2036 1260,2034 1376,2032 1491,2030 1606,2028 1721,2028 1836,2028 1952,2030 2067,2032 2182,2034 2297,2039 2412,2043 2528,2050 2643,2056 2758,2065 2873,2074 2988,2083 3104,2096"
                         HEIGHT="128"
                         WIDTH="2336"
                         VPOS="1992"
                         HPOS="785">
                  <String ID="string_region_1637589872760_1222l34"
                          HEIGHT="128"
                          WIDTH="2336"
                          VPOS="1992"
                          HPOS="785"
                          CONTENT="gelief soo sal occasie soecken om op viite trecken de drithonderten"/>
               </TextLine>
               <TextLine ID="region_1637589872760_1222l35"
                         BASELINE="792,2100 907,2096 1022,2092 1137,2090 1252,2086 1368,2084 1483,2082 1598,2082 1713,2082 1828,2082 1944,2084 2059,2084 2174,2088 2289,2091 2404,2096 2520,2100 2635,2106 2750,2112 2865,2120 2980,2129 3096,2138"
                         HEIGHT="125"
                         WIDTH="2338"
                         VPOS="2036"
                         HPOS="775">
                  <String ID="string_region_1637589872760_1222l35"
                          HEIGHT="125"
                          WIDTH="2338"
                          VPOS="2036"
                          HPOS="775"
                          CONTENT="beerfegh guedens wisselg wat aen gaet het slot der groote reken inge "/>
               </TextLine>
               <TextLine ID="region_1637589872760_1222l36"
                         BASELINE="798,2152 914,2150 1030,2148 1146,2146 1262,2144 1378,2142 1494,2140 1610,2138 1726,2138 1842,2138 1959,2138 2075,2140 2191,2142 2307,2144 2423,2149 2539,2154 2655,2162 2771,2170 2887,2179 3003,2190 3120,2204"
                         HEIGHT="139"
                         WIDTH="2354"
                         VPOS="2095"
                         HPOS="781">
                  <String ID="string_region_1637589872760_1222l36"
                          HEIGHT="139"
                          WIDTH="2354"
                          VPOS="2095"
                          HPOS="781"
                          CONTENT="ick en can naet meer segghen als aen mons. ul. soon gesent hebbe dat"/>
               </TextLine>
               <TextLine ID="region_1637589872760_1222l37"
                         BASELINE="804,2214 915,2210 1027,2208 1139,2204 1251,2202 1363,2200 1474,2198 1586,2198 1698,2196 1810,2196 1922,2198 2033,2198 2145,2200 2257,2204 2369,2208 2481,2212 2592,2218 2704,2224 2816,2232 2928,2241 3040,2250"
                         HEIGHT="120"
                         WIDTH="2267"
                         VPOS="2156"
                         HPOS="789">
                  <String ID="string_region_1637589872760_1222l37"
                          HEIGHT="120"
                          WIDTH="2267"
                          VPOS="2156"
                          HPOS="789"
                          CONTENT="sulcx laete geheel aen t consideratie want dat niet anders en "/>
               </TextLine>
               <TextLine ID="region_1637589872760_1222l38"
                         BASELINE="812,2270 926,2268 1041,2265 1155,2262 1270,2260 1385,2258 1499,2256 1614,2256 1728,2256 1843,2256 1958,2256 2072,2258 2187,2261 2301,2264 2416,2270 2531,2274 2645,2281 2760,2289 2874,2298 2989,2308 3104,2318"
                         HEIGHT="116"
                         WIDTH="2326"
                         VPOS="2228"
                         HPOS="795">
                  <String ID="string_region_1637589872760_1222l38"
                          HEIGHT="116"
                          WIDTH="2326"
                          VPOS="2228"
                          HPOS="795"
                          CONTENT="soecke als occasie om ul te connen conten tement geven en "/>
               </TextLine>
               <TextLine ID="region_1637589872760_1222l39"
                         BASELINE="800,2324 914,2324 1028,2322 1142,2320 1256,2318 1370,2317 1484,2316 1598,2314 1712,2314 1826,2314 1940,2315 2054,2316 2168,2318 2282,2321 2396,2326 2510,2330 2624,2338 2738,2346 2852,2356 2966,2366 3080,2378"
                         HEIGHT="141"
                         WIDTH="2314"
                         VPOS="2262"
                         HPOS="784">
                  <String ID="string_region_1637589872760_1222l39"
                          HEIGHT="141"
                          WIDTH="2314"
                          VPOS="2262"
                          HPOS="784"
                          CONTENT="alsoo te moogen continueren indeere van ul calandisie e"/>
               </TextLine>
               <TextLine ID="region_1637589872760_1222l40"
                         BASELINE="800,2388 911,2386 1023,2384 1135,2380 1247,2378 1359,2376 1470,2374 1582,2372 1694,2372 1806,2370 1918,2370 2029,2372 2141,2374 2253,2378 2365,2382 2477,2388 2588,2394 2700,2403 2812,2412 2924,2424 3036,2438"
                         HEIGHT="130"
                         WIDTH="2267"
                         VPOS="2332"
                         HPOS="784">
                  <String ID="string_region_1637589872760_1222l40"
                          HEIGHT="130"
                          WIDTH="2267"
                          VPOS="2332"
                          HPOS="784"
                          CONTENT="andermael aleurerende dat niemant inde werelt meerder sal "/>
               </TextLine>
               <TextLine ID="region_1637589872760_1222l41"
                         BASELINE="808,2444 922,2442 1036,2440 1150,2438 1264,2436 1378,2434 1492,2432 1606,2432 1720,2430 1834,2430 1949,2432 2063,2432 2177,2434 2291,2439 2405,2443 2519,2450 2633,2458 2747,2465 2861,2475 2975,2489 3090,2504"
                         HEIGHT="135"
                         WIDTH="2314"
                         VPOS="2389"
                         HPOS="793">
                  <String ID="string_region_1637589872760_1222l41"
                          HEIGHT="135"
                          WIDTH="2314"
                          VPOS="2389"
                          HPOS="793"
                          CONTENT="contrioueren als ick om ul. in alles traghten te voldoen de laeste"/>
               </TextLine>
               <TextLine ID="region_1637589872760_1222l42"
                         BASELINE="800,2496 916,2496 1032,2494 1148,2494 1264,2492 1380,2492 1496,2490 1612,2490 1728,2490 1844,2490 1960,2490 2076,2492 2192,2496 2308,2498 2424,2502 2540,2508 2656,2516 2772,2525 2888,2534 3004,2546 3120,2560"
                         HEIGHT="130"
                         WIDTH="2355"
                         VPOS="2455"
                         HPOS="783">
                  <String ID="string_region_1637589872760_1222l42"
                          HEIGHT="130"
                          WIDTH="2355"
                          VPOS="2455"
                          HPOS="783"
                          CONTENT="partijedie mons. ul. soon by meggecoght heeft hebbe op nieuwe reken"/>
               </TextLine>
               <TextLine ID="region_1637589872760_1222l43"
                         BASELINE="792,2558 908,2558 1024,2558 1140,2558 1256,2556 1372,2556 1488,2554 1604,2552 1720,2552 1836,2552 1952,2552 2068,2552 2184,2554 2300,2558 2416,2562 2532,2568 2648,2576 2764,2585 2880,2596 2996,2609 3112,2624"
                         HEIGHT="155"
                         WIDTH="2354"
                         VPOS="2495"
                         HPOS="776">
                  <String ID="string_region_1637589872760_1222l43"
                          HEIGHT="155"
                          WIDTH="2354"
                          VPOS="2495"
                          HPOS="776"
                          CONTENT="gestelt soo als hij mij heeft gerecomandeert te doende vier roode ende"/>
               </TextLine>
               <TextLine ID="region_1637589872760_1222l44"
                         BASELINE="804,2624 915,2622 1027,2620 1139,2619 1251,2618 1363,2616 1474,2614 1586,2614 1698,2612 1810,2612 1922,2612 2033,2614 2145,2616 2257,2618 2369,2622 2481,2626 2592,2631 2704,2638 2816,2646 2928,2657 3040,2668"
                         HEIGHT="75"
                         WIDTH="2267"
                         VPOS="2566"
                         HPOS="788">
                  <String ID="string_region_1637589872760_1222l44"
                          HEIGHT="75"
                          WIDTH="2267"
                          VPOS="2566"
                          HPOS="788"
                          CONTENT="de tewee bloude bayen hebbe ul. gisteren toegesonden vrit met het "/>
               </TextLine>
               <TextLine ID="region_1637589872760_1222l45"
                         BASELINE="808,2676 923,2678 1038,2678 1153,2678 1268,2678 1383,2678 1498,2678 1613,2676 1728,2676 1843,2676 1958,2676 2073,2678 2188,2680 2303,2682 2418,2685 2533,2690 2648,2697 2763,2704 2878,2714 2993,2723 3108,2736"
                         HEIGHT="132"
                         WIDTH="2333"
                         VPOS="2635"
                         HPOS="792">
                  <String ID="string_region_1637589872760_1222l45"
                          HEIGHT="132"
                          WIDTH="2333"
                          VPOS="2635"
                          HPOS="792"
                          CONTENT="beurtschap op den cholbrief van mons. segens als het voorgaende in "/>
               </TextLine>
               <TextLine ID="region_1637589872760_1222l46"
                         BASELINE="800,2730 910,2732 1020,2732 1130,2734 1241,2735 1351,2736 1461,2737 1572,2738 1682,2740 1792,2740 1903,2742 2013,2744 2123,2747 2233,2750 2344,2754 2454,2758 2564,2762 2675,2769 2785,2775 2895,2783 3006,2792"
                         HEIGHT="103"
                         WIDTH="2235"
                         VPOS="2692"
                         HPOS="785">
                  <String ID="string_region_1637589872760_1222l46"
                          HEIGHT="103"
                          WIDTH="2235"
                          VPOS="2692"
                          HPOS="785"
                          CONTENT="twee rollekens gemerckt. C..n°1 en 2 verhope ul die wll en tot"/>
               </TextLine>
               <TextLine ID="region_1637589872760_1222l47"
                         BASELINE="800,2784 914,2787 1028,2790 1142,2792 1256,2794 1370,2794 1484,2796 1598,2797 1712,2798 1826,2800 1940,2802 2054,2804 2168,2806 2282,2809 2396,2813 2510,2818 2624,2824 2738,2830 2852,2838 2966,2848 3080,2858"
                         HEIGHT="138"
                         WIDTH="2314"
                         VPOS="2744"
                         HPOS="784">
                  <String ID="string_region_1637589872760_1222l47"
                          HEIGHT="138"
                          WIDTH="2314"
                          VPOS="2744"
                          HPOS="784"
                          CONTENT="contentement sulten geworden want sun seer schoon geverft hier"/>
               </TextLine>
               <TextLine ID="region_1637589872760_1222l48"
                         BASELINE="792,2846 907,2846 1023,2848 1138,2849 1254,2850 1370,2851 1485,2852 1601,2854 1716,2856 1832,2858 1948,2860 2063,2862 2179,2866 2294,2869 2410,2874 2526,2880 2641,2885 2757,2893 2872,2901 2988,2911 3104,2920"
                         HEIGHT="134"
                         WIDTH="2345"
                         VPOS="2802"
                         HPOS="776">
                  <String ID="string_region_1637589872760_1222l48"
                          HEIGHT="134"
                          WIDTH="2345"
                          VPOS="2802"
                          HPOS="776"
                          CONTENT="onder daer van de reken bedraegen de ƒ42:2 in het minstte dat ue"/>
               </TextLine>
               <TextLine ID="region_1637589872760_1222l49"
                         BASELINE="794,2912 910,2911 1026,2910 1142,2908 1258,2908 1374,2908 1490,2910 1606,2910 1722,2912 1838,2915 1955,2918 2071,2922 2187,2926 2303,2930 2419,2937 2535,2943 2651,2950 2767,2957 2883,2965 2999,2974 3116,2984"
                         HEIGHT="153"
                         WIDTH="2356"
                         VPOS="2863"
                         HPOS="778">
                  <String ID="string_region_1637589872760_1222l49"
                          HEIGHT="153"
                          WIDTH="2356"
                          VPOS="2863"
                          HPOS="778"
                          CONTENT="van sortment soude commen te manqueren versoecke het sellde"/>
               </TextLine>
               <TextLine ID="region_1637589872760_1222l50"
                         BASELINE="808,2976 923,2976 1038,2974 1153,2974 1268,2972 1383,2972 1498,2974 1613,2974 1728,2976 1843,2978 1958,2980 2073,2984 2188,2988 2303,2992 2418,2997 2533,3004 2648,3011 2763,3018 2878,3026 2993,3034 3108,3044"
                         HEIGHT="141"
                         WIDTH="2333"
                         VPOS="2936"
                         HPOS="792">
                  <String ID="string_region_1637589872760_1222l50"
                          HEIGHT="141"
                          WIDTH="2333"
                          VPOS="2936"
                          HPOS="792"
                          CONTENT="aen mj gelieft te laeten weeten en sal ul al tijdts bedienen al oft"/>
               </TextLine>
               <TextLine ID="region_1637589872760_1222l51"
                         BASELINE="804,3040 919,3038 1034,3036 1150,3034 1265,3032 1381,3032 1496,3032 1611,3032 1727,3034 1842,3036 1958,3038 2073,3041 2188,3045 2304,3050 2419,3056 2535,3063 2650,3070 2765,3079 2881,3090 2996,3101 3112,3114"
                         HEIGHT="137"
                         WIDTH="2340"
                         VPOS="2994"
                         HPOS="787">
                  <String ID="string_region_1637589872760_1222l51"
                          HEIGHT="137"
                          WIDTH="2340"
                          VPOS="2994"
                          HPOS="787"
                          CONTENT="us. hier present waere sal oock met occasie afwachten de staelen"/>
               </TextLine>
               <TextLine ID="region_1637589872760_1222l52"
                         BASELINE="796,3104 913,3102 1030,3100 1148,3096 1265,3096 1383,3094 1500,3092 1617,3092 1735,3092 1852,3092 1970,3094 2087,3098 2204,3101 2322,3106 2439,3112 2557,3120 2674,3129 2791,3138 2909,3150 3026,3165 3144,3180"
                         HEIGHT="161"
                         WIDTH="2383"
                         VPOS="3048"
                         HPOS="779">
                  <String ID="string_region_1637589872760_1222l52"
                          HEIGHT="161"
                          WIDTH="2383"
                          VPOS="3048"
                          HPOS="779"
                          CONTENT="daer monr. ul. soon van hebbe gesprocken enn sal volgens vregoustie"/>
               </TextLine>
               <TextLine ID="region_1637589872760_1222l53"
                         BASELINE="800,3162 912,3162 1025,3162 1138,3160 1251,3160 1364,3160 1476,3158 1589,3158 1702,3158 1815,3160 1928,3160 2040,3162 2153,3164 2266,3169 2379,3174 2492,3180 2604,3188 2717,3196 2830,3208 2943,3220 3056,3234"
                         HEIGHT="154"
                         WIDTH="2287"
                         VPOS="3122"
                         HPOS="784">
                  <String ID="string_region_1637589872760_1222l53"
                          HEIGHT="154"
                          WIDTH="2287"
                          VPOS="3122"
                          HPOS="784"
                          CONTENT="laeckens ontbreden ende dan ul. noch met agreerende sulde "/>
               </TextLine>
               <TextLine ID="region_1637589872760_1222l54"
                         BASELINE="796,3226 869,3226 943,3226 1017,3226 1091,3224 1165,3224 1238,3224 1312,3224 1386,3222 1460,3222 1534,3222 1607,3222 1681,3222 1755,3222 1829,3222 1903,3224 1976,3224 2050,3226 2124,3228 2198,3230 2272,3232"
                         HEIGHT="111"
                         WIDTH="1507"
                         VPOS="3157"
                         HPOS="780">
                  <String ID="string_region_1637589872760_1222l54"
                          HEIGHT="111"
                          WIDTH="1507"
                          VPOS="3157"
                          HPOS="780"
                          CONTENT="selve voor mij houden en soo Blijve"/>
               </TextLine>
               <TextLine ID="region_1637589872760_1222l55"
                         BASELINE="610,3374 685,3370 760,3368 835,3366 910,3366 986,3364 1061,3364 1136,3364 1211,3364 1286,3364 1362,3362 1437,3362 1512,3362 1587,3362 1662,3362 1738,3362 1813,3360 1888,3358 1963,3356 2038,3354 2114,3352"
                         HEIGHT="235"
                         WIDTH="1536"
                         VPOS="3179"
                         HPOS="593">
                  <String ID="string_region_1637589872760_1222l55"
                          HEIGHT="235"
                          WIDTH="1536"
                          VPOS="3179"
                          HPOS="593"
                          CONTENT="Ghendt J Bapte de Sndelaer"/>
               </TextLine>
               <TextLine ID="region_1637589872760_1222l56"
                         BASELINE="2490,3374 2515,3374 2541,3376 2566,3376 2592,3376 2618,3376 2643,3376 2669,3376 2695,3376 2720,3375 2746,3374 2772,3374 2797,3372 2823,3372 2849,3372 2874,3372 2900,3372 2926,3372"
                         HEIGHT="152"
                         WIDTH="468"
                         VPOS="3268"
                         HPOS="2473">
                  <String ID="string_region_1637589872760_1222l56"
                          HEIGHT="152"
                          WIDTH="468"
                          VPOS="3268"
                          HPOS="2473"
                          CONTENT="Adij d"/>
               </TextLine>
               <TextLine ID="region_1637589872760_1222l57"
                         BASELINE="760,3478 876,3472 992,3470 1108,3468 1224,3466 1340,3468 1456,3469 1572,3470 1688,3474 1804,3477 1920,3480 2036,3484 2152,3488 2268,3490 2384,3494 2500,3496 2616,3498 2732,3498 2848,3498 2964,3496 3080,3492"
                         HEIGHT="167"
                         WIDTH="2352"
                         VPOS="3373"
                         HPOS="744">
                  <String ID="string_region_1637589872760_1222l57"
                          HEIGHT="167"
                          WIDTH="2352"
                          VPOS="3373"
                          HPOS="744"
                          CONTENT="sedert mijnen laesten van 7 sber soo hebbe al verwaght"/>
               </TextLine>
               <TextLine ID="region_1637589872760_1222l58"
                         BASELINE="754,3582 871,3576 988,3572 1105,3570 1222,3570 1339,3570 1456,3572 1573,3574 1690,3576 1807,3580 1924,3584 2041,3589 2158,3593 2275,3597 2392,3600 2509,3603 2626,3606 2743,3607 2860,3608 2977,3606 3094,3604"
                         HEIGHT="130"
                         WIDTH="2370"
                         VPOS="3495"
                         HPOS="739">
                  <String ID="string_region_1637589872760_1222l58"
                          HEIGHT="130"
                          WIDTH="2370"
                          VPOS="3495"
                          HPOS="739"
                          CONTENT="dat ue mj de versochte reche van vercoop mijnder 4oderen"/>
               </TextLine>
               <TextLine ID="region_1637589872760_1222l59"
                         BASELINE="782,3692 898,3683 1015,3677 1132,3672 1249,3670 1366,3670 1483,3670 1600,3672 1717,3676 1834,3680 1951,3684 2067,3688 2184,3693 2301,3698 2418,3701 2535,3704 2652,3706 2769,3708 2886,3708 3003,3706 3120,3702"
                         HEIGHT="205"
                         WIDTH="2371"
                         VPOS="3561"
                         HPOS="766">
                  <String ID="string_region_1637589872760_1222l59"
                          HEIGHT="205"
                          WIDTH="2371"
                          VPOS="3561"
                          HPOS="766"
                          CONTENT="soude hebben gesonden. ick versoeke ue op alle vrrentschap"/>
               </TextLine>
               <TextLine ID="region_1637589872760_1222l60"
                         BASELINE="784,3784 900,3780 1017,3778 1134,3776 1251,3776 1368,3776 1484,3778 1601,3780 1718,3782 1835,3784 1952,3788 2068,3790 2185,3794 2302,3798 2419,3801 2536,3806 2652,3809 2769,3812 2886,3816 3003,3820 3120,3822"
                         HEIGHT="176"
                         WIDTH="2368"
                         VPOS="3678"
                         HPOS="768">
                  <String ID="string_region_1637589872760_1222l60"
                          HEIGHT="176"
                          WIDTH="2368"
                          VPOS="3678"
                          HPOS="768"
                          CONTENT="om daer eent een advistement te connen van macken "/>
               </TextLine>
               <TextLine ID="region_1637589872760_1222l61"
                         BASELINE="784,3882 901,3882 1018,3881 1135,3880 1252,3880 1369,3880 1486,3880 1603,3882 1720,3882 1837,3884 1954,3886 2071,3888 2188,3890 2305,3894 2422,3897 2539,3901 2656,3905 2773,3910 2890,3915 3007,3922 3124,3928"
                         HEIGHT="178"
                         WIDTH="2371"
                         VPOS="3777"
                         HPOS="769">
                  <String ID="string_region_1637589872760_1222l61"
                          HEIGHT="178"
                          WIDTH="2371"
                          VPOS="3777"
                          HPOS="769"
                          CONTENT="en ue sal my ten uytersten verobligeeren. gelieft mis oock"/>
               </TextLine>
               <TextLine ID="region_1637589872760_1222l62"
                         BASELINE="802,3980 913,3978 1025,3978 1137,3978 1249,3978 1361,3978 1473,3980 1585,3982 1697,3984 1809,3986 1921,3989 2032,3992 2144,3994 2256,3998 2368,4002 2480,4004 2592,4008 2704,4011 2816,4014 2928,4016 3040,4020"
                         HEIGHT="179"
                         WIDTH="2271"
                         VPOS="3884"
                         HPOS="788">
                  <String ID="string_region_1637589872760_1222l62"
                          HEIGHT="179"
                          WIDTH="2271"
                          VPOS="3884"
                          HPOS="788"
                          CONTENT="eens te adviseeren hoe het costij staet met de wolle"/>
               </TextLine>
               <TextLine ID="region_1637589872760_1222l63"
                         BASELINE="788,4090 904,4088 1021,4086 1138,4086 1255,4086 1372,4086 1489,4088 1606,4088 1723,4090 1840,4092 1957,4094 2073,4098 2190,4101 2307,4105 2424,4108 2541,4112 2658,4117 2775,4122 2892,4128 3009,4132 3126,4138"
                         HEIGHT="202"
                         WIDTH="2371"
                         VPOS="3984"
                         HPOS="771">
                  <String ID="string_region_1637589872760_1222l63"
                          HEIGHT="202"
                          WIDTH="2371"
                          VPOS="3984"
                          HPOS="771"
                          CONTENT="negond en op wat maniere men costij can en magh "/>
               </TextLine>
               <TextLine ID="region_1637589872760_1222l64"
                         BASELINE="774,4198 889,4194 1005,4190 1120,4188 1236,4188 1352,4188 1467,4188 1583,4190 1698,4192 1814,4196 1930,4198 2045,4202 2161,4205 2276,4208 2392,4212 2508,4215 2623,4217 2739,4218 2854,4220 2970,4220 3086,4220"
                         HEIGHT="111"
                         WIDTH="2342"
                         VPOS="4115"
                         HPOS="758">
                  <String ID="string_region_1637589872760_1222l64"
                          HEIGHT="111"
                          WIDTH="2342"
                          VPOS="4115"
                          HPOS="758"
                          CONTENT="in brengende goederen want soo ick verneme soo"/>
               </TextLine>
               <TextLine ID="region_1637589872760_1222l65"
                         BASELINE="786,4306 898,4302 1010,4300 1122,4298 1234,4296 1346,4296 1458,4296 1570,4298 1682,4298 1794,4300 1907,4302 2019,4302 2131,4304 2243,4306 2355,4306 2467,4308 2579,4308 2691,4308 2803,4308 2915,4306 3028,4304"
                         HEIGHT="96"
                         WIDTH="2273"
                         VPOS="4245"
                         HPOS="770">
                  <String ID="string_region_1637589872760_1222l65"
                          HEIGHT="96"
                          WIDTH="2273"
                          VPOS="4245"
                          HPOS="770"
                          CONTENT="worden van hierp costij veele goederen versonden"/>
               </TextLine>
            </TextBlock>
            <TextBlock ID="region_1637589878372_1225"
                       HEIGHT="4259"
                       WIDTH="2614"
                       VPOS="52"
                       HPOS="3243">
               <Shape>
                  <Polygon POINTS="3243,52 5857,52 5857,4311 3243,4311"/>
               </Shape>
               <TextLine ID="region_1637589878372_1225l1"
                         BASELINE="3362,184 3475,182 3589,182 3702,180 3816,180 3929,180 4043,178 4156,179 4270,180 4383,180 4497,180 4610,182 4724,184 4837,185 4951,188 5064,190 5178,192 5291,195 5405,198 5518,202 5632,206"
                         HEIGHT="171"
                         WIDTH="2301"
                         VPOS="81"
                         HPOS="3347">
                  <String ID="string_region_1637589878372_1225l1"
                          HEIGHT="171"
                          WIDTH="2301"
                          VPOS="81"
                          HPOS="3347"
                          CONTENT="pmincipael van aite inlantsche blouwe en swerte"/>
               </TextLine>
               <TextLine ID="region_1637589878372_1225l2"
                         BASELINE="3358,296 3473,294 3588,290 3703,288 3819,286 3934,286 4049,284 4165,284 4280,284 4395,284 4511,284 4626,284 4741,284 4856,284 4972,286 5087,286 5202,288 5318,288 5433,290 5548,290 5664,290"
                         HEIGHT="140"
                         WIDTH="2339"
                         VPOS="185"
                         HPOS="3342">
                  <String ID="string_region_1637589878372_1225l2"
                          HEIGHT="140"
                          WIDTH="2339"
                          VPOS="185"
                          HPOS="3342"
                          CONTENT="laekenen oock drapdedammes en carmosyne. ick en "/>
               </TextLine>
               <TextLine ID="region_1637589878372_1225l3"
                         BASELINE="3372,416 3488,407 3604,400 3720,396 3836,392 3952,390 4068,388 4184,386 4300,388 4416,388 4532,390 4648,390 4764,392 4880,394 4996,396 5112,398 5228,398 5344,398 5460,398 5576,398 5692,396"
                         HEIGHT="139"
                         WIDTH="2351"
                         VPOS="297"
                         HPOS="3358">
                  <String ID="string_region_1637589878372_1225l3"
                          HEIGHT="139"
                          WIDTH="2351"
                          VPOS="297"
                          HPOS="3358"
                          CONTENT="twijfele niet oft desen winter salder bij ue beeter de biet"/>
               </TextLine>
               <TextLine ID="region_1637589878372_1225l4"
                         BASELINE="3354,534 3470,529 3587,523 3704,518 3821,514 3938,510 4054,506 4171,502 4288,500 4405,498 4522,496 4638,494 4755,494 4872,494 4989,494 5106,494 5222,494 5339,496 5456,498 5573,500 5690,502"
                         HEIGHT="165"
                         WIDTH="2371"
                         VPOS="399"
                         HPOS="3336">
                  <String ID="string_region_1637589878372_1225l4"
                          HEIGHT="165"
                          WIDTH="2371"
                          VPOS="399"
                          HPOS="3336"
                          CONTENT="en advantagie wesen als hier en wel eenen stuijver aen"/>
               </TextLine>
               <TextLine ID="region_1637589878372_1225l5"
                         BASELINE="3392,634 3511,630 3631,626 3751,622 3870,618 3990,614 4110,612 4229,608 4349,606 4469,604 4589,602 4708,600 4828,600 4948,600 5067,600 5187,602 5307,604 5426,608 5546,612 5666,617 5786,624"
                         HEIGHT="153"
                         WIDTH="2426"
                         VPOS="506"
                         HPOS="3375">
                  <String ID="string_region_1637589878372_1225l5"
                          HEIGHT="153"
                          WIDTH="2426"
                          VPOS="506"
                          HPOS="3375"
                          CONTENT="te avanceeren, ick hebbe van die soorten pretent seer"/>
               </TextLine>
               <TextLine ID="region_1637589878372_1225l6"
                         BASELINE="3394,730 3515,728 3637,726 3758,724 3880,722 4001,720 4123,718 4244,716 4366,714 4487,712 4609,712 4730,710 4852,710 4973,712 5095,712 5216,716 5338,718 5459,723 5581,728 5702,736 5824,742"
                         HEIGHT="149"
                         WIDTH="2460"
                         VPOS="616"
                         HPOS="3379">
                  <String ID="string_region_1637589878372_1225l6"
                          HEIGHT="149"
                          WIDTH="2460"
                          VPOS="616"
                          HPOS="3379"
                          CONTENT="schoon sortimenten en ingevalle moogelyck is soo"/>
               </TextLine>
               <TextLine ID="region_1637589878372_1225l7"
                         BASELINE="3368,838 3491,838 3614,836 3738,836 3861,834 3985,832 4108,830 4231,830 4355,828 4478,828 4602,826 4725,826 4848,826 4972,828 5095,830 5219,832 5342,834 5465,838 5589,844 5712,849 5836,856"
                         HEIGHT="165"
                         WIDTH="2501"
                         VPOS="740"
                         HPOS="3352">
                  <String ID="string_region_1637589878372_1225l7"
                          HEIGHT="165"
                          WIDTH="2501"
                          VPOS="740"
                          HPOS="3352"
                          CONTENT="soude wel inclineeren om icts te doen soudende geene "/>
               </TextLine>
               <TextLine ID="region_1637589878372_1225l8"
                         BASELINE="3388,962 3506,958 3624,954 3742,949 3860,946 3978,942 4096,940 4214,938 4332,936 4450,934 4568,934 4686,934 4804,934 4922,936 5040,938 5158,942 5276,946 5394,950 5512,956 5630,962 5748,970"
                         HEIGHT="181"
                         WIDTH="2392"
                         VPOS="831"
                         HPOS="3372">
                  <String ID="string_region_1637589878372_1225l8"
                          HEIGHT="181"
                          WIDTH="2392"
                          VPOS="831"
                          HPOS="3372"
                          CONTENT="daer over eens ue advies en speculatie hebben welck"/>
               </TextLine>
               <TextLine ID="region_1637589878372_1225l9"
                         BASELINE="3390,1076 3497,1070 3604,1067 3711,1064 3819,1060 3926,1056 4033,1054 4141,1052 4248,1050 4355,1050 4463,1048 4570,1048 4677,1048 4784,1048 4892,1048 4999,1050 5106,1052 5214,1054 5321,1056 5428,1058 5536,1062"
                         HEIGHT="157"
                         WIDTH="2180"
                         VPOS="941"
                         HPOS="3373">
                  <String ID="string_region_1637589878372_1225l9"
                          HEIGHT="157"
                          WIDTH="2180"
                          VPOS="941"
                          HPOS="3373"
                          CONTENT="afwaghtende soo blijve naer offret mijns dienst"/>
               </TextLine>
               <TextLine ID="region_1637589878372_1225l10"
                         BASELINE="5008,1194 5039,1195 5070,1196 5102,1196 5133,1198 5165,1198 5196,1198 5227,1198 5259,1198 5290,1198 5322,1198 5353,1198 5384,1198 5416,1198 5447,1198 5479,1198 5510,1200 5541,1200 5573,1203 5604,1205 5636,1208"
                         HEIGHT="157"
                         WIDTH="660"
                         VPOS="1091"
                         HPOS="4991">
                  <String ID="string_region_1637589878372_1225l10"
                          HEIGHT="157"
                          WIDTH="660"
                          VPOS="1091"
                          HPOS="4991"
                          CONTENT="Adij 3 gbre 1708"/>
               </TextLine>
               <TextLine ID="region_1637589878372_1225l11"
                         BASELINE="3248,1224 3299,1217 3351,1212 3403,1206 3454,1203 3506,1200 3558,1198 3609,1196 3661,1194 3713,1194 3765,1192 3816,1192 3868,1192 3920,1192 3971,1192 4023,1194 4075,1194 4126,1194 4178,1194 4230,1193 4282,1192"
                         HEIGHT="314"
                         WIDTH="1069"
                         VPOS="950"
                         HPOS="3228">
                  <String ID="string_region_1637589878372_1225l11"
                          HEIGHT="314"
                          WIDTH="1069"
                          VPOS="950"
                          HPOS="3228"
                          CONTENT="she eroge"/>
               </TextLine>
               <TextLine ID="region_1637589878372_1225l12"
                         BASELINE="3360,1280 3481,1278 3602,1276 3724,1276 3845,1276 3967,1277 4088,1278 4209,1280 4331,1282 4452,1284 4574,1286 4695,1288 4816,1290 4938,1292 5059,1294 5181,1294 5302,1296 5423,1296 5545,1294 5666,1292 5788,1290"
                         HEIGHT="111"
                         WIDTH="2457"
                         VPOS="1216"
                         HPOS="3346">
                  <String ID="string_region_1637589878372_1225l12"
                          HEIGHT="111"
                          WIDTH="2457"
                          VPOS="1216"
                          HPOS="3346"
                          CONTENT="en responce de la chere vre du 30 du passe ie vous ay envoyée hier r engesterd"/>
               </TextLine>
               <TextLine ID="region_1637589878372_1225l13"
                         BASELINE="3364,1344 3487,1340 3611,1338 3735,1338 3859,1338 3983,1338 4106,1338 4230,1340 4354,1342 4478,1344 4602,1346 4725,1348 4849,1350 4973,1352 5097,1354 5221,1354 5344,1354 5468,1354 5592,1352 5716,1350 5840,1346"
                         HEIGHT="100"
                         WIDTH="2507"
                         VPOS="1266"
                         HPOS="3348">
                  <String ID="string_region_1637589878372_1225l13"
                          HEIGHT="100"
                          WIDTH="2507"
                          VPOS="1266"
                          HPOS="3348"
                          CONTENT="dieu donne dans vre rolle, marque IP. deux p. de flanelles et deuel. de bayes "/>
               </TextLine>
               <TextLine ID="region_1637589878372_1225l14"
                         BASELINE="3376,1392 3499,1391 3622,1390 3746,1390 3869,1390 3993,1392 4116,1392 4239,1394 4363,1396 4486,1398 4610,1400 4733,1404 4856,1404 4980,1406 5103,1408 5227,1410 5350,1410 5473,1410 5597,1408 5720,1407 5844,1404"
                         HEIGHT="62"
                         WIDTH="2502"
                         VPOS="1356"
                         HPOS="3359">
                  <String ID="string_region_1637589878372_1225l14"
                          HEIGHT="62"
                          WIDTH="2502"
                          VPOS="1356"
                          HPOS="3359"
                          CONTENT="dont i'en au payce la sortie et au pied de cette le facture portant de change "/>
               </TextLine>
               <TextLine ID="region_1637589878372_1225l15"
                         BASELINE="3368,1452 3492,1450 3616,1448 3740,1448 3864,1448 3988,1448 4112,1448 4236,1449 4360,1450 4484,1452 4608,1454 4732,1454 4856,1456 4980,1458 5104,1459 5228,1460 5352,1462 5476,1462 5600,1462 5724,1462 5848,1460"
                         HEIGHT="90"
                         WIDTH="2511"
                         VPOS="1396"
                         HPOS="3353">
                  <String ID="string_region_1637589878372_1225l15"
                          HEIGHT="90"
                          WIDTH="2511"
                          VPOS="1396"
                          HPOS="3353"
                          CONTENT="ƒ221:3 past qualle somme  il vous plaira me crediter sil vous fault vre "/>
               </TextLine>
               <TextLine ID="region_1637589878372_1225l16"
                         BASELINE="3352,1514 3477,1508 3602,1503 3727,1500 3852,1498 3977,1498 4102,1498 4227,1500 4352,1502 4477,1504 4602,1506 4727,1508 4852,1512 4977,1514 5102,1516 5227,1518 5352,1518 5477,1518 5602,1518 5727,1516 5852,1512"
                         HEIGHT="101"
                         WIDTH="2533"
                         VPOS="1443"
                         HPOS="3336">
                  <String ID="string_region_1637589878372_1225l16"
                          HEIGHT="101"
                          WIDTH="2533"
                          VPOS="1443"
                          HPOS="3336"
                          CONTENT="sorte de baiyes deventer dun plus haust prix au aultre sorte de bbanges commu"/>
               </TextLine>
               <TextLine ID="region_1637589878372_1225l17"
                         BASELINE="3360,1562 3481,1558 3602,1556 3724,1554 3845,1554 3967,1554 4088,1556 4209,1556 4331,1558 4452,1560 4574,1562 4695,1564 4816,1566 4938,1566 5059,1568 5181,1568 5302,1568 5423,1568 5545,1567 5666,1564 5788,1562"
                         HEIGHT="94"
                         WIDTH="2457"
                         VPOS="1523"
                         HPOS="3345">
                  <String ID="string_region_1637589878372_1225l17"
                          HEIGHT="94"
                          WIDTH="2457"
                          VPOS="1523"
                          HPOS="3345"
                          CONTENT="nes vous n'avez qu'à me commander v. q. trouvera touiours que ne pourez"/>
               </TextLine>
               <TextLine ID="region_1637589878372_1225l18"
                         BASELINE="3368,1610 3488,1608 3609,1608 3730,1608 3851,1608 3972,1608 4092,1610 4213,1612 4334,1612 4455,1614 4576,1616 4696,1618 4817,1618 4938,1620 5059,1622 5180,1622 5300,1622 5421,1624 5542,1622 5663,1622 5784,1622"
                         HEIGHT="92"
                         WIDTH="2448"
                         VPOS="1565"
                         HPOS="3351">
                  <String ID="string_region_1637589878372_1225l18"
                          HEIGHT="92"
                          WIDTH="2448"
                          VPOS="1565"
                          HPOS="3351"
                          CONTENT="tivrer la marchandisse d'aec eun endroit mellieur marche que so icy le "/>
               </TextLine>
               <TextLine ID="region_1637589878372_1225l19"
                         BASELINE="3360,1668 3479,1664 3598,1662 3717,1660 3836,1660 3956,1660 4075,1660 4194,1660 4313,1662 4432,1664 4552,1666 4671,1668 4790,1670 4909,1672 5028,1674 5148,1674 5267,1676 5386,1676 5505,1676 5624,1674 5744,1672"
                         HEIGHT="89"
                         WIDTH="2414"
                         VPOS="1623"
                         HPOS="3345">
                  <String ID="string_region_1637589878372_1225l19"
                          HEIGHT="89"
                          WIDTH="2414"
                          VPOS="1623"
                          HPOS="3345"
                          CONTENT="souhaitterais bien que voudriez prendre vre espreuse pour les draps. re "/>
               </TextLine>
               <TextLine ID="region_1637589878372_1225l20"
                         BASELINE="3360,1720 3479,1718 3599,1716 3719,1714 3839,1714 3959,1714 4078,1715 4198,1716 4318,1718 4438,1720 4558,1722 4677,1724 4797,1726 4917,1728 5037,1730 5157,1732 5276,1732 5396,1734 5516,1734 5636,1734 5756,1732"
                         HEIGHT="81"
                         WIDTH="2429"
                         VPOS="1674"
                         HPOS="3344">
                  <String ID="string_region_1637589878372_1225l20"
                          HEIGHT="81"
                          WIDTH="2429"
                          VPOS="1674"
                          HPOS="3344"
                          CONTENT="vous ven deray la mellieure sorte 3600 noirt et bleud a 15 et leserap de "/>
               </TextLine>
               <TextLine ID="region_1637589878372_1225l21"
                         BASELINE="3358,1776 3471,1774 3584,1772 3698,1772 3811,1772 3925,1772 4038,1772 4151,1772 4265,1774 4378,1775 4492,1776 4605,1778 4718,1778 4832,1780 4945,1780 5059,1782 5172,1782 5285,1782 5399,1782 5512,1780 5626,1780"
                         HEIGHT="82"
                         WIDTH="2301"
                         VPOS="1730"
                         HPOS="3342">
                  <String ID="string_region_1637589878372_1225l21"
                          HEIGHT="82"
                          WIDTH="2301"
                          VPOS="1730"
                          HPOS="3342"
                          CONTENT="dammes a 33 et ie payeray la sortie et de vre vre vous n'aurez les"/>
               </TextLine>
               <TextLine ID="region_1637589878372_1225l22"
                         BASELINE="3362,1822 3483,1822 3605,1824 3727,1824 3849,1826 3971,1826 4092,1828 4214,1830 4336,1830 4458,1832 4580,1834 4701,1834 4823,1834 4945,1836 5067,1836 5189,1834 5310,1834 5432,1832 5554,1829 5676,1826 5798,1822"
                         HEIGHT="113"
                         WIDTH="2470"
                         VPOS="1752"
                         HPOS="3345">
                  <String ID="string_region_1637589878372_1225l22"
                          HEIGHT="113"
                          WIDTH="2470"
                          VPOS="1752"
                          HPOS="3345"
                          CONTENT="manufagtures a mallieur marche ie suis faurne de foutte sorte et pri"/>
               </TextLine>
               <TextLine ID="region_1637589878372_1225l23"
                         BASELINE="3360,1874 3480,1876 3600,1876 3720,1878 3840,1880 3960,1882 4080,1883 4200,1884 4320,1886 4440,1888 4560,1890 4680,1890 4800,1892 4920,1892 5040,1892 5160,1892 5280,1890 5400,1888 5520,1886 5640,1884 5760,1880"
                         HEIGHT="72"
                         WIDTH="2433"
                         VPOS="1838"
                         HPOS="3344">
                  <String ID="string_region_1637589878372_1225l23"
                          HEIGHT="72"
                          WIDTH="2433"
                          VPOS="1838"
                          HPOS="3344"
                          CONTENT="tant drraps de  nre fabricque que dhollande noirbleu et es car latts-"/>
               </TextLine>
               <TextLine ID="region_1637589878372_1225l24"
                         BASELINE="3352,1934 3476,1934 3601,1936 3726,1936 3851,1936 3976,1938 4100,1938 4225,1940 4350,1940 4475,1940 4600,1940 4724,1942 4849,1942 4974,1942 5099,1942 5224,1942 5348,1942 5473,1942 5598,1942 5723,1942 5848,1940"
                         HEIGHT="93"
                         WIDTH="2529"
                         VPOS="1887"
                         HPOS="3336">
                  <String ID="string_region_1637589878372_1225l24"
                          HEIGHT="93"
                          WIDTH="2529"
                          VPOS="1887"
                          HPOS="3336"
                          CONTENT="draps d'Angleterre de toutte sortte de couleure a la mode et prix draps e"/>
               </TextLine>
               <TextLine ID="region_1637589878372_1225l25"
                         BASELINE="3362,1988 3483,1987 3604,1986 3725,1986 3846,1986 3967,1986 4088,1988 4209,1988 4330,1990 4451,1992 4572,1993 4693,1994 4814,1996 4935,1996 5056,1998 5177,1998 5298,1998 5419,1996 5540,1994 5661,1992 5782,1988"
                         HEIGHT="78"
                         WIDTH="2454"
                         VPOS="1941"
                         HPOS="3345">
                  <String ID="string_region_1637589878372_1225l25"
                          HEIGHT="78"
                          WIDTH="2454"
                          VPOS="1941"
                          HPOS="3345"
                          CONTENT="trents trensture d'Angleterre bleu pas bieu rouge gausnes et verds a "/>
               </TextLine>
               <TextLine ID="region_1637589878372_1225l26"
                         BASELINE="3352,2038 3472,2036 3592,2036 3713,2036 3833,2036 3954,2038 4074,2038 4194,2040 4315,2042 4435,2044 4556,2046 4676,2048 4796,2048 4917,2050 5037,2051 5158,2052 5278,2052 5398,2050 5519,2049 5639,2047 5760,2044"
                         HEIGHT="66"
                         WIDTH="2439"
                         VPOS="1990"
                         HPOS="3336">
                  <String ID="string_region_1637589878372_1225l26"
                          HEIGHT="66"
                          WIDTH="2439"
                          VPOS="1990"
                          HPOS="3336"
                          CONTENT="un escu s'a bayes sarizces et frisetttes blanches eatient os bayes de 3 a "/>
               </TextLine>
               <TextLine ID="region_1637589878372_1225l27"
                         BASELINE="3372,2088 3493,2086 3615,2086 3736,2086 3858,2086 3980,2088 4101,2088 4223,2090 4344,2092 4466,2094 4588,2096 4709,2098 4831,2100 4952,2102 5074,2104 5196,2104 5317,2106 5439,2108 5560,2108 5682,2110 5804,2110"
                         HEIGHT="88"
                         WIDTH="2461"
                         VPOS="2054"
                         HPOS="3358">
                  <String ID="string_region_1637589878372_1225l27"
                          HEIGHT="88"
                          WIDTH="2461"
                          VPOS="2054"
                          HPOS="3358"
                          CONTENT="laryes et flanelles bayes deventer en fin toutte sorte de marchandisse a vre"/>
               </TextLine>
               <TextLine ID="region_1637589878372_1225l28"
                         BASELINE="3368,2140 3478,2138 3588,2138 3698,2138 3808,2138 3918,2138 4028,2140 4138,2142 4248,2143 4358,2144 4468,2146 4578,2148 4688,2150 4798,2152 4908,2154 5018,2156 5128,2158 5238,2160 5348,2160 5458,2160 5568,2160"
                         HEIGHT="127"
                         WIDTH="2233"
                         VPOS="2088"
                         HPOS="3352">
                  <String ID="string_region_1637589878372_1225l28"
                          HEIGHT="127"
                          WIDTH="2233"
                          VPOS="2088"
                          HPOS="3352"
                          CONTENT="dervice in touttes occasions ie vous prie me commander que suis "/>
               </TextLine>
               <TextLine ID="region_1637589878372_1225l29"
                         BASELINE="3286,2260 3325,2255 3364,2249 3403,2244 3442,2240 3482,2237 3521,2236 3560,2234 3599,2232 3638,2232 3678,2232 3717,2234 3756,2234 3795,2236 3834,2236 3874,2238 3913,2239 3952,2240 3991,2241 4030,2242 4070,2242"
                         HEIGHT="164"
                         WIDTH="818"
                         VPOS="2137"
                         HPOS="3268">
                  <String ID="string_region_1637589878372_1225l29"
                          HEIGHT="164"
                          WIDTH="818"
                          VPOS="2137"
                          HPOS="3268"
                          CONTENT="Brusselle Francois Jacobs"/>
               </TextLine>
               <TextLine ID="region_1637589878372_1225l30"
                         BASELINE="4742,2240 4767,2244 4793,2246 4818,2248 4844,2249 4869,2248 4895,2248 4920,2247 4946,2246 4971,2245 4997,2244 5022,2244 5048,2242 5073,2242 5099,2244 5124,2245 5150,2248 5176,2250"
                         HEIGHT="125"
                         WIDTH="466"
                         VPOS="2159"
                         HPOS="4725">
                  <String ID="string_region_1637589878372_1225l30"
                          HEIGHT="125"
                          WIDTH="466"
                          VPOS="2159"
                          HPOS="4725"
                          CONTENT="4 gber 1708"/>
               </TextLine>
               <TextLine ID="region_1637589878372_1225l31"
                         BASELINE="3356,2330 3478,2332 3601,2332 3723,2334 3846,2334 3969,2336 4091,2336 4214,2338 4336,2338 4459,2338 4582,2339 4704,2340 4827,2340 4949,2342 5072,2342 5195,2344 5317,2345 5440,2346 5562,2348 5685,2350 5808,2352"
                         HEIGHT="131"
                         WIDTH="2486"
                         VPOS="2258"
                         HPOS="3340">
                  <String ID="string_region_1637589878372_1225l31"
                          HEIGHT="131"
                          WIDTH="2486"
                          VPOS="2258"
                          HPOS="3340"
                          CONTENT="naerde mael ick ue  de hadde geadviseert op 7 passato dat de 7 laecken"/>
               </TextLine>
               <TextLine ID="region_1637589878372_1225l32"
                         BASELINE="3360,2406 3481,2404 3603,2404 3724,2405 3846,2406 3968,2408 4089,2410 4211,2414 4332,2418 4454,2420 4576,2424 4697,2426 4819,2430 4940,2432 5062,2432 5184,2434 5305,2434 5427,2432 5548,2430 5670,2426 5792,2420"
                         HEIGHT="120"
                         WIDTH="2464"
                         VPOS="2351"
                         HPOS="3343">
                  <String ID="string_region_1637589878372_1225l32"
                          HEIGHT="120"
                          WIDTH="2464"
                          VPOS="2351"
                          HPOS="3343"
                          CONTENT="en den baey tot ferduluere in gevolge ue mondelinge ordre ue hadde"/>
               </TextLine>
               <TextLine ID="region_1637589878372_1225l33"
                         BASELINE="5142,2488 5174,2487 5207,2486 5240,2484 5273,2482 5306,2482 5338,2480 5371,2479 5404,2478 5437,2478 5470,2478 5502,2478 5535,2478 5568,2478 5601,2478 5633,2479 5666,2480 5699,2481 5732,2484 5765,2487 5798,2490"
                         HEIGHT="83"
                         WIDTH="688"
                         VPOS="2433"
                         HPOS="5125">
                  <String ID="string_region_1637589878372_1225l33"
                          HEIGHT="83"
                          WIDTH="688"
                          VPOS="2433"
                          HPOS="5125"
                          CONTENT="aen s  de pauw in a gldd"/>
               </TextLine>
               <TextLine ID="region_1637589878372_1225l34"
                         BASELINE="3360,2496 3484,2496 3609,2496 3734,2496 3859,2496 3984,2498 4108,2498 4233,2498 4358,2500 4483,2502 4608,2504 4732,2506 4857,2508 4982,2512 5107,2514 5232,2520 5356,2524 5481,2530 5606,2536 5731,2542 5856,2550"
                         HEIGHT="132"
                         WIDTH="2530"
                         VPOS="2444"
                         HPOS="3343">
                  <String ID="string_region_1637589878372_1225l34"
                          HEIGHT="132"
                          WIDTH="2530"
                          VPOS="2444"
                          HPOS="3343"
                          CONTENT="gesonden p beurt schip met een addresse op bergen ck een pascce d"/>
               </TextLine>
               <TextLine ID="region_1637589878372_1225l35"
                         BASELINE="3320,2590 3441,2590 3563,2592 3684,2592 3806,2592 3928,2594 4049,2594 4171,2596 4292,2598 4414,2598 4536,2600 4657,2602 4779,2606 4900,2608 5022,2610 5144,2614 5265,2618 5387,2622 5508,2626 5630,2632 5752,2638"
                         HEIGHT="141"
                         WIDTH="2464"
                         VPOS="2521"
                         HPOS="3305">
                  <String ID="string_region_1637589878372_1225l35"
                          HEIGHT="141"
                          WIDTH="2464"
                          VPOS="2521"
                          HPOS="3305"
                          CONTENT="gemerckt T.BB. soo ben verwondert dat ue daer voor niet en heeft"/>
               </TextLine>
               <TextLine ID="region_1637589878372_1225l36"
                         BASELINE="3376,2696 3494,2692 3613,2688 3732,2686 3850,2684 3969,2684 4088,2682 4206,2684 4325,2684 4444,2686 4563,2688 4681,2690 4800,2692 4919,2696 5037,2698 5156,2702 5275,2706 5393,2710 5512,2714 5631,2718 5750,2722"
                         HEIGHT="178"
                         WIDTH="2405"
                         VPOS="2586"
                         HPOS="3362">
                  <String ID="string_region_1637589878372_1225l36"
                          HEIGHT="178"
                          WIDTH="2405"
                          VPOS="2586"
                          HPOS="3362"
                          CONTENT="gelieve soorge te draege ofte doen naer omtsien ende dat ick naer"/>
               </TextLine>
               <TextLine ID="region_1637589878372_1225l37"
                         BASELINE="3372,2784 3495,2783 3619,2782 3743,2782 3867,2782 3991,2782 4114,2782 4238,2783 4362,2784 4486,2785 4610,2786 4733,2788 4857,2790 4981,2791 5105,2792 5229,2794 5352,2798 5476,2800 5600,2802 5724,2804 5848,2806"
                         HEIGHT="141"
                         WIDTH="2507"
                         VPOS="2715"
                         HPOS="3355">
                  <String ID="string_region_1637589878372_1225l37"
                          HEIGHT="141"
                          WIDTH="2507"
                          VPOS="2715"
                          HPOS="3355"
                          CONTENT="soo veel tijdts verloop nu heden van bergen een brieft ontfangen "/>
               </TextLine>
               <TextLine ID="region_1637589878372_1225l38"
                         BASELINE="3366,2906 3485,2904 3604,2902 3723,2900 3842,2900 3962,2900 4081,2898 4200,2898 4319,2900 4438,2900 4558,2900 4677,2900 4796,2902 4915,2902 5034,2904 5154,2904 5273,2906 5392,2906 5511,2908 5630,2908 5750,2908"
                         HEIGHT="143"
                         WIDTH="2417"
                         VPOS="2800"
                         HPOS="3349">
                  <String ID="string_region_1637589878372_1225l38"
                          HEIGHT="143"
                          WIDTH="2417"
                          VPOS="2800"
                          HPOS="3349"
                          CONTENT="hebbe dat het selfde paxke daer is ick hebbe ue immets geseyt"/>
               </TextLine>
               <TextLine ID="region_1637589878372_1225l39"
                         BASELINE="3374,2994 3494,2994 3614,2992 3734,2990 3854,2990 3974,2990 4094,2990 4214,2990 4334,2990 4454,2990 4575,2992 4695,2992 4815,2994 4935,2994 5055,2996 5175,2998 5295,2999 5415,3000 5535,3002 5655,3004 5776,3006"
                         HEIGHT="114"
                         WIDTH="2436"
                         VPOS="2927"
                         HPOS="3357">
                  <String ID="string_region_1637589878372_1225l39"
                          HEIGHT="114"
                          WIDTH="2436"
                          VPOS="2927"
                          HPOS="3357"
                          CONTENT="gehadt en noch naer dat um geschreven dat het selfde soude met"/>
               </TextLine>
               <TextLine ID="region_1637589878372_1225l40"
                         BASELINE="3376,3094 3492,3090 3609,3089 3725,3088 3842,3086 3959,3086 4075,3086 4192,3086 4308,3086 4425,3086 4542,3088 4658,3088 4775,3090 4891,3092 5008,3094 5125,3096 5241,3098 5358,3101 5474,3104 5591,3107 5708,3110"
                         HEIGHT="164"
                         WIDTH="2364"
                         VPOS="2993"
                         HPOS="3361">
                  <String ID="string_region_1637589878372_1225l40"
                          HEIGHT="164"
                          WIDTH="2364"
                          VPOS="2993"
                          HPOS="3361"
                          CONTENT="een addres op bergen addresseren aen s henrij de paus int"/>
               </TextLine>
               <TextLine ID="region_1637589878372_1225l41"
                         BASELINE="3370,3204 3493,3198 3617,3194 3741,3190 3864,3188 3988,3186 4112,3184 4235,3184 4359,3184 4483,3184 4607,3186 4730,3188 4854,3190 4978,3193 5101,3196 5225,3199 5349,3202 5472,3206 5596,3210 5720,3214 5844,3218"
                         HEIGHT="178"
                         WIDTH="2505"
                         VPOS="3094"
                         HPOS="3355">
                  <String ID="string_region_1637589878372_1225l41"
                          HEIGHT="178"
                          WIDTH="2505"
                          VPOS="3094"
                          HPOS="3355"
                          CONTENT="gulde hoeft ende dat ue dan daer naer soude geleve om te sen "/>
               </TextLine>
               <TextLine ID="region_1637589878372_1225l42"
                         BASELINE="3368,3316 3490,3309 3612,3303 3734,3298 3856,3294 3978,3292 4100,3290 4222,3290 4344,3290 4466,3292 4588,3294 4710,3296 4832,3298 4954,3302 5076,3306 5198,3310 5320,3314 5442,3318 5564,3322 5686,3327 5808,3332"
                         HEIGHT="177"
                         WIDTH="2474"
                         VPOS="3192"
                         HPOS="3350">
                  <String ID="string_region_1637589878372_1225l42"
                          HEIGHT="177"
                          WIDTH="2474"
                          VPOS="3192"
                          HPOS="3350"
                          CONTENT="mijn vrent tot berge mons Philip du port can ue daerove"/>
               </TextLine>
               <TextLine ID="region_1637589878372_1225l43"
                         BASELINE="3354,3418 3473,3412 3592,3409 3711,3406 3830,3404 3949,3402 4068,3402 4187,3402 4306,3402 4425,3404 4544,3404 4663,3406 4782,3408 4901,3408 5020,3410 5139,3410 5258,3412 5377,3412 5496,3410 5615,3410 5734,3408"
                         HEIGHT="113"
                         WIDTH="2411"
                         VPOS="3314"
                         HPOS="3339">
                  <String ID="string_region_1637589878372_1225l43"
                          HEIGHT="113"
                          WIDTH="2411"
                          VPOS="3314"
                          HPOS="3339"
                          CONTENT="schrijven en ordre send hoe het ue daermede gelieft gedaen"/>
               </TextLine>
               <TextLine ID="region_1637589878372_1225l44"
                         BASELINE="3366,3526 3487,3520 3608,3514 3729,3511 3850,3506 3971,3504 4092,3502 4213,3502 4334,3500 4455,3500 4576,3500 4697,3502 4818,3504 4939,3505 5060,3508 5181,3510 5302,3512 5423,3516 5544,3520 5665,3523 5786,3526"
                         HEIGHT="168"
                         WIDTH="2451"
                         VPOS="3411"
                         HPOS="3351">
                  <String ID="string_region_1637589878372_1225l44"
                          HEIGHT="168"
                          WIDTH="2451"
                          VPOS="3411"
                          HPOS="3351"
                          CONTENT="te hebbe ick hebbe aen dittovrient op 20 sber oock een paxke"/>
               </TextLine>
               <TextLine ID="region_1637589878372_1225l45"
                         BASELINE="3374,3616 3493,3612 3612,3608 3732,3606 3851,3602 3971,3600 4090,3598 4209,3598 4329,3596 4448,3596 4568,3596 4687,3596 4806,3598 4926,3598 5045,3600 5165,3602 5284,3604 5403,3606 5523,3610 5642,3614 5762,3616"
                         HEIGHT="147"
                         WIDTH="2419"
                         VPOS="3516"
                         HPOS="3358">
                  <String ID="string_region_1637589878372_1225l45"
                          HEIGHT="147"
                          WIDTH="2419"
                          VPOS="3516"
                          HPOS="3358"
                          CONTENT="gesonde en lechtelijck sal s de l'auw het een voor het ander"/>
               </TextLine>
               <TextLine ID="region_1637589878372_1225l46"
                         BASELINE="3350,3732 3472,3726 3594,3719 3716,3716 3838,3712 3961,3708 4083,3706 4205,3704 4327,3704 4449,3702 4572,3702 4694,3702 4816,3702 4938,3702 5060,3702 5183,3702 5305,3702 5427,3702 5549,3702 5671,3702 5794,3702"
                         HEIGHT="164"
                         WIDTH="2477"
                         VPOS="3599"
                         HPOS="3333">
                  <String ID="string_region_1637589878372_1225l46"
                          HEIGHT="164"
                          WIDTH="2477"
                          VPOS="3599"
                          HPOS="3333"
                          CONTENT="hebbe gesonden want mijn vrint op comptoir tot bergen"/>
               </TextLine>
               <TextLine ID="region_1637589878372_1225l47"
                         BASELINE="3364,3832 3485,3822 3607,3814 3729,3808 3850,3802 3972,3798 4094,3794 4215,3790 4337,3788 4459,3788 4581,3788 4702,3788 4824,3788 4946,3788 5067,3790 5189,3790 5311,3792 5432,3792 5554,3794 5676,3794 5798,3794"
                         HEIGHT="158"
                         WIDTH="2467"
                         VPOS="3705"
                         HPOS="3346">
                  <String ID="string_region_1637589878372_1225l47"
                          HEIGHT="158"
                          WIDTH="2467"
                          VPOS="3705"
                          HPOS="3346"
                          CONTENT="comnde heeft sijn declaratie gedaen ende de officeren con"/>
               </TextLine>
               <TextLine ID="region_1637589878372_1225l48"
                         BASELINE="3344,3944 3466,3933 3589,3923 3712,3912 3835,3904 3958,3898 4081,3892 4204,3888 4327,3884 4450,3882 4573,3880 4695,3878 4818,3878 4941,3878 5064,3878 5187,3878 5310,3880 5433,3882 5556,3882 5679,3884 5802,3886"
                         HEIGHT="194"
                         WIDTH="2489"
                         VPOS="3781"
                         HPOS="3328">
                  <String ID="string_region_1637589878372_1225l48"
                          HEIGHT="194"
                          WIDTH="2489"
                          VPOS="3781"
                          HPOS="3328"
                          CONTENT="trarie goederen ven dende willen ve het selve contis quern"/>
               </TextLine>
               <TextLine ID="region_1637589878372_1225l49"
                         BASELINE="3356,4032 3478,4026 3600,4020 3722,4014 3845,4008 3967,4004 4089,4000 4212,3996 4334,3994 4456,3990 4579,3988 4701,3986 4823,3984 4945,3984 5068,3982 5190,3982 5312,3982 5435,3982 5557,3982 5679,3982 5802,3982"
                         HEIGHT="200"
                         WIDTH="2477"
                         VPOS="3879"
                         HPOS="3341">
                  <String ID="string_region_1637589878372_1225l49"
                          HEIGHT="200"
                          WIDTH="2477"
                          VPOS="3879"
                          HPOS="3341"
                          CONTENT="soo hij mij adviseert daerom geleeft aen hem oft aen mj"/>
               </TextLine>
               <TextLine ID="region_1637589878372_1225l50"
                         BASELINE="3362,4118 3482,4118 3603,4116 3724,4114 3844,4112 3965,4110 4086,4107 4206,4104 4327,4102 4448,4100 4569,4098 4689,4095 4810,4093 4931,4092 5051,4090 5172,4088 5293,4088 5413,4086 5534,4086 5655,4086 5776,4088"
                         HEIGHT="149"
                         WIDTH="2446"
                         VPOS="3993"
                         HPOS="3346">
                  <String ID="string_region_1637589878372_1225l50"
                          HEIGHT="149"
                          WIDTH="2446"
                          VPOS="3993"
                          HPOS="3346"
                          CONTENT="t2 schrijve hoe ue het daer medgedaen te hebbe tot welck"/>
               </TextLine>
               <TextLine ID="region_1637589878372_1225l51"
                         BASELINE="3342,4216 3381,4216 3420,4213 3459,4212 3498,4210 3537,4209 3576,4208 3615,4207 3654,4206 3693,4206 3733,4204 3772,4204 3811,4204 3850,4204 3889,4204 3928,4204 3967,4204 4006,4204 4045,4206 4084,4206 4124,4206"
                         HEIGHT="149"
                         WIDTH="814"
                         VPOS="4116"
                         HPOS="3324">
                  <String ID="string_region_1637589878372_1225l51"
                          HEIGHT="149"
                          WIDTH="814"
                          VPOS="4116"
                          HPOS="3324"
                          CONTENT="sird afwachte "/>
               </TextLine>
            </TextBlock>
         </PrintSpace>
      </Page>
   </Layout>
</alto>
