5972 4388
653 0 2419 140 vert ghenomen wij a 4 packen van d'alverberte van 36 perningen

645 106 2416 104 die voor mijn packhuys bewaere en die moeten 1oo 11 a costen

640 212 2423 104 saude wel desireren dat ul. me permitterde op v te trecken

657 287 2416 135 oft dat ul mj conde remitteren een hondert ponden mij sal

639 402 2437 108 ten vijttersten plaisier gheschieden want ben met extraordin=

622 484 2422 157 =aere partye van goederen belast ende met het luttel de biet

647 609 2434 163 dat altijdts teghen mijn opinie met det saisoen tot noch toe

632 705 2400 138 voor valt causeert mede datter wejnigh gheldt roulleert en

634 800 2416 161 in comt van de carseyen ben seeeker dat ul niemandt

656 921 2392 175 beeter coop en can bedienen want ick en salder den intrest

631 1047 2281 160 van het gheldt niet aen hebben en voor alle andere

641 1173 2404 185 goederen die ul. met voorcomende gheleghentijdt sande

636 1277 2446 184 connen noodigh hebben sal ulinsghelijckx ten vjttersen

647 1460 2407 162 ccuiel overlaeten sal deere van ul. antwoort over d'een

642 1561 1605 166 en d'ander verwachten ende blijve

477 1733 240 146 Mony

776 1703 891 156 Anthonne D'Houst

2187 1711 716 220 Adij 22 xber 1703

655 1927 2227 131 i'espere que la mienne du 20 court vous sera bien

657 2013 2127 205 vendue et que la rolle auec la marchandise vous

654 2105 2412 252 parenendra en son temps ensuitte dont voicy la facture

654 2275 2332 157 au pied de cette depuis ie me suis informe apres les

659 2404 2265 219 serges de lieger large d'ne a dont voicy incluse

640 2551 2324 206 les eschantillons avec les derniers prix a deux 1s

656 2697 2407 195 l'a argent de change i'attenderay l'honneur de vre

646 2829 1603 215 responce et sur cela ie me dit

470 2986 1397 215 halle nicolaes van den Berghe

2259 3035 643 191 Adij 22 d° 1707

673 3183 2392 130 hebbe ul. aenghenaeme van 13 court wel ontfanghen met het

672 3314 2352 140 wissel briefken van ƒ200:- court op Dhr. Theodor Broeckmans

636 3441 2293 156 die mij het selfde prompt betaelt heeft en hebbe het op 8a

650 3560 2373 95 recken ghepasseert ick hebbe ul oock met het beurtschip

624 3623 2426 206 ghesonden a l'ordinair gheadresseert aen Dhi grimberghe

650 3771 2354 116 een rolle ghemerckt M.D:B. een blanne cursey en een ros

635 3854 2407 160 mode coleure benevens eenen coleuren bay die verhope

659 3974 2428 166 ul. tot contentement wel sullen ghersorden sal eenen

654 4110 2382 141 swarten carsey en een goedt stuck dobbelen blauwen

651 4237 2268 98 gy met roode en witte frisaerden oock roode en it

3318 0 2397 134 A heden begens dat Cf vichuyd rae

3311 135 2438 114 ghelieftt over te comen doch gheldet mij op wesen mijnen

3305 196 2482 130 brief eens een letter antwoort te schryven oft ul. wel soo

3324 265 2479 165 hooghen prijs saude willen besteeden van baijen van e

3318 394 2473 123 :- die op de ƒ50:- comen maer sehoonder oft beeten

3330 438 2447 173 en dicker ent sijnder noydt gheen ghesien ick hebbe van

3302 535 2464 178 die soorte voel naer brussel vercocht ende ghesonden

3321 672 2440 156 sal heer op ul antwoort pr. eersten verwaghten hebbe

3301 758 2478 169 de schoenste laakens van alderhande moede & coleuren

3315 853 2456 147 en prijssen die & loydt ghesien heeft spaensche van ƒ3:-

3324 974 2316 139 ƒ3:2 4 a 5 tot ƒ 6:toe gheperste d'alder fijnste tot eenen

3317 1056 2402 174 pasacon 45 stujvers ƒ2:- en 38 timpters ben van alder

3323 1145 2474 179 hande soorten van goederen ten vijttersten wel voor sien

3319 1295 2395 143 ende de goederen en hebben nogdt beeter coop gheweest

3310 1362 2457 195 sal oock deere verwachten van aoff ul. huysvrauwe

3311 1492 2433 165 hier over te sien en belieft het haer bij mij te comen

3331 1608 2449 153 logeeren mijn huys is tot haer en vll faimellie dienst

3322 1686 649 190 ende Blije

3139 1800 1134 208 London charles hamilton

5172 1857 561 151 Adij 24 xber 1707

3341 1996 2405 121 hebbe ul. aenghenaeme van 12 past. wel ontfanghen tot antwoorde al

3330 2070 2459 95 het ghene ul. ghelieft bij te brenghen en casimijniet soulageeren want

3325 2143 2382 139 het is seecker dat van niemandt slechter goederen als van ul. hebbe

3343 2219 2436 177 onfanghen dat mede d'een teghens dandere al is naerghesien en soo

3325 2343 2481 142 bevonden aleer ul. sulcx met mijnen van  hebbe gheschreven

3325 2437 2478 114 bovendien de colchester bayen, sijn vochtigh oft nat op ghepackt en

3337 2534 2404 105 daer door alle verdiutt ende veele ghesticht ende soo en presentie

3336 2621 2379 135 van ghetuyghen gheopent ende bevonden, soo door de schaede

3320 2759 2490 105 als doon de slechte qualiteydt en on vercoopbaer  mijen

3339 2828 2444 125 dunckt niet dat ick onredelijck saude voort gaen al waer dat d

3321 2927 2380 172 goederen voor ul. recken laude laeten te meer omdat ul

3322 3017 2496 154 positief by mijn ordre ghenoteert hebbe dat vl. de beste quali=

3304 3111 2475 190 teydt van goederen moste incoopen oft wel gheene alsoo gheen

3320 3208 2407 189 t hemeyne goederen can debiteren, soo hebben anders mijne

3306 3344 2490 136 vrienden ghedaen onse famillie heeft soo langhe paeren met

3320 3429 2487 152 mess. kent ghehandelt en moete bekennen noydt geden ghehade

3322 3513 2459 181 om particuliere replicgie te connen ghenen bovendien het is

3323 3637 2484 123 mij leedt en oock mijn ghewoonte niet dat met mijne iender

3319 3708 2445 155 moete differentie maacken echter ghelijck gheen middelis

3314 3832 2459 150 om sonder merckelijcke schade deese partije te d redderen

3308 3938 2431 150 soo endencke niet dat u.. selfs saude wislen dat ick die

3309 4043 2493 149 schaade sande draeghen doot dien het door faute dat de goederen

3295 4172 2385 155 nat sijn op ghepackt is toecommen ingheualle ul. ghelieft

3314 4264 2201 83 door gemandt van ul vrienden daer van te laeten
