6225 4452
2197 74 323 163 26 dte

714 95 524 134 Leeds Cockson

883 141 2286 202 ne doete pas oie la mienne du 9 zber vs fra bien parvitiue en

877 303 2292 129 son temps depuis jay receu la chere vre du 24 du passe le que

885 359 2205 173 contient yerde chose a faine reponce melise remisede £200

2482 486 90 71 2

854 453 2274 175 sur le chevalur famese ipelur ce jourd huy usences dont il 2s

858 561 2323 150 plaira d'en procurer le necessaire et me crediter a la premiere

878 683 2161 124 occasion j espere de vs pouvoir escrire ford ample el je

861 745 2171 132 vs diray mon sentiment come je trouve la marchandise

863 840 2115 147 p' avonce les manufactures vont de pir en pis et re

853 925 2115 139 voillent pas leus prix qui couttens en quarte re suis

844 984 2359 221 pas servir de ce quil y a de plus beau il mestin possibz

858 1100 2313 178 a pouvois debiter la marchandise et jaime cent joisma

865 1200 2272 157 de nen point avoit il ny a poerionre de mes chalands quee

841 1301 2296 182 veu regarder ou moffrir de largent pr le asees  m

844 1377 2279 188 vez envoyee je fais trest de les voir les bayes sar tout

863 1486 2204 220 alles de B to et il ny a pas une pies ie quelle contiesel

859 1587 2170 220 la larqeur et longever ordriaire il ne faut vs

844 1676 2317 235 stachez a raison de mes plaintes car il mest empost ile

865 1783 2238 188 de nien pouvoir passes et je ne doute nellarentoe s

882 1912 2261 167 eutres vs en font recute de mesme je tachera d'ajusse

860 1970 2349 226 nre compte court au premier dien veuille no rocures

874 2098 2300 188 la paix come vs me marquez q conen pale p che me

899 2172 2263 202 de ne aspireqpas tant la debite q je ne farte a roceue

887 2250 2254 206 vs voir refleurer come du prssez vre opanafactee et

867 2389 2271 155 en  cor la je srort un plaiscux negti q au leiu

891 2401 2343 252 lon sende goute a present je vs salue et suis pas fateruez

869 2587 1741 170 on der couver de van Jouffe roeckmans

2266 2678 356 124 26 sber

688 2709 909 171 Brussels Joanna Bervers

877 2705 2300 215 ue aengenaeme van 23 deser wel ontfange met den wisselb van £

877 2833 2337 209 £120 op mons botermans die uyt de stat is ende het gene mede vorsae

871 2898 2340 200 ue niet eender en hebbe connen antworden en twijffele niet eens oft

862 3013 2330 207 den bref is goet en sal pront betaelt worden waer op moght

876 3101 2317 237 gerust wesen bedancke ue van her te voor ue goede genegent het

874 3173 2313 222 niet eens tuijfelende oft de affairens sullen wel eens toe laete

869 3283 2356 227 emoort eens sal overcomen want daer sal ue al eenige winte

881 3392 2288 220 provise manckeien en ore digh wesen noit minste dat van

865 3457 2314 218 ue dinst voor valt gelieft angelijck mij in alle occasen te

874 3564 2284 206 commandere sal in alles ue soo wel le dienen last ue

871 3650 2347 231 due present maere waer oft op moght verlaeten blive wan

868 3768 1427 209 heste ghalick aen ue heele famillie

2218 3856 488 133 27 sber 1709

673 3923 891 189 Brussel Peeter van Soche

863 3937 2370 192 hebbe geene particuleere b vrinden a costie oe mij te adden soone e

857 4078 2370 130 de berhyt ue noegelijck se vallen door versoeck van een persone van mijne sen

850 4113 2337 201 neste soo hebbe mj laeten in wietelen om een partijcke a 2 te crediteren

863 4197 2374 150 a nicolas doee dan consergie op thigh heys en laecke maecker over en

1339 4265 1898 127 op hebbe heden verkomen dat die soude voorsien wes

3390 76 2407 72 van lorieren van & el te de s corp en huyten staet van te betaelen

3398 146 2436 129 wete niet oft selkx costy publiey is oft uc gelieft soo veel goedt

3397 235 2477 139 o daer naer eens te intorherin ende mij het selve te adviseren

3411 278 2342 190 oock ditto doesdan eens te doen sprecker ende te sien ofter geen

3393 350 2480 234 middeller en id om de goederen naer ue te trecken die buyten uyt

3400 488 2505 192 sel ooch in neie wesen en alsoo mijte salveren versoecke

3404 550 2368 217 met precausein en goet heyt daer geleft en voort te geen want

4256 670 167 87 Eelf

3400 695 2375 216 schrijven ten hem hem heden gevende kermisse dat die saecke

3382 782 2396 238 in ue hande hebbe gestelt ende dat van mijen kant genegen

3399 883 2433 180 ben van alles te doen wat mogelijck is om hem te mentineren

3397 1012 2470 190 en niet overrugh te worpen ue sal m partijculier veroblegen

3415 1057 2427 222 en in elle voorvallende occasien geleft ingelijck te despo

3411 1219 837 168 neren van die blijve

4603 1331 391 137 27 gber

3292 1340 997 176 Brussel Nicolas dousedam

3390 1349 2475 252 Ick moete ue segge dat het mij seer ter teghe jaet de teydenge

3415 1517 2368 177 die mons loole dose morken heeft coemen brengen niet te

3402 1594 2355 195 mein ick betrouwe mij op ue een taere lijck man can eer

3405 1629 2481 247 ongemack crjgen en net tegen taende in staet blijve als

3412 1744 2409 217 hj maer en welt ue weet sonder twijfel dat ick niet ue in

3419 1895 2459 170 tinceretyt hebbe voort gegaen ende mijve goederen vere

3395 1990 2431 154 tot soo goeden coop als mijn leven aen imens van mj ne

3410 2050 2480 233 beste calanter hebbe overgelaeten datter weghegh oft

3396 2171 2458 178 niets aen en hebbee geprofiteert ende dat uyt reden wat wel

3389 2277 2483 164 wiste dat men jonge coop leyden moet eeenen stan verlaet

3397 2381 2445 164 particuleur wennen om in callante te geraecte an he

3398 2495 2466 131 selve te connen stellen weest seckerdatge met een erelijck

3395 2611 2482 108 man te doen hebt ende dat mijn intentie niet en is ete over

3370 2700 2446 143 rompelen oft lastighte t vallen ict sal patientie hebbe

3386 2773 2417 114 ende ue can mij met gemah betaelen ick ben van opdenie ge

3370 2891 2480 124 weest self over te coemen maer door in comodit st soo est mij

3373 2968 2513 128 onmoeelijk uyt die neden hebbe mijn vrent Dh Reter van

3374 3048 2522 123 soch versocht ue uyt mijnen naera te gaer prrecken alles sal on

3329 3140 2511 150 der ons secret blijven ia soo vier dat al wanneer ue sich met den

3383 3244 2432 150 bet ter stellen ick sal toonen dat ick ue drint ben ende sal ue

3361 3338 2439 171 wederom den eersten credit geven ick bidde ue geleft mij eens

3379 3399 2444 189 te antwoorden ende te laeten weten twe ue afffaeren staen en iit

5508 3525 91 71 ece

3380 3501 2455 182 sal trachten ue te hoepen ist mi mogelijck ende gelieft voor mis

3371 3583 2459 133 te doen gelijck ick voor ue in alle occasien sal doen soo stelt

3365 3710 2510 126 maer mijne goederen in handen van DH Paeter van dock soo veel

3366 3801 2515 143 ue daer noch van majh hebbe sal die aenveerden op cootinge van

3370 3865 2474 177 geene ue m schuldigh is ende ue en sal sich teen cenwige daege

3370 3953 2405 178 van mij niet bechagen maer ondervinden het gene ue hier boven

3361 4046 1412 166 versechere ende dat allijts sal syn

3399 4164 2334 164 versoecke niet te willen naer laeten van mij toe willen

3369 4259 574 123 antwoorden
