5972 4388
621 50 2355 176 dat ditto boeder magh wel gegouderneert worden

679 182 2386 121 en op den profitabelsten middel magh gaede geslagen

657 276 2363 187 worden want het is seeker datter hier persoonen sijn

678 436 2381 111 en bij lijden daer compastie mede te hebben is. sal dan

669 505 2367 175 desibertijt gebruyken van op ue te trecken in gevolge

673 637 2280 160 ue mij gelieft te noteeren £110 vlaems wisselgelde

648 744 2346 208 hier onderde facture van het voorgemelde packie

682 856 2285 191 I:B.S bedraegende ƒ404:- wisselgelde waer voor

677 984 1890 196 my gelieft te crediteeren en soo blijve

2416 1135 628 194 Adj 318ber 1707

474 1114 1664 240 Mons la Beufve B Bapte Masson

718 1280 2355 221 J'ay bien receu l'agreable vre du 25 du court pour responce

700 1426 2366 165 ie n'ay pas receu mes draps superfine nouveaux encor mais i'ay

710 1518 2342 165 fait van pr. tout ensnette a la chere vre pour en trouve

717 1660 2364 113 conform: a vos eschantillons de gris de fer mais point trouve

696 1778 2395 137 ie suis mary que ie ne vous puis pas rendre le service la dedans

685 1833 2386 156 comme y.a souhaiteroit bien ces couleures suedittes ne sont

716 1950 2380 180 pas cherche p. ces cartiers et c'est la raison que l'on n'en peut

694 2075 2293 147 pas trouver pour mon sy ien aurois en i'en aurois debite

708 2163 2254 177 plus de vingt ps a morns car un chachun me demande

697 2262 2371 155 de ces couleures il m'en fault avoir patience si ien fait

696 2359 2404 156 venir il sera trop tand et pour l'Anne avenir ime sere

706 2458 2353 218 peut estre  la mode i'ay donne de flanelles en tienture

707 2561 2352 170 conform vre eschantision gen ay desia envoyce avant

704 2698 2403 137 que i'ay receu le agreable vrebeacoup a mons pour de

713 2769 2314 169 draps sins d'aultre couleure a la mode ienais a vre

714 2888 2386 193 segrice i V.4 me veut faire le plaisir de m'en vayer

714 3015 2300 148 des eschantillons comme les souhaitteriez bien ie ne

713 3116 2243 184 danbre pas ou ie vous en pourrais fournir agre

706 3237 2401 151 contentement comme aussy pser de draps de bas pri

699 3386 2361 132 de ƒ 10 a 12 ƒ ƒ10 ƒ9 ƒ58 et 7:- et fricettes blanches

696 3470 2371 134 rouge et carvsees blanches et toute sorte de coleures

693 3575 2414 160 a tres bon marche  i'ay aussy de flanelles croyse

697 3682 2407 175 supertins et blanches et bayes de deventer de ƒ610:

705 3787 2330 178 2usghes a ƒ54 les superfinnes. aussij de toute sorte de

701 3909 2334 169 coleures de flanelles tientes et pour le reste toute

703 4042 2340 166 sorte de marchandise d'Anglettere ƒV:9 me

717 4166 2219 196 peut faire quelque remise pour le present

3356 17 2453 140 i1 me sera fort agreable car ilen ay  besoing cependane

3341 116 2438 99 sans vous in commoder en aucuune maniere carie

3344 229 2440 172 ne pretend que de vous pouvois rendre service qui suis

3133 274 997 228 Ath C. Dailmerie

5026 381 721 219 Adij 31 xber 1707

3329 448 2435 205 i'aij bien receu l'agreable vre du 23 du cour ie vous au

3336 581 2428 206 envoyce en suitte avec la marchandise de mon pere

3343 701 2432 171 pour termonde dans une rolle marque 4B DexP de

3351 735 2396 157 bays blanches dont icy au pied de cette la facture

3339 877 2453 157 portant argent de change ƒ61:- pour quelle comme

3348 946 2461 201 il vous plaira me crediter sil ne fault pas parser de me

3334 1066 2493 166 faireteniy de l'argent ce la si trouvera bien quand

3347 1131 2429 193 i'ayray l'honneur de vous vois pr. ieu cela et tout mon

3333 1228 2488 242 magusin et a vre  service cet ie ne sauhaitte que

3342 1361 2451 176 d'ahoir l'occasion pour vous pouvoir rendre serice

3338 1451 2489 210 et avoir l'honneur de vos commendements vous pouvez

3326 1552 2480 215 croire que ie vous puis seroir a si 2uste prix que personc

3345 1631 2455 220 au monde puis faire et aussy que ie n'y manquerat

3343 1731 2381 211 iamais car ie suis heleux pour pou voir vendre ce

3338 1832 2473 211 pourquay v. manque quelque chose de marchandise

3347 1966 2453 151 d'hieres comme frissettes carisees blanches ou tientes ou

3338 2077 2429 180 quelque sonte des draps ie vous serevray si bien et a si

3352 2138 2455 198 iuste prix comme si seriez presente et ce pourcela

3340 2258 2382 219 que ie vous prie de me donner vos ordres en fout que

3367 2350 1586 190 a 4 pouroit avoir besoing et suis

3127 2455 1506 238 Ghendt J: B. De Sadelaer

5010 2533 699 214 Adij 31 ° 170

3349 2696 2469 165 referere mj aen den mijnen van gisteren heden

3359 2781 2438 163 hebbe occasie ghenonden om op ul te trecken payis

3358 2898 2416 179 de £110 vlaeme wisselghelde in brief op 2 a 3 daghen

3344 2972 2351 176 sicht te betaelen aen d'ordre van m Thordon

3372 3101 2297 150 Broeckmans die contorin ghelieft te meeren

3334 3158 2477 198 en vooders afwachtende d'eere van ul commande

3344 3268 1091 174 en antwoortt Blijve

3161 3363 1476 192 Brussel Francois AMonton

5058 3360 683 254 Adij 31 P. 1707

3339 3611 2461 160 i'ay bien receu la chere vre du 27 xbre en son temps aussy celle

3330 3689 2482 172 du 24 du court celle cy pour advis que ie vous ay envoyee lee

3319 3822 2436 139 trois P. de draps pal bleu conformme eschantillon pr

3336 3907 2425 159 la barque marchande same dy passé dans me rolle

3323 4030 2427 158 marqhe HB avec vne baye de  22p de farduliere qui

3326 4178 2355 104 est en peu en donmage dont nous nous entendrope

3337 4232 2290 111 bien ie ne doubte pas en cela vous parmendra bie
