6046 4407
778 60 2334 91 noodt saekelijck dat men sulcke precautien moet ghebrugeken

755 132 2376 84 want ick n begeeve an ul prix eentge goederen voor mijn

2197 162 57 64 e

776 179 2272 105 recken te hebben ten su het van dereste qualitijdt is ten

770 252 2364 136 verstaen soorte van goederen ghelijck wij inde quartieren

757 349 2221 99 sijn ghevoon t hebben het slecht goedt is bopsaecke van de

743 397 2393 149 rugne van onse negotie bidde mijn intentie wel te verstaen

749 497 2253 81 want ick ben gheneghen met uf. te handelen en voor

763 551 2370 109 andere te pretereren als ul nu wel ghelieft te bedienen

771 611 2246 102 en ul. en salden bj mij noeydt reden anden van ul. te

751 705 2376 97 beclaeghen ick hebbe een raste resolutie liever de negotie

751 790 2370 95 te  abandoneren als sulcke slechte goederen te moeten

756 841 2395 111 debitegen ende daer door de reputatie van mijn pack huys te

747 919 2331 107 verliesen ick wachte dan largo over al het gene vl

756 977 2033 137 hebbe gheschreven cito antwoort en soo blijve

2061 1050 1091 137 ondercouvert van dH. Brouw

2925 1132 224 98 mans

569 1098 1569 167 London Seaven en Stockdaele

2442 1152 654 151 Adj 22 xbre 1707

765 1233 2358 235 ie vien de receuoar les deux cherez vres du 19 et 21 du passe avec compte a

769 1386 2376 150 court et quesques eschantillons pour responce i'examineray le dit compe

757 1455 2384 145 et ie vous en donneray responce au resgard des eschantilions il n'y en e

763 1539 2357 140 pas on comme ie voudrois avoir mes draps il fault necessairement

766 1580 2238 166 que novs n'entendons pas bien les ons les aultres et que v ne

762 1685 2380 144 comprennent pas mon intention car vous m'envoyez les eschan

734 1747 2403 163 tilllions aves des melanges grands et ie vous endemande des

756 1802 2384 149 inelanges fins et des nouvelles couleures que nous n'avons pas encor

754 1931 2266 92 en cspendant les temps les pais propres va venir pour faire

752 1993 2347 118 l'achepte pour les draps, et l'enas besoing cincq, on stso ballots

752 2061 2370 132 de douze P. chacque  ballot assorti des differente couleures et prix

748 2120 2211 117 de ƒ56: a ƒ56:6 ƒ58:ƒ59:10:12 iusques as et 14 ƒ mais alme

729 2251 2333 92 fault les touts les plus colies et plus nouvfelles couleures

741 2311 2379 105 a lax mode auctrtement ie ne les pour au pas debiter ie vous prie

742 2400 2328 97 de prendre vos mesures a l'advenant et les achepter dans

756 2482 2334 104 le temps les plus propve et menager mon intrest comme

744 2559 2341 118 sy feroit pur vous mesme aussyj lavoir bon soing et esgarde

750 2617 2308 130 st la qualite car les dernieres ballots que m'avez envoyez

751 2736 2331 84 ne sont pas reussy comme il fault les draps ont estez dure

758 2773 2379 127 de laisne d'ne grosse filliire et point fere en fin pas comm

776 2851 2286 137 nous en avons en du passe et comme ie les sounaitterois bien

773 2942 2346 110 ie vous prie de bien comprendre mon infention ie vou drois

772 3015 2357 141 vous les pouvoir et plicquer en Anglois les temps me

748 3122 2376 126 man ques pour vous en voyer quelque eschantiions isle

765 3188 2194 122 je ray p. prochaine lentre tempe vous recomande

2116 3240 1023 160 onder couvert van DH. B rock

768 3266 1038 154 mon infrest et suis

2901 3358 230 95 mans

2062 3379 669 119 22 xber 1703

543 3346 1160 187 Londen Livinus de Dorpere

760 3415 2376 181 hebbe de op 24 pasato bargo geschreven die niet en tweijfel

751 3540 2363 146 ofte sal ue wel sijn gevorden diens volgens al verwache

750 3636 2397 131 de facture en stael boeckaen van de 2 geordonnerde pack

729 3747 2405 152 sien die echter daeghelijckx met verlange te gemoet want

732 3833 2364 146 mij de couleuren bevallen ende dat oock en de quallitƒ

760 3948 2389 126 can genoegen vinden sal ue vordere partije ordonnerck

745 4030 2379 169 ick verhoepe dat wij haest convoiy op rotterdam sullen

744 4131 2373 130 hebben te verwachten ende dat ul ditto paexkens

700 4243 2208 114 in twez differente schepen om den 2esico te

3399 33 2383 116 verdeelen inghevolghe mijn ondre sal hebbe n at gnelaeden

3378 104 2436 120 dat mij aenghenaem sal sijn te vernemen te meer om dat het

3396 184 2431 142 sadoen enden bequaemeten tijdt tot den incoop van laeckens

3408 270 2386 119 begint te aveneeren ende dat noch allestighe paexkens

3380 314 2448 157 noodigh sal hebben ick hope dat den heepe iet gheluekige

3373 411 2414 106 sal salvo brenghen uant hebben nu in corte daeghe n

3382 475 2354 152 al groote teinpeesten ghehadt hebbe eenighe remises

3369 535 2320 168 ghereedt legghen dith door dien tot russel hebte

3367 621 2417 145 gheweet en nu gheariveert den tijdt nt manckeert

3353 709 2450 143 om te boeck te stellen ende te vandiseeren soo sal die

3380 780 2368 164 sonder faute p naesten senden en sullen soo veel te

3371 829 1009 140 cortent wesen Rijve

4088 854 458 139 van meel

3202 867 2630 225 Rotterd.  onder couvert van van meet

5175 993 657 159 Adij 22 geber 17035

3377 1037 2355 198 hebbe nlyeenighen tijdt tot Brussel om perticulieie

3386 1192 2442 102 affaerens continuel moeten vacceren soo dat alleen tot

3382 1276 2400 100 antwoort op ul. aenghenaeme diens van 2 congr

3394 1324 2439 133 dat met het naeuwsler in Dh Jacques meyers aen ul.

3394 1417 2423 148 ul. restant sal beefsen datersoecke de goedt heyt

3398 1491 2431 132 te hebben van den ingheleyde op London voorsganck

3394 1590 1746 102 te doen geven en met haeste Blijse

3214 1648 1459 182 London Jeanoenen SAockdale

5104 1712 700 195 Adij 26 sbre 1707

3389 1772 2438 190 i'espere que la mienne du 22ducourt vous sera bien parvenue

3392 1908 2450 130 p la quelle ie vous au escript fort ample pour vous pouvoir dones

3400 1981 2432 145 a connoistre mon intention touchant les draps que i'au besoing

3394 2040 2423 154 mon ordre est pour six ballots hacque ballot de doune P. et

3393 2090 2457 182 vre baye manchester pour ferdulure estant en tout septante

3391 2171 2448 173 deux P: de draps dico 72  ie ne seait quoy faire i'ay grande

3279 2260 2535 176 quantite d'eschantillons que vous n jauez envoyéé de temps

3385 2344 2435 154 en temps et cependant ie me trauve embarasse que ie n'en

3388 2424 2436 130 peut pas vous envoyer car les couleures ne sont pas comme il

3377 2504 2438 148 m'en fault ce pourquois prennez bon esgard pout achepter

3387 2592 2445 127 de bons draps bien appreste et courert de bon l'awne et ne

3403 2691 2409 102 vous pressez point mais faittez le a vre commodité et mon

3384 2748 2425 149 plus grand advantage possible et tachez de trouver de plus

3387 2839 2364 112 nou velles couleures a  la mode que nous n'avons pas

3378 2954 2471 97 en cor veu d'un bin inelange comme ie vous ay assez recomande

3374 3015 2428 110 p. ma precedente ie ne scay il gat iay de pres Amis qui se

3373 3093 2454 117 font servir de mr. livimis de Doryfere et qui le trouvent

3393 3202 2431 99 parfaittement bien avec luy si bien dans les coleures que

3400 3251 2425 108 dans la qualite de draps ce pourauor ie vous prie de faire

3392 3331 2408 147 de mesme pour mos vouicependant inclux quatre du

3371 3388 2388 178 e2 ncg, eschantillions comme ie souhaitte quelques p

3389 3534 2444 127 de ditaps pariny les coleures a la mode que ie vous recom=

3373 3616 2331 117 mande p ra prachaine plus et surcela ie me dit

3376 3690 1415 157 d'abord que i'auray examine le

3393 3768 1485 132 compte court et le trouve d'acord

3380 3859 1547 114 ie vous feray remises et il ne vous

3386 3939 1582 154 faudra plus jattendre aprres l'argent

5064 4020 524 189 Adij 16 d

3185 4038 1287 165 Rotterd agued Meye1

3387 4136 2429 183 ul. aen ghenaeme van 16 court hebbe wel ontfanghen
