6151 4407
2442 53 586 136 Adij 31 Mey 1703

482 65 1432 162 Amsterdam Pet C. van Honsem

691 191 2375 99 Beyde Vl engenaeme van 24 en 25 conrp wel ontfangen met remiscop london

680 275 2393 78 van sterff7 waer voor ul. conform hebbe gecrediteert a ƒ32:9  ƒ1488:7 ½ banco

674 309 2378 111 sien voorders ul. noteert datter sich geen brieken op tijdt presenteren daer

689 394 2208 68 l voor soude gelieven del credere te staen moote patientie nemen

687 413 2347 111 d'occasie voor comende ul. gelieve de goedtheyt te hebben mij t adviseren

684 487 2186 100 en in nota tenemen en ul sal mij verobligeren die aer cordiaele

691 546 674 93 groetenisse Blijve

2337 598 601 149 3 Junii 1708

469 603 706 184 Brussel P segers

676 689 2310 163 verhoepe ue goet retour, ende dat ue sal ondervinden aen de

689 804 2353 156 twee superfijne laekens ende de wee geverfde quaerten die ue

689 908 2331 129 vercoght hebbe dat ue niemant in Antwerpen soo goeden

665 1036 2270 106 coop en bedient als ick doorgaens doen en gedaen hebbe de

679 1144 2323 111 twee quaerten sijn met het beurtschip afgesonden int paxke

643 1207 2347 157 van de wed vander Borght ue heeft hier onder te saemen

642 1321 2267 152 de facture bedraegende wisselgelde ƒ 576:4 waer voor

657 1436 2337 130 mij gelieft te crediteeren ue heeft mij geseyt dat ue niets

693 1524 2329 157 noodigh hadde dan eenige super fijne en middellertijt hebbe

697 1622 2341 188 gesien aen het beurtschip dat ue van andere veele goederen

683 1723 2273 175 heeft gecoght. ick moete patientie nemen. ue welt dat

660 1835 2286 155 partije van alderhande goederen genoegh bij mij hebbe

690 1931 2285 171 en icken can niet meer doen als ue soo nauw bedienen

690 2066 2174 104 en de goederen soo civiel overlaeten dat seeker ben dat

685 2133 2279 135 niemant doen can ofter aen behouden blijven: tegens dat

673 2205 2267 150 wij deere sullen hebben van ue noch eens over te sien en

684 2338 2251 137 twijfele niet oft sal met godst gratie wederom een versch

671 2439 2303 143 coriment van alderhande nieuwe moede couleure spaensche

643 2511 2378 155 laekens hebben. oock de geperste daer ue de staelen van gesien

665 2606 2344 166 heeft ende de alder beste carseyen en bayen die im etuwerp

647 2708 2292 151 sillen te sien wesen van Abram Pilly en stansuld

683 2842 2262 114 coemt ue ick te mankeeren ende dat ue daerom niet en

628 2890 2288 152 soecht over te coemen bidde mij maer te laeten weeten

678 3013 2294 139 ick sal ue soo wel bedienen aloft ue hier present gwaere

652 3115 2116 139 hebbe ue vergeeten te spreken over mijne resteerende

670 3201 2348 170 cerseyen onder ue ick bidde gelieft daer mede ue devoiren

687 3299 2305 149 te conpieeren om die te comn vercoopen ue van

691 3378 1989 152 herte groetende benevens ue beminde soo blijve

2086 3495 600 160 Adij Ditto

464 3485 965 187 Brussel Henry de Pauw

698 3608 2219 131 hebbe ue op 24 mey geschreven ende geaddresteert met het

673 3698 2171 138 beurtschip een volle voor rekene van de wede massone tot

673 3790 2321 142 Berghen dat hoepe ue wel sal sijn ter handt gecoemen ende

680 3890 2271 115 dat ue dat prompt aen haer sal hebben voors gesonden desen

682 3980 2317 143 om ue wederom te adviseeren dat voor haer aen ue wederom

699 4069 2304 120 een hebbe geaddresseert met het beurtschips gemerckt VB.M dat

699 4170 2341 148 opt amveeren tot Brussel cito aen d: wed. maston op Berghen

673 4243 2202 130 gelieft voorts te senden en ue sal mij verobligeeren die blijven

5225 55 554 120 Adij 4 Juni 1705

3107 63 777 140 Leeds homas Becise

3328 95 2442 138 24 past. hebbe ul geremitteert 1t £200: - op sheafe et watkms op 3 pr ul. gesonden

3323 186 2326 127 daer van den seconda met noch remin van ste £79:- op tourto niet sj

5154 248 138 58 ma

3322 263 2442 86 in desen ingesloten daer van oock den tertia sijnde den l geaccepteert n

3322 323 2415 90 handen van daniel hays voorders remittere ul wede rom stot £118: van

3306 401 2445 54 2court vsos op pen sy sjurnesse waer voor gelieft het noodigh te besorgen

3317 448 2430 78 en mij te crediteren hebbe ul. vier packen uydt lof wel in mijn huys ontfangen

3306 492 2363 105 4 nN4.5.6.7 ende daer van aenstons geopent n54:5 ne& staet noch

3314 530 2452 120 geslooten soo dat u daer niets can van segghen wat aen gaet n4 mete

3314 633 2436 97 150 carseyen die en sijn niet naer mijn contehtement want vallen en inder

3325 654 2357 102 en slachter als deseerste 30 p die u mij tot een preuve hadde gesonden

3329 751 2369 87 en ick hebbe aen ul. Boeckhouder gesest dat noch beter te geerde ende de

3313 783 2462 107 mercken van A.Riley maer geen slechter voor haet Brijs is in P. gesonden

3315 833 2468 110 carseyen voor mij geere advantagie. mij met de witte laeckens dae

3309 898 2433 96 in ean P. no29en 24 met Blouve schoone canten gelijck ick van London

3318 935 2424 83 evoor ben te hebben doch ul. stelt die wel hooght in prijs tot £50:276

3300 1002 2446 91 die ul. Brenght tot £9:9 en £91 passa belgoet maer moete ul. segghen

3314 1067 2443 84 dat ondervende dat in die soorte van goederen tot London alsoo goede avan

3307 1123 2393 88 taqie can vinden no6 met de geverfde moete bekennen dat het alle

3329 1153 2439 126 schoone couleuren wesen vijtgenoemen de geloun daer vl int toecomende

3314 1216 2471 105 beeter moet ap letten maer het sde alder in inste en alderslechte soorre

3326 1280 2471 106 die hier te lande can comen voord. en traordinair smalen vyt die

3323 1342 2450 109 reden en sal die niet wel connen debiteren ul gelieft daer voorrte letten

3310 1399 2390 114 bj toecomende dat d' laeckenen moeten wesen van schoone breede

3330 1445 2438 156 gelijck de dossens van 55 a ƒ5:6 roune want gelijck ul die mij gesonden heeft

3307 1522 2446 130 vllen noch smayder als de dossens van 3:½ roune die heer te lande

3306 1582 2471 109 soo smal sijnde niet begeert en worden, voorders reflectere dat die alle

3307 1690 2424 59 cont van maete vallen  19 a 20 die van Londen copten noyt m inder

3306 1709 2415 101 dan g. 22 a 23 a 24gr ende sijn ordinair oock handt saemiger en dicker

3306 1774 2465 109 ben oock verwondert te sien dat ul mij die inde facturte niet en brenghe

3308 1841 2408 126 soo veel wilt als die costen en voorder dan gerekent wat die voorr

3313 1890 2410 107 verven en op doen pr p costen gelijck de maniere is maer ul stelt

3300 1953 2470 146 die tot ƒ31115 „ ƒ311:4 pr gn gelijck mende dossens in reken Brenght dat

3288 2003 2479 153 niet uelis oft geen sattisfactie en geeft tot ul governo oock de witte

3309 2065 2429 147 laeckenen worden vercoght met de pongen sterlinct en ul. stelt als a ½

3305 2121 2472 162 7:14:6 en voeght daer door gaens alschelling en grooten bij dat niet weete

3306 2187 2382 147 wat beduyt ick moete opt mannste en preckes bedient worden oft

3307 2249 2471 146 anders en isser met mij niet te continiseren als ul. gelieft op det voven

3296 2317 2474 126 staende reflescie te nemen ende devoiren te doen om mgnoh beeter te

3297 2427 2473 89 bedienen soo begeere noch wel een partijcken geverfde laeckenen van

3311 2433 2434 146 sestigh segge 60 halve p geverrde te packen in twee Packen den pack

3297 2517 2467 113 me t30 halve p en tweccarseyen vrappers te weeten een pack gesorteert

3303 2560 2443 142 met 15 halve ps schoon sadblueen is halve p. enderscie blue. het tmeede pack

3297 2634 2461 118 gesorteert met 12 salve pr. schoon read i0 halve p.  green en shalce

3301 2743 2421 97 spr schoon geloune van differente couleuren. de roode groen en gelonn

3317 2790 2420 102 en moeten de laeckens alle nie van een couleur wesen maer different

3306 2850 2477 132 d'ien wat hooger als het ander van couleur doch moet en generaet

3313 2955 2439 88 alle de laeckens saemen wel geverft wesen ende van schoone breede

3297 2989 2477 138 wesen gelijck de dosnen van 35:6 goue daer wel gelieft op te relecteren

3301 3058 2470 131 oock moeten wel tereyt wesen en wel gewence dat die neet dander

3291 3136 2495 113 en vallen als die ul. mij gesonden heeft betieft oock te coopen ende te

3303 3200 2489 110 packen in een pack 30 halve P witte laeckens van goede qualitijt

3298 3265 2473 117 breede en twee car segen vrappers tot ferdulure dese mijne comss ie

3289 3345 2436 102 is dan voor negentigh segghes 3o halve p. laecken ent geheel en 6 ps

3290 3444 2459 82 carseyen tot vrappens gelaegt die dan te volbrengen en mij perste

3305 3495 2446 72 convoy op Rotter d af te sgheepen en voorde als uvantue be caueeren

3283 3547 2480 95 al opde naer ick en can ot hhet meer seggen als recommanderen

3301 3625 2480 88 mijn intrest aen ul. al oft het ck engenaeren want mijn intentie

3309 3675 2461 99 ii als de goederen hier anriuerende niet wel geconditioneert en

3292 3761 2495 86 vallen die voor ul. reken te laeten menageert toch d'on costen

3292 3807 2494 107 en traght mij tot de beste advantagie mot gelijc ende de n besten

3308 3868 2337 102 coop te Be dienen  want het r. ul. adran tagie wesen ick

3285 3956 2421 87 traghte alles opt naenste te menageren ende de goederen hier

3283 4038 2366 101 beeter coop te genen als een ander om veel te connen debiteren

3300 4101 1863 80 ende hoe meerdere partje dat iak can de biteren

5490 4108 232 102 hoe

3294 4139 2477 134 moendene commin ie dat ick ul. sal geven daerom menageert

3308 4246 2427 72 alles opt nauwste want het comt  op aen bagastelle aen conde

3288 4297 2448 68 ick en pretendere n iet gecargeert te wesen gelieft mij oock in
