6225 4452
880 84 2192 161 voort aenhaelen doch wat swaerigheyt ue voor de

857 188 2282 191 passagie van Lillo maecht en can ick niet bedencken

859 355 2011 132 en hebbe over Rotterdam daer mijn leven geen

827 426 2082 190 difficulteydt gerescontreert, alles dat Rotterdaem

815 571 2270 177 gepatteert heeft en is van mij noeyt op sillo quittie

834 679 2355 167 over gemovelrt en dencke niet dat van seclandt coemende

818 803 2272 161 daer meerder obstaele soude wesen. ue can die vier

821 926 2210 216 packen dan aengeven voor 80 lancke 4oider

862 1042 2252 177 te saemen weert ƒ 800 en mij p cerste occasie

856 1175 2072 187 afsenden waer over afwaghtende advies soo

829 1283 1786 220 blijve naer minsaeme groetenisse

773 1431 1415 210 prechelen h. Cfay dherbe

2484 1427 642 228 ady 13 Juni 1709

847 1583 2369 179 de aengenaeme van gisteren hebbe wel ontfangen tot antwoort

860 1707 2356 185 en hebbe present geen naerder op ve stael adeorderende laeken

859 1815 2233 175 als het vene ue ingesloten sende sijnde generael te licht

860 1902 2201 169 oft te bruyn maer hebbe een paxke van alder hande

870 2035 2295 138 couleure van grijssen onderwegen daer preces het ue in is

855 2138 2297 217 gelijck ue sien can uyt het cleyn staeltien dat op het vois

866 2262 2298 204 gespeet doch dat sal noch eenige weecken acn loo pen

878 2392 2317 184 can ick ve dienen met het gene dat wat lichter is gelieft

871 2497 2348 138 maer te commanderen hebbe anders alder hande couleuren

867 2601 2313 162 inde gepersten en noortsche gelijck inde spaensche oock

856 2722 2327 173 prosent seer schoone fijne witte slancken en su perfijne

877 2827 2204 170 gekeperde oock su perfijne colchester bayen en deventer

889 2956 2297 197 bayen tot te dienste in alle occassien gelieft maer lhber

864 3090 2159 127 te commanderen en sal ue goeden coop bedienen

844 3201 513 130 die Blijve

2341 3281 586 201 adij 18 d

660 3278 1482 248 Mecheen h Jodogne

877 3465 2269 178 ick en twijffele niet oft mijn brief van 29 oart cove het

897 3589 2298 175 sijnen tijde wel geworden achter volgens hadde al verwaght

882 3701 2337 177 te sijne belofren soude hebben voldaen en mij geremitteert

868 3790 2330 161 alsoo ick present ten hooghsten verlegen ben. ick hebbe

871 3884 2330 183 mij genooitsaeckt genonden op ue te trecken op twee daegen

871 3985 2326 193 sicht overhonders auldens wisselg aen d'ordre van mons.

862 4093 1756 193 henrij cenlemans dat een clyntie is versoe

2983 4167 244 98 leten

869 4210 1710 188 gelieft naer te laeten den selven te

3052 4272 71 87 2

3409 0 2365 212 Ae

3391 114 2336 194 versche goederen nu gearriveertofende noch onderwegen

3379 233 2378 140 tot ue dienste biddende maer en gelieft te commanderen

3385 311 2004 192 in alles dat ue can noodigh hebben en blijve

4995 436 752 200 ady 13 Junii 1709

3256 431 1305 208 Leijden Jacobus he Beuft

3336 554 2385 210 en twifffele niet oft den mijnen van 6 court salve wel sijn

3386 685 2439 207 geworden waer bij ve largo hebbe geschreven. achter volgens dan

3386 775 2469 184 in gesloten reken van on costen op t spascke IM n°5 bedraegende

3382 867 2399 207 wissels ƒ 35:11 voorders rekeninge van vercoop ver goederten

3381 989 2481 173 tot dato heden waer by te compt voort netto provenue saluo

3370 1085 2491 158 errore ƒ 1677:17 dat gelieft naer te sien en conform vinden de

3378 1177 2458 202 alsoo met mij te boecken daer blijven over achten half p laecken

3374 1285 2400 163 voor re reken afwachtende deere van ue antwoort soo

3340 1397 1056 209 Blijve en alle occasien

3261 1491 2481 252 London de wed Hasp. Van Bussche  ady 17 Juni 177

3390 1648 2485 234 mijnen laesten is indo court over ostende waer bij hebbe genoteert dat op

3375 1829 2496 150 versoeck van eenige van mijne vrienden van venetien ten vehuyse

3374 1919 2440 162 geaddresseert hebbe dh. francisis Rosi capiteyn op het schip adria

3373 1997 2501 183 en space met versoeckeve aen hem soude gellieven te betallen vijftigh

3384 2090 2491 146 sonden sterlings mits nemende van hem quittantie ditto heer

3340 2228 2436 110 Rors: is te vinden ten huyse van mess. Dhrden Rasphael penso

3369 2285 2420 190 ick verhope mijn brief ue wel sal sijn geworden en erde soet heeft

3373 2399 2498 164 sal gehadt hebben de vijftigh ponden te betaelen ue gelieve

3350 2493 2352 182 mij de quittantie toegesenden ende de voor vijftigh ponden

3352 2586 2436 177 met ue provisie op sicht op my te trecken tot den besten cours

3357 2693 2433 155 moogelijck. nu hebbe ontfangen ue twee aengenaemen de dato

3369 2822 2472 153 9en 1p past. pr den eersten advies met connossement van 4 packen

3374 2906 2417 182 cottons 2 n°. 14:15:16:17 afgelaeden op middelburgh die Gobt lof

3365 3001 2471 197 wel hebbe ontfang. p. den tweeder tot mijn leedtwescn verkomen

3367 3127 2432 166 het afsterven van ue weerde man het is den wegh die een ider

3353 3241 2378 114 moett passeren ende daer men sich in moet te vreden stelllen

3347 3303 2410 171 vertaouwende den alder hooghsten ve ende de famillie sal

3341 3417 2485 161 vert roosten ende de droefheyt maetigen  het is mij aengenaem

3344 3534 2466 155 de negotie sult continueren. gelieft mij toch de facture

3359 3645 2488 121 van de dingecoghte cobtons te laeten toecommen want en wete

3254 3632 107 170 bun

3266 3719 2414 164 in soch maete noch prijs om my naer te connen Reguleren

3266 3804 2608 154 r. h 0 man saellger heeft mij geadviseert dese partije soo goet

3261 3924 2588 132 drecko op en tot soo laege mercht te hebben ingecoght als die door te

3252 4025 2616 178 u van goederen oyt geweest hebben. vertrouwe het efleet daer op sal e

3353 4147 2519 160 volgen wataen gaet de colcherter bayen en gelieft daer nletsin

3333 4202 2385 141 te doen voor naerder ordre naden oorlogh weder voort gaet soo

3340 4311 2484 82 sullen die in weynigen tijdt op haer voorigen prijs wel comen ende lijre
