6151 4407
731 1 2255 130 dat os my de setve ie sa hobben a gesoh cepte, voe gesonden ncaino n

731 92 692 105 verlaetende Blijve

1272 154 120 101 de

2596 190 470 149 Ady 14 mej 1785

532 178 1498 198 Brussel de wed: vander Borght

733 347 2294 93 ul. aengenaeme door mons v soone geschreven van 12 court hebbe wel

726 434 2214 72 ontfangen en ingevolge ul. mij daer bj versoeckt soo sende ul. hier in

725 482 2282 95 gesloten rekene court. het convoy van hull en London is tot Rotterd en

696 538 2379 105 doock tot ostende godt lof wel gearriveert ende hebbe daer mede een schoone

712 592 2332 103 partije van nieuwe modescouleure spaensche laeckens supersijne ende

712 646 2316 116 gemejne. voorts baesen carsegen geperste laeckens ende en geloghe witte

682 731 2360 99 roode blouw giel en groene quaetten ditto goederen sullen meest alle

709 797 2214 82 met godts gratie voort ejnde van de toekomende weecke hier wesen

709 850 2273 85 ick verhope dat ul. nie beter occasie en de het sal gehadt hebben om

701 902 2319 107 meerdere partgen te coopen als int gepasseerde vr. is tekenten

711 967 2332 107 magh seecker wesen datt ul niemant beeter coopen sal bedienen als ick

699 1065 2319 83 ick en twijffele niet oft ul. sal nu in beeter gesontydt wesen en met

714 1097 2285 107 godts gratie tot volegene hersteltenisse geraecken dat godt bidde ul

679 1176 1865 114 gelieft te verleenen hier mede ul groetende blijve

524 1233 1188 156 1 rechelen De wed. Betram

2468 1262 532 136 adij 16 ditto 1708

689 1355 2386 96 deden alleen om ul. te adviseren gelijck ul. met mijnen laesten geschreven hebbe dat

2580 1427 97 47 Jan

706 1440 2335 89 het convoy van London tot ostende ende oock van London op Rotterd en van Hull

714 1504 2316 76 wel godtlot gearriveert wesen hebbe daer mede een schoone partije van alden

713 1536 2332 125 chande nieuwe mode couleure spaensche laeckens superfijne ende gemeyne

715 1626 2341 101 geperste laeckens oock en geloghe witte quaerten roode groene bloune giel

698 1672 2332 104 en Bleeck Blouwe carsegenen bayen ditto goederen sullen het meest voors

712 1727 2363 109 eynde vande toecommende weecke hier wesen. in alles dat ul. noodigh heef

717 1794 2341 116 sal niet manqiieren is ten vuttersten goeden coopen wel te besdienen die

704 1868 1863 92 naer presentatie mijne dienst bolijvel in alle occasien

2669 1965 310 138 ditto

2376 1974 202 122 Ady

537 1958 1447 207 Mechelen Dran Borelier

710 2090 2326 120 hebbe voor leden paer diere gehadt ul. eenige goederen voorde eerste ragsse

699 2176 2270 92 te vercoopen ick en twijffele niet int ul. sal daer by contentement hebben

710 2219 2345 128 gevonden sedert hebbe de libertijdt gebrugckt ul noch eens te schrijven desen

705 2308 2289 113 comat ander mael mijn dien sfte presenteren ende te adviseren dat het

2629 2338 195 64 in

701 2365 2384 107 convoy op ostende en oock van Londen en hull op Rotterd: godt lof wel

709 2444 2348 97 sijn gearriveert dat daer mede hebbe een schoone partije van alderande

699 2493 2363 114 goederen als nieuwe mode couleure spaensche laeckens superfijne

707 2553 2320 106 ben gemeene alle sorten van geperste laeckens oock en gelighe soude

719 2640 2363 92 blouwe groene gieie laeckens bayen en carseyen debtessche goedenen

717 2702 2331 93 sullen met goots gratie het meestendeel tegens het eynde vande toek

699 2765 2375 88 =comende waecke hier wesen ul. magh seeeker wesen dat ul. niemant

705 2815 2381 100 beeter coop en sal bedienen ick woone in het hiddorp recht over het

725 2877 2142 127 post comptoir ul. en can niet missen ick groete ul en Blijve

2413 2880 594 235 dito

526 2971 1515 163 Mechelen Peeter vander Beeck

731 3078 2354 121 sedert dat uk. ende maent van gber laest twee laeckens hebbe ver

718 3158 2367 107 =coght en hebbe van u niets heer vernomen ick en twijffele niet

716 3270 2278 81 oft .l. sal daer by contentement hebben benonden ull heeft mij

716 3333 2385 87 ten selven tijde gerecomandeert l. te adviseren als versche goe

710 3383 2375 94 deren soude tecomen soo dat niet can manqueren i kennisse

2025 3426 64 62 d

715 3442 2288 108 te geven dat het convoy op Rotterd en ostende godt lof wet is

706 3497 2396 112 geariveert dat daer mede hebbe een schoon partije van alderhan

683 3568 2292 126 bde nienne mode couleure spaensche en geperste laeckens

714 3643 2260 91 engelsghe roode groene giel en blouve, taeckens bayen en

710 3736 2341 79 cat egen de meeste goederen verhope dat met gods gratie

715 3774 2375 101 tegens het eynde van de toecomonde weecke hiet sullxn wesen

709 3837 2369 93 oh maghsseecker sijn dat ul. niemand beeter coop als ick en

716 3864 2350 128 sal tedienen woone int hiddorn recht over het post comptoir

715 3936 2342 106 ul. en can niet misschen ick blijve met presentatie mijne

670 4022 347 111 dienst

2541 4089 526 146 Adij ditto

474 4112 1439 143 Brussel Johan van Broenckkorst

699 4245 2397 131 hebbe ul. over weynigh tijdt noch eens geschreven die verhope ul. wel sal

3376 38 2437 76 ntee de 10  uel m 12 t1adviseren van het goet a rrvom

3365 90 2376 100 sant de ondonsche en hullsche vloten tot ostende en notterd: ende dat daer

3350 141 2344 91 mede hebbe gearriveert een seer schoone pastere van spaensche nieue

3353 196 2428 94 mode couleure laeckens super fijne ende oock gemeyne geperste. alle soorten

3361 230 2410 99 van en geloghe quaerten witte roode groen qiel blouwe en bleeck blouwe

3358 323 2413 79 van seer Eenielen Brijs van 178a 139 alte geseertt oock Bayen en car seep

3404 336 2292 87 goederen sullen meest tegen het eynde vande toecommende weecke

3331 370 2462 108 hier wesen te magh verseecket wesen dat ul. niemaint leeter oftbesed

3339 450 2438 82 coopen sal bedienen. vant gene ul mij  goclaeght heeftt aer

3348 467 2438 109 ecn spaens laecken ick en wensche inae  occasie te hebben oin ul daer

3340 565 2444 90 in te connen n compenseren ende voorders d'eere van vr. calandisse

3344 570 1074 129 te moogen hebben die oen

3126 650 1233 205 Brussel Joannes haeghens

5110 686 609 141 Ades 16 mey 1703

3312 793 2422 134 en lange deere niet gehadt van ul. te schrijven oft van ul ie roceerte

3345 890 2297 85 sien. met het arrivement van de londonsche en nulsche vlooten tot

3336 966 2435 41 ostende en Rotterd soo en can niet naerlaeten al advies te geven dat

3341 973 2444 100 daer mede gearriveert hebbe een seer schoone partye van  we moede

3346 1034 2403 85 couleue spaensche laeckens superfjnne endegemeyne oock alderhande

3337 1078 2453 81 de persten en gelighe witte quaeten roode blouwe giel groen en bleeck

3334 1102 2453 122 blouwe die al generft maerten sullen comen op 8 aka voorde is baelenen

3342 1150 2413 122 carsegen d goederen sullen met godts gratie mee alhier wesen voort

3342 1180 2441 135 enede van dander weecke tot ul dienst ick vefhoepe dat te ncosty nu

3331 1243 2438 127 baeter te biet sal hebben geweest ende dat ul. nu al eenige goederen sal

3330 1308 2499 104 noodigh hebben en voorders dat ul. mij d'eere at sal uen en van ens

3345 1366 2471 94 te commen ul. moet seecker wes en dat ul niemant beeter coopene

3332 1426 2397 79 sal bedienen en als ul. bij occasie nu en dan iets coemt te mangheren

3343 1431 2442 138 ende dat u. daerom expres niet en soeckt iet te comen bidde gelieft

3331 1512 2457 93 mij maer een letterken te schrjven en sal vl. in alles altijdt soo civie

3335 1583 2400 106 doenen oft ul. hier ter plaetse waere waer op ul. sich altijdt magh

3339 1642 1026 102 betrouven ende dat ien

3146 1715 1289 171 Brussel frans. vanden heck

5345 1744 252 104 Pito

5027 1685 221 199 d

3304 1873 2382 100 heme de libertijdt ul p desen te adviseren dat de Londons en hulsche

3335 1939 2446 96 schepen Godt bof wel tot ostende en Rotterd gearriveert wesen ende dat

3316 1980 2446 118 daer mede hebbe schoone partije van alderhande goederen spaensche

3306 2063 2444 74 laeckens super fijne ende gemeyne oock geperste bayen en canseyen

3377 2129 2425 41 goederen sjllen meest alle voort eijnde van de toecomen det weecke

3323 2161 2422 91 heer wesen ul. iets noodigh hebbende gelieft iiet maer altoos liber te

3313 2233 2459 78 commanderen en hier iercomende mij diceres aen te doen van naer

3323 2278 2465 90 te comen ul magh seecker wesen dat ul niemandt beeter oft beeter coop

3338 2347 2425 84 als ick en sal bedienen die naer presentatie mijns diensts blijve

3147 2401 1273 171 Brussel Leonard. De Witte

5062 2418 632 145 Adj ditto

3333 2514 2391 145 ick hebbe ul aengenaeme van 12 past het sijnen tijde wel ontfangen

3322 2641 2478 68 ende dien volgens al verwacht het geluck van ul hier over te sicn sedert

5683 2682 154 79 22

3314 2711 2428 62 sijn goot lof de Londons en hulscke schepen tot dstende en lotter

3311 2747 2481 91 we gearriveert ende hebbe daer mede een schoone partije van alden

3318 2815 2487 107 hande goederen als spaensche laeckens nieuwe mode couleuren superfijn

3332 2897 2373 93 ende gemeyne. noortse ende geperste oock alderhande soorten van

3319 2962 2454 53 enaelsche cquaesten als ul laest het roodt gesonden hebbe versche roode

3313 3015 2484 63 louwe bleeck blouwe groene giel voorders bayen carseyen d goederen

3318 3075 2481 103 sullen meesten diel voort ejnnde vande toecomende weecke hier wesen

3300 3117 2515 126 dat mij deene hebbe willcn geven ul te advisoren en andermael myn

3323 3189 2426 129 dienst te presenteren vertegherende dat ul. niemant beeter coop

3312 3224 1262 120 als ick sal bedienen en soo Bligge

3148 3269 900 200 Brussel de wed. Alenis

5152 3392 530 144 Adij ditto

3316 3448 2407 175 ingevolge ul. my laest hier sijnde versocht heeft soo wille niet naer laeten ue te

3262 3537 2510 122 adviseren dat de londons en hulsche schepen soo tot ostende als Rotterd. godt lof

3307 3628 2479 123 saluo gearriveert wesen ende dat daer mede hebbe een schoone partiue van alden

3305 3690 2498 124 hande versche goederen soo spaensche nieuwe mode couleure laeckens superse

3295 3754 2471 103 ne ende gemegne als geperste bayen en carseyen d' goederen sulten niet te

3305 3808 2478 117 godds gratie voort eijnde vande toecomende weecke meest hier wesen ick

3296 3886 2484 111 en twijffele niet oft de laeste goederen  d'eere gehadt hebbe ul. voor

3292 3951 2475 106 de eerste rijsse te vercoopen sullen ul. contentement gegenen hebben

3303 4012 2380 101 en occasie om voordere kennisse te maecken te saemen en om

3302 4060 2416 120 meerder te handelen ul. assurerende dat ul. niemant beeter o

3317 4148 2479 106 beeter coop en sal bedienen als ick die met presentatie mijns dien

3292 4208 381 102 digse
