6133 4461
828 107 2331 138 ce seroite les fraix de tiuntare et d'avoir fait raismoder

805 202 2398 142 les 11 p de drops rouge en cela je vs reponde q je vs fau

806 257 2304 180 ray parler au tondoir et au seinturier quils vs disent

821 358 2333 177 ce q jen ay payce et il est bien sust q jen suis rem

810 477 2313 116 bousse ensuitte vs m'envoyee et me faittez de lettres pr

812 595 2378 128 £2235 de change pesques au terme de 10 mois et avec cela

841 649 2357 195 6 mois de ya eschece voila au moins 6 pret pet du de lente

829 759 2375 162 nest plus q jeny peut avoir profiter et encela vs pouvez

819 842 2297 211 feue le comte si bien qmo de cette moniere jaermerois

803 946 2408 209 fairnenois moy pesne plus bost actepser icz dans le pay

800 1024 2325 180 les marchandise q de les faire advoiture et es tre oblige

800 1123 2424 209 a faire mes remises au paravant touchant  vs a: ce la bont

803 1228 2406 174 me marquer quil vs faudra compre nre viclleanitie la

798 1326 2368 223 faut nessesourcorant car il ny a pas moy en de la pou

803 1444 2406 187 continuer quoy quil est contstant q de mon coute je na

800 1538 2382 179 vs a danne le moirdre raison ce q jene present dion

795 1649 2408 197 plus de faire p la venir si vre g se veit mettre a le

809 1744 2362 190 raison et me envoyer de letre pr ce que ne beste pr

781 1853 2336 163 termincs q en semlle en un mot vs voyce sil vs plait

809 1965 2391 166 is je ne demande riem q ce quillest peste et q je ne souh

818 2095 2397 172 qea pou voir continuur et vs rendre plaisir et e cette fen

795 2175 1792 184 vs pouvois disponer de celuy qui je dit

2272 2282 363 131 14 xbre

572 2312 787 178 Brussel  haegens

760 2343 2440 217 Ick hebbe u aengenaeme van gisteren wel ontfange met een

798 2483 2383 120 remise van £300 wissel op dh Jacomo de cleves op sicht

787 2563 2391 125 waer voor het noodigh sal besorge en ue inrock crediteren

803 2678 2393 114 ue van herte bedanckende het is wel ue met het resterende mi

805 2752 2348 154 sal remitte ren van tiot tot het ende is mij soo aengenaem

789 2814 2413 189 alsoft ue briefkens teckende want ick soecke niets ander als mij

781 2929 2422 116 vrinde in alles wat moegelijck: is te voorkonen ende soulaer

808 2980 2340 178 ren met een woort ue en sal numant int lant virde die soo

800 3089 2336 169 veele dvoiren hel doen als ick om ue in alles teneyters te

803 3193 2368 146 contentement te geven en goeden coop te bediinen biddende

787 3293 2359 185 in alles dat magh voorvalen mij maer te commanderen

771 3397 2442 143 hebbe wederom diversche nieu we packe van a le soorte van

798 3491 1448 120 goederen ontfange tot ue dienst blijvve

2355 3532 401 151 H xber

577 3570 1649 157 haecke Joon her decter prisent tot brugeelen

771 3652 2439 151 ingevolge ue aengenaeme van 11 deser soo sende heden aer mons

779 3799 2438 104 michel van schoor voor ue ieck 3 wette  van diffeente

762 3880 2449 153 soorte in een tolle gemackt tN 5 hier onder daer vande notck

1937 3925 1284 157 de mercke en maecke de deught of

801 3940 994 171 bodrgegende in wilselgl ƒ

799 4008 2400 143 qualitijt vande goedien niet en niet tegenstaende cander van

784 4097 2426 146 alle marche leveren Lillie stanffeeld ete soo het ue belieft bete

788 4246 2413 129 soortiment en sal ue in gheel lant niet vinde dan bij mij ee

764 4301 2442 108 deser is soo wijnigh aen die soorte ean goederen se vancire dat du

3363 95 2374 149 weij eigt cas van maecke maer om dat ey voorlede jaer

3355 187 2455 156 hebbe becopt kennisse te maecke soo soude die geerne

3356 258 2406 135 onder houde verhoepende met den tijt het van meerder

3365 367 2478 142 consequertie sal wesen anders versechere ue dat het om

3353 441 2475 191 het mo fjt op casseyen en bayen niet en is geleft ee mij

3366 546 2349 158 en partijete ordonieren ofte doen uijttesoeck is mij

3355 632 2390 146 indifferent ie sal daer van altijt sortiment vinden

3356 752 2484 127 bayen en hebbe predent geen van mindere genweckte als

3320 859 2511 125 28 a 6 30 tot ƒ 21 tot ue naerrigh sien ue een permissie

3346 956 2451 141 in hiede van 1 boetermans gestelt heeft om laeckens

3347 1040 2529 149 sooy te laeten in coemen op dat hij die soude beneficeren

3365 1135 2520 135 ick versicke ue hij sal pesent daer maeyte voor hebbe

3348 1235 2497 137 om die occasie te connen vinde wat daer i soo veele

3339 1362 2533 164 goederen corts int cant coeme dat n moste sal hebbe die

3359 1451 2470 158 in 2 fueren te beneficeren niet tegenstaende ick soude de

3348 1556 2461 110 wel emplaye connen geven maer als voor eden jaer tot

3342 1656 2490 172 eenen paste con court p pr en soude die iet begeeren alsoo

3265 1726 2607 161 daer niets bij en hebbe gen geevan aert ended at die gemey

3340 1858 2520 170 goederen soo veel in ient selfs niet en betaelen maer gelief

3338 1953 2478 144 ue die op een rederijcke conditie te verpoassen soo u

3326 2022 2498 175 daer noch wel van connen helpen em soo blijve in alle

3327 2115 413 134 occaseen

3271 2170 1206 172 Brussel mechiloveens choor

4744 2214 442 127 14 xber

3335 2281 2532 169 hebbe ue hede p ordre van Dh Joan leyendeeker aen wee

3353 2404 2529 164 dan ingesloten gelieft te behandige oft aen hem voorts te sende

3344 2526 2529 110 met het beurtschip afgesonden densee meent ale gemet

3352 2591 2384 145 MN5 bidde daer voor opt arriveeren vont beurtschop

3356 2679 1264 184 soorge te draege en soo blijve

4735 2765 361 153 19 xber

3265 2793 978 177 Rotter dam Jaques mey ens

3330 2873 2514 158 uytredene  dat cortelinckx al wat redelijcke occapatie hebbe

3314 2994 2505 166 gehadt ende sonder oock houder geweest soo en hebbe de occasie niet

3349 3104 2490 98 connen hebbe vande gesondene oncost reck naer te sun ende daer

3333 3161 2556 190 door ue aengenaeme van 8 bre en 22 past on behantwoort guae

3315 3276 2572 159 ten eettes nu geschiet eynde soo heude ue ingesloten eene memaid

3348 3384 2518 173 aen wijsende de alicee op dat die de oeck gefonmeert heeft het te ja

3330 3471 2520 161 culder soude connen uyt nende en claerelijck sijn en vervolgens met

3332 3572 2546 147 mij redresseren het paxke & N13 hebbe wel ontfang naer dat het vrij eene

3323 3653 2486 140 raijmen tijt onder wegen heeft geterdeert gelieft de geethest te hebbe

3340 3732 2468 166 van mij daer van de oncost reet toeke ende met die der pasckens

3350 3789 2504 204 die met het son  voorgaende convoij sijn overgecoemen MN18:10

3351 3904 2503 167 vs jouffrows broeckmaens heeft mij geseyt ue d haer genoturt heef dat

3355 3980 2414 170 den mijn voor onse previsie gedeshouert gerat was versoecke dan den

3359 4103 2387 166 seever met occasie alst ue belieft ofte sende wenschenenevens

3336 4204 1974 139 jout trouve ue dochter het aenstaende saligh hoogheyt
