6100 4440
684 55 2376 98 de wessel hier bleef niet tegenstaende op de ƒ533:2 ick verhope den selven vl wel

721 122 2376 112 sal sijn geworden faute ingesloten den seconda men can nu brieven naer satisfactie

725 195 2270 56 tot  de 2 penningen becomen daerom ingeualle vl. nu tot acantagie iedts conste

720 197 2341 108 soo sal van ul. bemses te gemoet verwachten het convoij is op de maese gode

725 265 2335 114 danck ge arriveert alhoewel daer by geen intrest en hebbe echter dese orgasve

727 324 2264 94 sal slij naer alle schijn gelegen ttijdt tgen van te trecken hebbe nu voorden

717 375 2318 110 specu latie dat ordimatj tegens het eijndegen van de camppagne de wsel meer

716 425 2341 104 faueur neemt ende dat partije afgevende om cortsscha te worden en 5

720 482 2279 118 dan remitterende oft ul soude in dlineren dan het dobbel by voorvallende

730 559 2337 88 advance daer tegens op  vsos te remitteren sien geerne hiet over vr inten tie

723 607 2347 96 te gemoet het gaet present met de wolle negotie soo ssecht als oydt ende daer

731 666 2345 116 en is by since etijdfde n int rest vant capitadl niet t'avanceren hoe goeden

735 741 2282 81 coop de goederen wesen oft iet daer en is niet te doen ten sij het met een

727 789 2301 95 vrede veranderde die godt wille verlienen oft den dorsogh noch langer

726 855 2313 88 continuerde soo sullen dese lan den inden grandt gerusneert worden en

716 892 2307 114 niets te herstellen wesen op de hope van vrede ende verbeteringe van

716 956 2347 112 negotie soo blijve alleen de segolte negotie continueren ende lat soo wey

711 1013 2328 131 enigh als mij moogelijck is anders soude daer over lanck uijt geschegdent

708 1061 2128 107 hebben geweest afw achtende deere van ul antwoort soo Blijve

523 1134 1440 132 London Jaspar vanden Bussche

2388 1157 581 162 Adij 3 gber 1708

717 1305 2229 86 sedert den mijnen van 27 past soo become ul. aengenaeme van 6 d. met

722 1333 2332 112 a doies dat ul alreede het meeste paert vande geordeneerde swanskens bayen

718 1438 2266 74 hadde ingecoght en volgens msijne ordre soude op packen en pr. Rotterdam

723 1463 2338 128 af senden dat wel is sien de facture te gemoet en hope dat de bayen van 40465

700 1547 2319 88 de selfde soorte sullen wesen gelijck ul. het monster hebbe gesonden van schoone

727 1581 2341 109 breede suyver witt en van goede wolle moet ul bekennen hebbe noydt sehoonden

727 1675 2313 93 goedt gesien  als die daer ul. het stael van gesonden hebbe voor sijnen

723 1716 2160 104 prijs voorders sien dat m. hamilton de ster £ho onder quittantie en

725 1777 2370 122 voldoeninge niet gelieft van ul. t ontfangen hebbe oock van hem dien aengead

712 1857 2363 103 eene mosue die hem mede largo hebbe beantwoort soo daenigh dat in genallt

717 1900 2291 93 hej gelieft de reden plaetse te geven ende te doen naer behooren hijna te

727 1975 2328 68 fve dent sal wesen voorders hebbe hem campo large voorgehouden want ick

715 2001 2341 106 en wille met geene sicanes te doen te hebben een ul. can hem indien genalle

725 2061 2298 99 t5 ponden betaelen patientie want wille met die vriendt cost het wille

1050 2127 2026 97 hebben de wissel is hier gecomen ƒ33:2 twee vsos soo dat specula

731 2123 329 98 een eynde

716 2175 2260 82 tie hebbe een partijcken afte geven en te laeten cort sight worden went

722 2231 2323 127 ordinair metthet afgaen van cam pagie neemt het beter faveur blijve

518 2331 1353 129 Ralle Ricolas vanden Berghe

2364 2351 503 127 Adij 4 ditto

747 2419 2260 129 ick hebbe ul. aengenaeme van 19 past wel ontfangen monsr. Joseph Brouta

733 2514 2351 97 heeft mij geseijdt eenigh geldt te betaelen maer dat sal noch eenige weeken moeter

731 2583 2360 95 aen llopen van t gene hj mij sal tellen sal hem quittantie geven en ul asviver

727 2624 2366 93 wat aengaet depeningen van de linderen van afromt doliers en can daer geen

733 2703 2345 75 ejnde van crjgen noghte geen posse teue antwoort den notaris die het bestaert

722 2737 2266 84 spreecke daeggelijck en geeft mij continuell voor antwoort dat depeningen

719 2798 2257 78 gereed sijne maer dat sijnen raedt moet sprecken om te weten oft hyskan

714 2828 2351 128 volstaen om op soo een procuratie te betaelen ende dat blijft ssoo van dagh

724 2893 2332 129 tot dagh trenneren ick hebbe hem noch op gisteren geseydt dat niet langen

741 2965 2354 98 wille tarderen ende dat aen ul. mijn principael moet bescheyt schrijven ende

708 3030 2375 111 daer op heeft hij mij geantwoort dat sonder faute in tween duj daegen het

716 3112 2257 98 sal aedoen ul magh verseckert wesen dat geen meer devoiren doen can

732 3150 2304 122 al was het mijn eijgen saecke soo iets ter principale daer van verneme

733 3241 2348 95 salt ul. aenstens scchrijven ick hebbe present soo schoon sortement en soo groot

723 3297 2287 72 quantitudt van aldeerhande goederen soo spaensche laeckens geperste van

736 3354 2351 109 alderhande nieuwe mode coleuren geverfde engelsche laeckens als blouw

747 3434 2354 62 groene giete roodeen bleeck blouve die alle geverft maer op een en patacoi

728 3466 2376 110 p a comen voorders deventer en colchester bayen van alderhande soorten

726 3560 2235 71 brangemenne tayen flanellen carseyenen srisaerden soo witt als

727 3625 2263 69 gevende ben sesghe dat ul. noyt tolt groote partije van goederen

731 3671 2382 100 bjeen gesien hebt nochte insantwerseen sult inden als ick onder mij

733 3746 2376 74 hebbe ende alles en is nimer meer soo goeden coop geweest daerom en is pa

730 3812 2373 71 qualijck dat ul eee goede prouiie deede want soo een vrede comt too at

725 3848 2304 82 ul. het derde vant scapstaet avaneeren ick wille gelooven dat ue oft

719 3882 2376 115 off ul beminde voor te ynde van de campayne niet en sult overcomen

720 3929 2348 135 seken wel heeft ul middelertijdt iedts noodigh bidde laet het mij maer

735 3986 2345 144 wete n sal ul soo welbedienen aloft u hierover waere want

732 4071 1785 106 hebbe present sorte ment van allesen soo blijve

2359 4135 447 128 Adij 4 ddb

500 4120 1397 148 Mamur francois Castaigne

723 4287 2382 84 il l'ya long temps que ie n'ay en accunes de cheres erres ni' aulun

4760 22 90 50 A10

3317 46 2382 70 de vos comendements t 25  3: 525:41250 et le 60 op as t ded

3311 91 2438 74 toutes sortes de marchandises ie ne doubte nussement ou v g en ferez prou=

3314 161 2378 60 dition et manderez ces assortementte icy oultre il estasteit regle il sat

3329 185 2372 97 ordonance pr. icy que nous deccons  l'assortiez tellementt qu'il gra

3316 253 2407 71 nre charge et vous ne paigerez d'accontage pour ce la vous n'avez seu de

3315 274 2332 86 vre vre la marchandisses et l les manuffactures  au prix qu'ils sont

3330 346 2497 73 apresent le draps noirs et bleu 3600 quevy at toucosers  a ƒ6:- asteur

3327 398 2416 69 la mes me quasite a 314 et ƒ319 les saperfinsoraip de da mes af13 et le reste

3318 453 2407 72 a ladven ant ilay de draps finet de toutes sortes de couleures come houge

3322 495 2363 75 gausne bleu verdet pasbleu a un escu pr a tout tients ie vous envoye

3321 557 2450 81 cquelques etchantillions cy inciuse outtre iay de bayes de 3 p large bayes

3308 583 2432 98 deventer a £40 touts sortes de bayes comunes et carisées blanches et tiente

3317 665 2420 75 flanelles. or dineres et croises superfines et toutes sortes de draps d'angle

3315 701 2438 109 terre et chollande si vg at oegasion pour en pouvoir prendre l'espraire

3303 754 2426 103 ie ne doubte poin et ou vous y troucrezvre avontage est bien d'en faige

3309 789 2376 88 un bon em plaite carps. en paix a venir il  auroit gros profit

3316 849 2448 80 apres ie ne manqueras iamais a faire toust mon possibled pour & oous servir

3309 912 2449 122 a iuste prix et paet souvoir continuer d'en l'honneur de vre chalandisse

3299 968 1689 96 et surcela ie me dit come a mons. vre espoux

3140 1024 890 118 pamus marce hermant

4694 1033 887 185 Adij 4 sber 1708

3308 1128 2227 161 coppe als hier vooren aend'huysvrouwe van francois

3296 1229 484 140 Castaique

3784 1347 231 118 67 d

3141 1401 1319 174 Brusse C Leonardus de witte

5372 1453 70 103 27

4949 1477 472 132 4 dit 5 d

3304 1555 2427 154 hebbe ul. aengenaeme van 30 paste wel ontfangen in conforn de orde

3289 1624 2478 148 nantie de ƒ604 courant ge tot daer brevermelst onder mijne qiuittantie hebbe

3284 1680 2496 140 die op ul reken geparseert en in alle occasien daer vj can dienst doen gelieft

3297 1741 2373 132 mij te comanderen als ul gelieft over te comen oftien ae goederen

3296 1789 2414 78 noodigh hebbende mij te ordonneren ul magh secker wesen dat ul van

3283 1853 2427 139 niem andt ende geheele werelt promteroft beter sal bedient worden en

3296 1871 1033 129 soo Blijve naer groeten isse

3145 1962 997 163 Brussel Guilliam t' sas

5057 1993 426 174 Adij 5 d

3294 2077 2406 186 beliek monsr. vander cammen mij op drij court voor ul reken. heeft getelt ƒ 100:-

3297 2197 2463 120 hisselge ingevolge mijne quittantie hen mede gegeven soo heeft het meet oock vijt

3281 2260 2461 127 ul naem geuraeght  ick van alle versche goederen voorsien was ende daerom

3282 2311 2468 123 en wille iet nmaer iegeren  t adviseren dat  z in het geheele geen schoonder noch

3296 2359 2487 132 beter sortement van alderhande goederen soo superfijne spaensche gemeyne geperste

3284 2414 2418 122 noortsche en dossijnen als fris aerden carseyen bayens de venter en cosschester bayen

3284 2457 2485 85 en flanellen en sal vinden als bj mijsende dat ul toch van niemandt beter cotis conen

3294 2518 2492 147 bedient worden naer de quel  vande goederen waer op ul magh staelet maeken

3286 2553 1105 91 en naer groeten irse soo Blijve

3138 2509 1168 289 Brussel Sanoner e e

5078 2713 461 151 Adij

3296 2849 2369 120 het is mij seer leedt geweest te sien vjt ul. aengenaeme van 29 past dat niet

3229 2900 2525 146 gentriaende alle mijn schrijven ul noch geen volcomen so vergenoeghen can

3285 2969 2465 123 geven ende het is nj oock hecot dat ul dat goet heebbe gesonden want niet te

3276 3033 2461 137 connen winnen en ondanck te hebben en is niet aengenaem gelijck ul oock

3296 3099 2473 138 can considereren ten waere om mgne calanten te onderhouden hck en soude noch

3299 3148 2481 131 bayen noch carseyen positief willeh vercoopen een ider can die geven soo tot

3291 3206 2495 165 russel als heet gellyck hut wilt alst passabele soorten sijn tot s23:10 vercoght

3277 3270 2466 132 en ooier geen 10ƒ pl. t alance ick en can ul. niet meer serghen en en can de

3275 3345 2499 142 mijne bn iet anders laeten en gelieft us van stanstuald gesonden te hebben

3279 3363 2481 181 tot ƒ 23:10 ben te vreden maen niet als die u niet geen enstaen dat ul die

3274 3464 2510 148 niet soude behouden sulcke conditien en sijn by met niet bekent in negotieren

3289 3523 2422 120 op soo een voet ict doen soo veel als imant eede werelt a en om

3275 3573 2494 87 calanten aen to haeten en de sijne vrienden dienst te dgen maer dit gaet

3247 3669 2517 112 alle heden te suyten vl sal uel met occasie onder vinden dat ul. netgens

3270 3676 2447 180 soo goeden coop als bij mj sal bedient worden en ick magh l apere van

3275 3760 2500 143 datten geheef antwerpen geen schoonder sortement te sien ofte te venden

3282 3842 2480 131 is als bij mj van cagleuse goederen ende oock dat naemandt meerderes

3272 3893 2473 137 devooteren sal doen als ick om ul. calandisie te mogen heben en

3267 3984 2492 125 niemant oock sich met cleynder winste sal contenteren veren

3260 4023 2380 154 de tijden eens sullen beteren blijve naer cordiaele groeten iss &

5400 4151 106 74 de

3227 3973 1101 276 Rit. Jacobs Le Biett

5110 4156 403 134 £ 6&

3278 4284 2353 78 hebbe beyde ul. aengenaeme van 7 en 24 pasts wel ontfang. conform
