6133 4461
2228 99 679 152 23 gbre 1209

559 102 1248 152 Dermonde Berre de Bant

737 167 2354 250 ie vous envoye a la quarde de dieu ceiourd huys

743 270 2400 247 pr la barque pour termonde deux ballots marque

735 429 2425 192 28½ N1 ett 2 pour compie de mons f f. Lisond Ath

749 544 2373 192 ie vous prie d'en suivre son ordre he donbtant ou

747 641 2404 239 la compaque vous en aura parle et l'aiste l'ordre

753 799 929 156 en pastant: ie suis.

2114 823 397 127 23 gber

622 888 535 211 Gent J Bout

786 874 2383 329 gesien bij ue aengenaeme van gisteren ue de goetheyt sa hebbe

761 1028 2336 273 mijne renses nu te voorderen doch datter geen occasie vor

767 1092 2366 285 valtom brieven op tyt van satisfactie te remitteren biddn soo

768 1221 2318 236 veel goetheyt te hebbe mij eens te mitteren often geen  op

742 1280 2345 241 londen en sijn te becomen endein den gl de gelegenhet

773 1384 2321 242 waer te nemen al wast 1 £ 3 a £400 tot N 33:9 ½ N 33½

2177 1552 386 131 253 gber

662 1571 892 183 blijve ant groetenisse

633 1676 740 156 Reed Thomas Pause

749 1675 2375 217 Ick hebbe ue van 10 sber het siynen tjde wel ontfangen

764 1863 2272 127 waer bij ue my noteers dat ue my naer proportie

755 1979 2367 153 van mjne betaelinge mij wel bedient heeft dat leeker

743 2071 2269 184 de waerheyt is soo ue sich magineert maer mij

736 2184 2355 187 du ncht dat ick ue heerelijck betaelt en geremiiteert

753 2286 2393 121 hebbe en ick wenste wel dat ick naer advenant bedient

759 2439 2437 153 waere. als ue niet duldanigel conditien niet vergenooght

739 2515 2326 144 en hadde geweest dan hadde het betaemt die niet

749 2625 2164 195 voor tedraeghen soo als ue de mistivet en ue

756 2735 2427 198 boockhouden uyt ue naem mondeliegh gedaen heeft

768 2858 2389 180 en waer op ick mj geacguisteeert hebbe. ick wenste

763 2998 2408 105 wel soo geluckigh te weten dat ick conde het cappael

762 3072 2371 173 nyt ue gesondene goederen salveeren en van den

772 3187 2294 167 intrest en soude ick geen de minste mettse wille

763 3318 2316 139 maekens ue heeft mij soo van d'een tot het ander

781 3397 2263 188 in gedraeyt en hoe langer hoe meerder den baere

767 3515 2310 184 geschoeren met het opgeven van een bloumehen

734 3602 2456 186 dat van tijdt tot tijdt de goederen beeser coop waeren

739 3743 2425 123 ende dat ick de advantage dan soude becoemen

763 3817 2386 144 en alsoo my ingewichelt int emplogeeren van een

761 3925 2345 194 capitael eirea de ste £2000 waer van de meeste

767 4052 2213 197 goederen noch onder mij hebbe, ick en ben niet

771 4147 2202 201 gee oon coghten te doen oft mijne vrinden

768 4271 2392 117 lastigh te vallen, maer alsemen sich op duldanige

3368 112 2486 156 manier en getracteert vinde dan ilt wat chama

3337 198 2201 208 ick en ben het niet alleen mae veele van onte

3305 304 2410 220 quarcheren maer sich eens voor altijdt van ue ed

3332 436 2477 202 bedieninge vergenoeght vinden. ue en moet over

3345 562 2547 180 mijne claghten nmet verdnctigh wesen wann het

3347 673 2447 202 een verdint voor mij veel swaerder als voor ue

3337 825 2414 206 en ick verseekere ue dat t het toekoemende

3344 905 2544 279 geene redene meer en sult hebben om over du ldany

3349 1036 2332 214 verdriet expressien in ue auissives te macken

3350 1131 2423 239 haddie ue mij bedient soo als andere vrindee

3318 1275 2468 241 doen dan sonde ue van te vooren van pe

3349 1394 2529 232 voorsien hebben geweest en merckelijcke comitien

3355 1546 2449 265 van mij hebben becoemen. ick ben van soodanige

3333 1635 2294 267 conditie dat ick een igelijck genoegen geve

3331 1743 2433 283 en mijne vrinden wel bediene en als ick sien

3335 1870 2568 301 ende ondervinde dat het met mijnen intrest

3327 1998 2449 245 niet langer en conveieert dan refuseere het

3323 2110 2475 277 selfde ende en changeere niemant denckende

3318 2221 2320 239 dat ick andere vorsaeke van hunne ruinnde

3338 2332 2357 255 soude wesen want dat duedanige persoonen

3309 2430 2334 233 dan tenonderen moeten gaen in nevens

3332 2560 2435 232 andere gaen mercht en connen houden en

3317 2683 2468 228 soo behoorde ue oock gedaen te hebben. als ue

3343 2802 2300 227 heeft ondervonden dat  den voit op

3347 2913 2263 202 welcken in ue remitteerde ue niet en

3338 3027 2296 234 couvenieerdeue mistive van 5 deser i7 mij

3329 3132 2435 260 oock ver handt gecoemen met die reken court

3349 3271 2429 213 sal die naersien en soo haest moogeljck ue die

3334 3359 2401 221 remitteeren weest verseekert dat ue volde

3339 3507 2266 207 sal becoemen ende dat het de moegte niet

3328 3630 2317 176 weert en ue voor ste £150 a £100 soo veel

3315 3705 1868 168 enpressien te maeken blijve

3241 3762 1009 161 Brussel francois Ansillion

4631 3867 384 103 24 sber

3338 3871 2459 187 ensuitte de la chere vre aus du court jay ostez en esperence de vs voir

3346 3961 2524 164 pasteuw il me faut croire q v1je ie dibaye ce voya ie puis u'veu la

3337 4037 2521 161 bonte me marque qu'aporteriez les lettre de change pr le  mes deva ensuite

3320 4114 2553 155 conste vout vs envoyée c vs prie a me les hulement y 'envoyerdans une lettre eur

3336 4171 2482 133 en consience je perde plus de trest q je ne puis avoir gaigne ur la

3336 4238 2488 107 marchandise vs voyez taq je fais tout mon possilole pr e liere la mar

3349 4295 2529 114 chandise a last prix aux occasion q vs besoing ayez donc he vs plaise
