6225 4452
2437 71 656 179 ady 3 Junii 1709

693 85 949 189 Rotterd. o Meyers

856 262 2357 164 ue aengenaeme van 25 pasto hebbe wel ontfang daer bij de on costen

863 368 2353 191 Reken op de eerste gearriverde Londons en hulsche packen doch

860 456 2324 211 u vergeet het pack  n° 22 ende stelt maer int geheel thiem

855 571 2259 190 packen en moet elt wesen. hoe is het moogelijck dat ider pack

851 682 2362 178 soude particulier losseel en pas port betaelen daerder differente

881 787 2319 138 oyt een schip te saemen sijn gelost en overgeslaegen oft die

855 875 2352 178 reken bedraeght dat alleen ƒ 32:  dat excessief is wegens de

864 995 2340 198 vraght gelden stelt l m en 6 tot ƒ 4: 9ider elde drande resdie

855 1093 2220 152 noch minder van in hout wesen volgende ƒ9:18. oock is de

849 1225 2362 172 vraght op de packen dosijn en tot ƒ6:19 te hoogh op t pack M

856 1333 2358 176 n 2 stelt ue de weerde  ende in mijne memorie hebben

869 1449 2328 191 te alleen op gegevent ƒ 1131:- soo als die generael in coops

873 1546 2308 216 incosten. is gelieve het selfde doen naer te sien ende te

870 1687 2318 164 reddresseren de laeste versondene TMN°4 en no° 8 hebbe wel

850 1807 2213 187 ontfang n°6en9 sijn voor Lillo Godt danck aengecommen

864 1905 2165 238 hat is mij ende de famillie seer aengenaem te sien rode

858 2091 2337 158 goethejt sal hebben van een vadt wijn voorons te bewaeren

846 2205 2378 143 doch soo sien can soo en verstaet ue daer maer een stuckeke

857 2305 2323 200 door dat abus soude wesen. groeteve van herten en

869 2427 425 185 Bryse

2444 2502 468 172 Adi79 d.

627 2536 1433 220 Brughe Sj van Coppenolle

872 2651 2187 225 t baengenaeme van 10 part. hebbe wel ontfang het is wel dat de

871 2786 2299 197 twee packen IMn° ben 7 ue wel sijn ter handt gecommen als

849 2901 2331 179 de benlanders met behoorelijcke pas poort vaeren soo en ts daer

869 3020 2340 153 immers niet meer swaeregeyt als met de bargie want geloove

870 3110 2224 206 dat die op een dagh soo als de bargie op ghendt overvaeren

873 3247 2306 162 met die twee packen en ben soo niet gepreseert soo dat die

866 3337 2256 200 dan alsoo gelieft af te senden met paspoort anders niet

884 3482 2300 189 ende mij van t' versenden advies te geelen daer sijn partije

859 3565 2362 225 goederen gearriveert soo dat een ider die niet gepresseert

872 3690 2327 188 is, mede al sal soecken de oncosten te menageren want

860 3845 2309 186 bargie en van daer p waegen compt dierderte staen als

878 3909 2303 222 transtoor over holland dat de packen togh met geen

863 4036 2339 234 graenen worden afgescheept wandat boede die goederen

890 4182 2309 200 onderwegh beschaedigen afwacht ende wat sal sijn

3408 4 2381 233 aer ernese e eerder te ceen yordenel

3362 90 1618 234 voor andere vrienden soo Blijve

3265 216 640 242 Leeds Jbbetson

4960 259 670 212 adij 5 Junii 1709

3379 358 2500 215 van ben 13 sApril hebbe welon tack p nek de laeeren dere ser e

3383 549 2492 177 van 336p in gecoghte carseyen daer niet contentoveren ben d

3404 633 2361 135 ick ordonere te te coopen joseph Rilley soo als voorledene jaer

3391 681 2448 233 en te sendt mij al te mal andere wercken ick moete te segeen

3378 863 2510 187 dat expreseenige P. van voor le den jaer hebbe over gehouden

3390 964 2451 163 om die te conformeren, en ingettalle van de selfde qualitjet

3369 1011 2360 227 met uyt en tallen soo sullen die voor ue reken blijven. ick

3383 1139 2408 201 ben gehoech bedrogen geweest ende carseyen en daeromen

3379 1249 2413 162 hebbe ick met geen andere mercken te doen. gleve niet en

3384 1333 2446 237 gelieft ordre te volgen soo waert beter te staecken die gemesne

3369 1452 2377 212 merchen met letters dice ue stelt tot 344: a 334:6 en brengen

3350 1564 2287 199 andere niet meerijn reken. als  30 a 31 en wille de niet

3357 1669 2476 245 rabusseren ingenalle ue oordeelt die het het alderbest contweeten

3246 1766 79 104 b:

3347 1820 2475 180 dat het mindere soorten sijn als voorleden jaer oft de qualitijet

3385 1917 2206 200 van Joseph Pilley soo cont daer van aen aldere disponeren

3354 2060 2527 152 want en soude die positief niet aenveerden. ick waghte hier ier

3376 2137 2508 191 te schrijven en sal dan corte brieven remitteren, nochtans

3352 2264 2426 220 andere vrienden sijn te vreden als de goederen aen dese seyde

3371 2410 2473 156 wesen hier en is niets te doen in negoie en men het overal groote

3351 2475 2530 218 ellende. men seght nn dat den vrede geen voort ganck sal hebben e

3367 2649 2489 191 Godt gelieve het contrarie te verleenen want andersints staet dit

3347 2720 2509 238 handt met den oorlogh gansch geruineert te worden ick groeten

3338 2834 598 133 e en Blijve

3235 2935 734 241 meeds B Beare

4960 2919 521 256 1d

3352 3153 2460 129 mijnen laesten is 25 a pril die verhope ve wel sal sijn geworden en waer

3342 3194 2459 202 aen mij gedraege sedert becomme ue aengenaeme van 20 april als

3351 3303 2481 173 oock brief van m. Janes mould de dato 9 d. met connossement van

3332 3437 2457 172 n:15:16 gelaeden in Thomas wright en 17 en 18 in Joh Runtre

3349 3523 2538 126 godt verseene die wel mogen arriveren ooek dat die naer mijn ordre

3357 3640 2491 154 en wensche uyt vallen anders soude die voorve reken. laeten want

3343 3767 2536 139 van die slechte soorte van goederen heeft ue mij meer dan to veel

3342 3864 2438 166 belast het is mu aengenaem dat m peeter henckel wel is acosty

3349 3953 2444 208 gearriveert die sal ue mondelinghe mijne belangen beeter hebben

3332 4051 2489 235 gespecificeert. na sijn de twee packen n°13 en 14 mer de geverfde

3336 4244 2385 101 Raeckens hier aengecommen die noch al slechter als de

3351 4319 2428 62 voorgaende inde ende in sinceritijdt en ƒ53:- p. g weert
