6133 4452
2141 80 977 199 Adij 7 gber 1709

629 91 968 198 Brussel de wed. afferis

794 165 2393 228 verhoepe ue goet retour de twee bayen hebbe int paxke

796 341 2287 121 van Mons Baeckmans ue toegesonden bedraegende

791 421 2285 223 ƒ 94:12 wisselgelde. het st mij leet dat ick ue voorders

783 541 2307 199 geenen dienst en hebbe connen doen nochte aen

778 662 2390 152 mons. ue soon. dat nu niets en is verhoepe im andere

777 748 2370 193 occasien sal voorvallen en onderstussehen iets van ue

784 858 2397 175 oft ue loons dienst wesende gelieft mij maer te comman

759 982 2396 174 =deeren en sal ue soo ciwel altijdts bedienen oft ue

765 1052 2422 208 hier present waere waer mede naer groetenisse blijve

2238 1192 650 182 Ady Ditto

619 1193 1139 218 Brussel J Beeckmans

781 1281 2367 219 verhoepe ue goet retour hebbe het goet in een parcke

767 1444 2403 169 gemerckt IB. gisteren scheep gedaen dat verhoepe

770 1525 2363 199 ue tot contentement sal geworden. hier onder de

747 1641 2382 196 facture bedraegende wisselgelde ƒ 299:14 ½ daer sijn

781 1809 2296 153 bij gepacht de twee bayen van ue schoon moeder als

767 1891 2321 181 oock wee laekens en eenen rooden carsey die

787 1999 2296 144 mij eeckhoeven gesonden heeft daer ick ue can

779 2069 2359 194 dienen weest versehert dat niemans avielder ue

773 2251 2324 147 alles sal over laeten als die blijve gelieft de stael

786 2349 2397 132 boeckxens dock wederse senden en ij voort import

783 2411 1372 200 deser een briefken te maeken

569 2473 2513 247 ayder de wede halle bioeere anson Adj 7 ditto

757 2665 2377 127 ue aengenaeme van pinie deser en hebbe niet allen an

757 2754 2427 159 Dh van Bemmel maer aen differente andere crediterren

761 2861 2328 202 de Borse fnguenteerende laeten leten en behandight.

773 2969 2400 169 ick advoneere ue dat de affairens van den boedel moeten

775 3108 2334 168 behersight worden oft dat alles sal verlooren gaen, maer

772 3192 2364 171 wat can ick daer alleen aen pousseeren  mett siet

769 3325 2416 164 het spreckoort door gaens maer te seeker wesen dat veel

776 3453 2357 170 aengaet coemt tot niet mijns oordeel en isse geen

773 3521 2327 187 beetere midder als dat ue geliefde overgesenden de

785 3648 2318 165 resolutie die de crediteuren in hollandt getrocken

778 3778 2387 147 hebben, ende het proeet dat geprofecteert is om den

795 3862 2378 157 intress van den boedel te conserveeren ende tot een

765 4022 2366 128 goet eynde te brenghen ende dan can men daer op

773 4104 2365 185 een convoiatie houden en sien oft de generalteyd

786 4178 2374 146 hir diernaengaende gelieve te conformeeren in een

798 4308 2195 91 persoon te committeeren die capabel is sulchad te

3350 114 2313 159 connen achter volghen, ue en can niet gelooven hoe

3331 205 2481 169 menigh boosteydt dat ick daer aen hebbe geimplogeert ende

3322 284 2481 177 implogeere selfs tot preiuditie van mijn elge affairens

3323 416 2441 147 soo veel hoorden soo veel snnen ick wille van mijnen

3325 552 2458 148 cant alle bedenckelijcke devoiren aenwenden ende

3346 643 2354 192 mijne intentie en is noeyt anders geweest alst gemeyn

3360 763 2341 215 best connen te wegh te brenghen ende en sal mij

3348 882 2353 191 oock in geene occasien int soeken laeten alst my

3329 1002 2444 229 moogelijck is. wegens het gene ue ed. hebbe geschreven

3329 1120 2315 252 pe mijn voorgaende dat het ommoogelijck geweest is

4077 1219 320 116 connen

3341 1250 2422 233 alhier audiensie te hebben bij syn aacellenre deu heere

3332 1363 2535 210 gedemiteerde van staet confrrimeere andermael want

3341 1470 2413 258 hebbe tot vier differente rijsen aen het saght geweest

3321 1623 2466 210 ende hadde Dh van Coemincl alvoorens gedaghvaert

3342 1771 2416 146 om ons gesaementlijck aldaer te presenteeren. ick

3331 1848 2520 229 verwaghte ue de antwoort et met minnelijcke groeten

3320 1971 1547 201 =iste soo blijve iu alle occasien

5850 2041 74 136 t

3234 2102 876 187 hiet Corsgelis Willems

4686 2083 1203 255 Ady 8 gber 1709

3403 2235 267 104 hebbe

3316 2260 2472 201 ick ue brief van 6 deser wel ontfangen wet het saxken

3327 2356 2364 214 met gadt maer en can daer niet meer unt vinden als

3299 2522 2507 134 ƒ130:4 wisselgelde dat soo ue in reken. hebbe goet gedaen

3299 2609 2519 191 den blouwen carsey met eenen prechten rooden sijnen

3312 2722 2451 243 en freeden frisaert hebbe ue heden met den voerman

3293 2844 2516 233 gesonden die verhoepe ue wel sal ter handt coemen

3286 2976 2394 204 ick wenste wel eens te sien dat de beste psaerden

3321 3101 2320 171 tot 4½ root costen vercoght worden. dat het

3306 3200 2435 215 niet en waere om ue calandisie te onderhouden

3294 3344 2490 136 en soude die niet minder dan 12½ vercoopen en

3293 3462 2411 172 noch refuseere ick dat goet daeghelijckx want ick

3298 3572 2543 111 moeter gadt aen toegeven. de perf cost tegenwoordigh

3318 3634 2473 222 wel 3p p a ende de goede prsaerden vercoopen wis

3317 3749 2505 173 noch ick wilt oock en geved aen een ander ul blouwe

3305 3854 2488 199 carsegen niet minder als ƒ31:- en ick laere de selve

3303 4006 2440 117 aen ue tot ƒ30 gelijckte mij selfs incosten. als es iets

3314 4109 2445 146 voorders van ue dienst voorvalt gelieft mij maer te

3290 4216 2519 130 schrijven en ick sal alles soo wel ugtsoeken en soo goeden

3290 4301 2431 105 coopt heet en al oft ue hier present waere en soo blijve
