6067 4452
649 73 2297 192 moogelycke devoiren om ue de beste soorten ende

628 181 2430 227 qualitijdt van goet te senden oft het voor mijn eijgen

618 275 2315 202 waere. den resteerenden swerten bay ende apit

651 397 2414 216 bloetel frisaert hebbe ue op hersavont in een rolle

625 513 2419 261 gemerckt N.W.B. toegesonden met het beurtschrppt

641 652 2422 150 ende geaddretteert aen dh grimberghen. de volle

620 784 2436 181 sal seeker op morgen tot Brussel gelost worden

628 877 2449 214 en ue can die den eersten werckendagh becoemen

642 1000 2393 195 hebbe aen dh: gunberghen geschreven hij gelieft

614 1157 2245 139 de goetheyt te hebben van soo haest moogelijck

622 1295 2404 134 ue die toete senden. in alles datter van ue dienst

620 1365 2459 205 magh voorvallen gelieft mij maer te commandeeren

626 1506 2444 223 sJacobus de Pre heeft mij gisteeren voor ue rekene

627 1617 2419 225 getelt ƒ102:- wisselgelde hebbe hem daer van eene

607 1740 2461 217 quittantie medegegeven: ick nevens mijn huysvrouw

612 1850 2461 164 wenschen ue en sufve ue beminde met de familie

622 2010 2419 128 continuatie van geromheyt, en in het aenstaende

606 2074 2291 202 nieuwe faer alle soorten van prospersteydt

610 2213 2361 169 ende contentement tot salighlijdt en blijve met

595 2309 626 171 affectie

430 2411 1207 188 hallifar thomas martin

2062 2397 924 244 Ady 28 xbre 1709

616 2559 2424 213 i'ay bien receu en son temps les deux cheres vostres du

617 2675 2469 235 15 gbre et 2 du court pr lesquelles me marquez que ie

607 2812 2464 171 serois en aminer les bayes estant arrivée a Rotterdam

622 2927 2426 200 et 9 en cas quelles ne me conviennent pas que ie les

602 3022 2469 229 flaisserois pour vre compte. vous temoignez dagir fort

618 3143 2443 219 honnestement et ie suis fort chapin vous avoir donns

610 3274 2405 147 taut de piennes. ie vous ay tousiours escript qu

609 3422 2459 194 me fault la plus curieute marchandise qu'il  at

613 3498 2338 178 a trouver et que ie ne peu debiter les moindres

597 3624 2435 205 sortes quoy quelles soient bon marche et pour ainsi

593 3751 2411 173 dire pour rien et pour cette raison ie suis surpris

583 3848 2427 225 que pr'envoyez telle calise. vre 4 et peu dire juint

618 3968 2458 200 vous plaira mais il vous fault me croire en honnettes

609 4118 2372 132 hopsme que ie n'est pas la calire ni la sorte dont

629 4226 2357 125 ie suis accoustame d'avoir aultre ie vous ordonne

3209 85 2360 168 touttes bayes de samuell. lord et henry hurcham

3247 227 2408 130 et vous m'en envoyez de toutte sorte de marques

3235 350 2386 212 il fault necessairement que ne comprennes pas

3210 471 2369 190 ce que ie vous en ay escript ou pour enieux dire

3217 542 2463 227 que n'entendez pas le francois aultrement il est

3173 680 2561 207 impossible. au requard que ie les ferois exceminer

3205 811 2514 190 cela est fort mile. c'est vege qui le doibt scavoir

3194 949 2469 198 so zet bayes dans N4. et 5 ƒ¼ de  48 a 50

3171 1065 2520 238 sont de la metme calite que les 18 piesces que iay

3185 1161 2463 244 recu dans le ballot de N3. il m'est impossible

3177 1285 2457 270 a les pouvoir debiter de mes me si la sonte de

3172 1417 2491 272 finnes bayes dans N6et N7 soit comme celle

3192 1531 2443 268 eue jay veu dans N3. an1 John mande et henry

3189 1673 2431 299 hireham ie ne les peu pat faire venir quoy

3169 1782 2335 253 qui il ny a que de finnes bayes qu'il me

3166 1909 2407 258 mangnenm et que ie pourrois debiter d'abord

3183 2038 2453 299 quelles seroient icy tellement que pouvez asses

3190 2160 2302 272 voir et considerer que cela pre cause plus

3180 2273 2515 263 grand preiudice g' a vre grace. prennes aussy

3192 2401 2340 257 un peu esgard s'il vous plaist que cet bayes

3219 2510 2435 260 coustent seavoir de  48   50 avec

3195 2697 2409 217 les frain. de metre les finnes 346. ie n'ay pas

3217 2825 2388 189 encor advis iusques a ceiourd huy que les ballots

3208 2901 2525 248 sont arrivée en hollande mais bien qu il tardera

3209 3005 2436 287 encor quelque temps avant d'avoir du convoy de

3213 3137 2258 220 Londres pour Rotterdam. ie suis

3098 3236 963 220 Brussel francus Jacopt

4551 3301 1094 237 Adij 31 xber 1209

3214 3414 2332 226 tt Janlij heeft coemen uyt ue naem mij vraeghen

3226 3509 2468 250 naer eenige goederen soo dat niet ongeraeden vinde

3217 3665 2380 190 ue daer over eens te schrijven en mijn daeust te

3216 3783 2386 138 presenteeren. de canisdague oft soldaete couleuren

3206 3870 2465 204 laekens en geloove met dat ue in stadt sal vinden

3219 4019 2446 190 van die prijsen maer alser eenige weeken tijdt waere

3210 4121 2458 169 aleer ue die moet leveren soo soude ick die wel

3195 4262 2474 104 doen coemen preent op ue staet en prijke. sulckx
