6225 4452
891 2 2296 184 jder paisse ne eruisse sull out ievoe cauvaere veve

903 125 2269 131 hollansctes carmogsynen laeckens ick verhoepe dat het met godes grab

888 205 2335 127 met het wentersaison wat beter debief sal wesen ende dit ge tons sau

918 272 2316 140 den vre en sal verlienen dat de negotie maghanstent waeden ue magh

896 332 2289 173 verseeteert wesen dat niemant inde werck beter coop sal bedienen alle

886 397 2352 189 dat tot ue dient can voorvallen dan ick die blijve in alle occasie

2358 526 660 172 4 Augiudt 1709

701 530 1114 236 Ghendt JBap. De Saedelaer

890 642 2221 203 met den sondagh soo en ben voor den middagh niet thuys

873 779 2241 193 gecoemen anders soude ue aengenaeme van gisteeren

876 844 2204 197 noch voorden middagh p boede geantwoort heben

885 979 2156 174 mits dat ue vraeght een eurieus 3600 swert laeken

895 1079 2215 192 dat niet te dick en valt soo oordeele dat het beeter

887 1178 2150 199 vaere een sijn draps homme & breet dan een dich

876 1255 2255 206 leyst en vermirs het met den sondagh om moogelijck

891 1462 2230 157 is het met de waegens afte senden van mongen soo

903 1516 2269 197 can noch voor overmorgen p boede ue antwoort

906 1669 2291 168 hebben die versoeke mij ggelieft te laeten toecoemen

873 1760 2220 180 ick oordeele dat ue vrieuden in het drapd homme

867 1889 2315 161 meer genoegen sullen vinden mits dat die een soorte

891 1999 2257 167 versoeken die sijn en niet te dick is. wensche wel

889 2091 2302 182 ue gelieve de goet heyt te hebben van mij te noteeren

892 2199 2128 208 watter voorders is vercoght oock van voor de 3

893 2341 2215 165 ingeleyde wisselbrieven acceptatie te becoemen

889 2403 2301 235 en in alle occasien te commandeeren die blijve

878 2569 638 158 van herten

2046 2633 369 170 5 augusty

682 2663 979 199 Roterdam John vanderhijden

894 2696 2332 187 ue aengenaeme 2 cout hebbe wel ontfange ende den inhous gereflecteert

892 2822 2346 136 desen prixapael op ue versoeck sal dienen dat wegens den persoon daer ue

906 2916 2333 137 mij naer vraeght geen satisfactie en cangeven eensdeels om dat hij i

891 3022 2282 138 onbekent is en voorders die hem kennen wegens sijne capaectije niets

884 3079 2242 159 weten voor seeker te seggen soo dat ue daer mede naergerae den moet

892 3192 1333 135 thandelen in alle occasien ben van herte

2451 3236 614 222 7 Augusti 1709

699 3265 618 197 G hendt Saedelaer

890 3401 2329 150 ue van gisteren hebbe wel ontfangen met 2 witsebriefkens

894 3530 2277 140 geeccepteert te ruyge waer voor ue dannkbaer ben het

766 3621 2401 125 ander sien dan te gemoet: mits den persoon nu voorsien

879 3715 2249 158 is voor wien ue het laeken oboeden hadde soo en sal

886 3846 2242 138 niet voor de naeste weke het paxke afsenden en sal

879 3923 2342 109 het misschien p beurtschip aflaeden m om dat de wegen tegennoe

818 3979 2364 138 sod ongeyligh sijn sal 2 ps superfijne 3600 swerte dunne uyt soecke nevens het

865 4069 2317 109 drap dhomme ende daer nochb doen 1 a 4 gemeijne blouwe van 83 aloo

896 4178 2305 86 ue present van mij van die soorde geen en heeft sien ue het restant vanttjn

871 4243 2335 123 soeerk laecken tot N15 vercocht heeft nevens 2 quaerten drap de dammes

3416 0 2461 191 d  o

3416 146 2454 119 te wesen want het eerste restenende en can tot dien prijs niet la te

3430 210 2469 113 bidde en toecomende mij bij den numers te noteren oock op de mae

3425 287 2464 118 te ent ver coopen wat te letten wient vogens dat ick die teeckene soo

3412 383 2469 162 te hoorde die op de gentrche ruyne toe te comen refleeteren ref lectee

3411 472 2482 130 dat ue nu onder ue noch soude hebbe onvekochte resteerende

3407 543 2449 135 vande eerste partije 23 janu crij gesonden een fijn quaert drap

3387 610 2474 162 de dammes nevens een gemey a swert: tot N12 N4 a 58 ende

3444 699 2452 181 van de partje van 6 april 4 quaerten drap de donmes met

3414 772 2443 194 een sijn blouw N15 en een weert N95 bidde ue de goethuyt

3442 911 2460 190 gelieft te hebbe van die mede te benificeren op dat wij die

3421 983 2436 173 12 partijckens eens oude connen sluyten oock int vercoopen

3389 1110 2475 157 den tijt soo coort mogelijck te conditioneren want als ick den

3407 1184 2408 161 intrest soude considereren soo en waerder gena vande te

3411 1337 2449 130 vinden sal doorgaens sorge draege dat ue geen manckement

3420 1386 2486 196 aen soortement en sal hebbe voorders ue iets manckerend

3420 1540 2440 148 van engelsche goedenen oft eenige geverfde carseyen met het

3412 1610 2461 180 at gaen vant saisoen gelieft mij maer te commanderen benter

3443 1765 81 88 l6

3432 1724 2384 201 uijtersten van alles voorsien en salt ue gaviel overlaeten soo

3416 1838 2448 178 als deere gehadt hebbe ue mondelingh te seghet in naermen

3402 1955 1274 187 gaeme groetenisse soo blijve

4840 2103 774 170 6 Augusti 1709

3284 2095 734 162 Rotterdam meyers

3407 2187 2427 237 hebbe voor eenige daeghen uyt stadt geweest en nu op mijn

3401 2329 2342 128 thuys comste vinde te beantwoorden ue aengenaeme

3416 2490 2478 162 van 23 en 30 pasto en 2 court den laesten soo sendt

3373 2514 2408 248 ue mij de oncost rekeninge die soo haest moogelijck sal

3375 2664 2532 177 naersien en ue het bevinden adviseeren. de 4 malheuren te

3391 2803 2477 154 packen sin in mijn absentie eyndelyck ten rechten gecoemen

3372 2902 2492 200 en een dat vercoght wat heeft mijn huysvrouw doen

3367 3005 2465 173 leveren doch den vrint heeft het selfde seer qualijck getractien

3377 3104 2430 189 bevonden, en onder anderen een awee P daer soude

3391 3210 2268 198 sijn afgesonden wat daer aen te cort coemt sal ue

3364 3332 2401 188 advesteeren. als oock wegent de drij andere packen

3382 3461 2448 171 die noch gesloten staeng ende den tijdt mij ombrekende

3374 3603 2505 191 niet en hebbe connen doen los maeken. hebbe heden

3344 3717 2490 161 pevoiren gedaen om ue te remitteertie doch boven de

3382 3797 2512 216 e niet connen te recht coemen het gene seer

3344 3907 2435 233 schadelijck is, en mits de wissel alsoo waersclhijvelijck

3359 4047 2210 198 geen standt can houden soo hebbe liever wat te

3357 4195 2353 189 dilayeeren en ue wegent den intrest te goede te
