6225 4439
2179 56 864 198 Adij 2 xber 1709

614 77 920 170 hallifan thomas martin

809 141 2361 244 i1  benreeu l'honneur de la chere vre du 6 du pastes

792 309 2364 200 p laquelle ie vois que vous n'entendez ni le francois ni

789 407 2408 173 le flammand et que non obstant vous souhaittez que

812 543 2345 177 ie vous escrive en francois, comme ie conireray

783 628 2408 139 done pour l'asveuir vous m'envoyez facture de deux

801 768 2389 154 ballots estant cent piesces de causels et m'advisez que

785 850 2383 183 les to de bayes de 48 a 0 seront paitee

793 960 2356 216 en 6 jours mais que craiquez quelles viendront trop

773 1083 2390 190 tord a hull pour spartir avtcc cette stotte. ii'espere

789 1223 2375 164 que non car iayt plus besoing de l'assortiment de

780 1331 2399 165 bayes que de cavisees. puis que la ditte stotte dhill

792 1440 2346 196 n'est arrive iusques q cet pour a Rotterdam on que

806 1543 2381 167 nous p'en avons point le moindre advis ie ne doubre

791 1684 2336 150 nulement qu ces quatres ballots seront venue en

802 1803 2379 182 temps a hul pour partir ensemble. ie vous ay en cor

761 1893 2346 175 orrdonné p. ma derniere du 11 sbre que i'espere vous

765 2010 2393 221 sera parvenue en son temps un ballot de finnet bayes

785 2126 2236 223 de ƒ40 p de  36 a 3. il vous plaim dien

757 2264 2371 203 faire aussy 2 ballots en tout 80  samuell lord

740 2418 2461 137 et hircham sont de marques d'une medioere qualite

786 2518 2351 139 il me fautt vousiours la mellieure fabique et le

788 2628 2395 184 plus finne esaisne quisl y 'at a trouves. cette mon

779 2759 2411 177 ordre ne servira que d'une espreuve et si ie trouve

778 2859 2299 209 que me servez as mon contentement vous aurez

780 2979 2367 170 une belle commission de nous p etn. ie ne prend

781 3106 2411 180 pas esgard a 1 5 plus au moins moeyen nautt que ic'ay

782 3208 2271 175 la Mellieures marchandise et la plus cureude

761 3326 2287 205 quelle le peut trouver et fabiquer car ie ne peu

771 3443 2262 152 pas debiter la sorte ordinaire et si communne

769 3571 2364 134 il vous fault avoir soinn que les bayes soient bien

748 3703 2287 163 dresse et couverses ausly larges. ie ne doubte pas

787 3793 2319 212 ou vous aurez bien compiee les conditions au pied

792 3910 2283 210 desquelles ie vous ay ordonne cett assortiment pour

782 4064 2338 188 l'espreuve car pour moy ie n'entend pas pou plus

764 4158 2361 165 l'angloss scavoir que vous estez oblige de quarander

789 4265 2324 88 et faire l'atteurez cce et que ie vous remetteray la

3400 90 2473 172 valeur quant les ballots seront p. ie ce que dies vieulle

3391 173 2474 193 puis estre sans malheur et bientost il vous salue et suiss

3272 298 1157 215 Brussel nicolat Doute dan

4757 332 942 239 Adij 3 xber 1709

3391 434 2372 244 en twijfele niet oft den mijnen van p. deser sal ue wel

3388 624 2250 196 sijn ter handt gecomen ende den iulhout der selfden

3390 703 2454 184 oock naer ue genoegen wesen. nu hebbe ontfangen den

3374 842 2442 229 ue van selven dato met het proieet van den teydt die ue

3374 943 2422 209 crediteuren ue verleent hebben op dat ick dat nevens hun

3369 1120 2482 212 soude agreeren en teckenen. hier op antwoorde ick ue

3377 1247 2384 171 als ue soo wel van alle dandere crediteuren van

3366 1334 2418 247 hunne genegentheyt als ue van de mijne magh wesen

3368 1457 2433 259 verseekert sijt om ue voorss te helpen ende te kerstellen

3388 1586 2491 226 soo en heeft ue van niemant die noodigh evenwel

3365 1692 2509 267 als ue daer in ongerust soude wesen sal dat seer geerne

3379 1816 2384 228 teekenen en sende die ingesloeten niet wedero

3366 1942 2483 238 omdat sien maer een copie te wesen voorders referere

3371 2055 2354 253 mij gants aen mijnen voorgaenden en verhoepe ue

3364 2172 2234 237 dat in consideratie sal nemen en mij daerop

3352 2292 2456 248 antwoorden gelieft ue mij, wanneer het ue goet dunckt

3370 2413 2248 245 en convenieert ƒ300 te senden sal ue voor ƒ 200

3385 2516 2477 284 coopmanschaps leveren en een ƒ100 op reken houden

3389 2638 2435 260 soo als ue mij proponeert ende dat tot soo eevielen

3337 2757 2413 245 prijs dat ue daer eenen goeden intrest sal connen

3353 2927 2425 198 profiteeren. de bayen die ue mij heeft geordonneert

3327 3004 2435 267 te verven sijn gereet en weest versechert dat ick

3359 3149 2496 270 altijdts met ue eerelijck sal voorstgaen en handien

3334 3239 2394 290 versoekende maer van ue intgelyckxx het selfde in

3369 3374 1438 151 mijnen requarde en soo blijve

3249 3456 1073 165 Mechelen de wed. Bertram

4759 3439 992 284 Adij 4 xber 1709

3338 3578 2517 273 tot antwoort op ue aengenaeme van 2 court mij gisteren

3344 3702 2500 240 avont eerst behandight soo sende ue heden met het convoij

3329 3811 2435 246 twee engelsche geverfde groene quaerten soo als ue noch

3322 3905 2476 199 gehadt heeft van de selfde soorte in een paxke gemerckt

3316 4060 2397 186 N.V. hier onder de facture bedraegende in wisselgelde

3325 4165 2350 181 ƒ 124:6¼ waer voor mij gelieft te crediteeren. verhoepe

3333 4290 2374 95 het selfde ue wel en naer ue contentement sal geworden
