6131 4407
2008 59 865 166 Adij 24 meert 1703

434 88 1143 133 halle nicolas vanden Berghe

657 204 2320 135 hebbe de ue van 8 court wel ontfangen met eer procurne om

654 347 2363 124 eenige penningen voor weeten van halle te ontfangen uyt handen

641 388 2376 145 van seehere wed. franois vercammen daer by vermelt hebbe

652 487 2305 175 groote moeyte gehadt om ditto wede uyte vinden alsoo mij en

624 575 2321 168 veele ontekent was doch benevenwel ten langen laesten

658 663 2316 150 te recht gecoemen ende de selve gaen spreken die mij heeft

663 767 2269 165 geantwoort dato affairens door een notans alhier wirden

645 890 2151 119 waergenoemen den selven notans heeft mij geantwoort

647 973 2322 141 dat op de spenningen van boven s weesen arrestil gedaen

670 1097 2146 133 door procureur en advocaet van Brussel ende dat hy

641 1186 2293 148 noch ick daer niets en en conden doen. hebbe dit geraeden

648 1282 2117 171 gevonden ue te adviseeren merdere particular tijten

648 1381 2236 139 en can ue dienaengaende niet schrijven want het voor mij

654 1488 2166 132 een onbekende saeke is daer ick ue can dienst doen in

644 1584 2306 164 wat affairent het sij oft niet sal mij altijdts aengenaem

620 1692 2237 142 wesen ue commandote ontfangen. ick hoge dat ue oft

644 1789 2290 150 ue beminde al eens sal overcoemen ben van alderhande

647 1890 2312 169 goederen seer wel voorsien, en alles is ten uytersten goeden

630 1979 2272 174 coop oock soo ue eenige couleurkens van laekens oft icts

652 2091 2356 154 anders soude manheeren gelieft mij maer staeltiens te

634 2183 2241 165 lenders mijn huys voor u dede de familie is deltijdes tot ue

641 2296 2322 145 logement. ick groete ue en ue deminde ende de familie van

646 2402 2155 146 herten verhoepende alle in goede gesontheyt mooght

644 2495 2166 155 wesen. mijn huysvrouw is sedert wee weeken seer

649 2604 1854 150 sioch geweest en niet buyten perijsel blijve

467 2701 1278 159 Ghendt J Bapt. De Sadelaer

2310 2714 637 140 Adij 28 ditto 1708

677 2822 2364 195 ul aengenaeme van 23 court hebbe wel ontfangen met remise op h. Jean

678 2938 2401 186 francois te furelier van drij hondert en voltigh guldens op d. sicht die geaccepteert

678 3020 2360 171 is het sijnen blijde sal het noodigh besorgen, ende ul. daer voor crediteren het is

678 3128 2371 152 seecker dat de goederen die ul sende op Antwerpsche maete vercoght alsoo sult

669 3201 2392 153 bevenden ende dat niemandt can reden hebben van te claegen maer als ut die

685 3268 2387 180 met deste uyt vercoopt dat can welghebeuren dat het a a soude differeren

674 3372 2347 140 maer anders met het is mij aengenaem dat de goederen vercoght wesen

674 3437 2377 145 tyt genoemen ½ drap de dam me dat niet twijffele oft sal in toort oock al of

672 3515 2386 153 schieten bidde ghehieft oock denoiren te doen voort darmosjn al soude ul. pelle

675 3586 2348 145 vercoopen ende tot to 22:- a ƒ521:- laeten wille daer geerne door p aseren om die

674 3653 2374 159 bedruckte recken te connen adisteren naer het hooghtijdt van paeschen sal

664 3742 2394 117 ul. een seer schoon sortiment ie versche goederen senden soo swerte blouwe

680 3833 2387 149 als drap de dammes dat dese weecke noch sal beginnen te doen gereet maecken

664 3909 2382 153 ende dat ul. tot amele prijs sal connen vercoopen wenschende dat ul mij in

679 4013 2369 133 cort sal connen recken van de vercoghte laeckens senden soo Blijve

455 4061 911 153 Rotterd. Jacques Meyers

2344 4091 557 155 Adij 29 ditto 1703

659 4216 2409 137 hebbe ul. aenghenaeme van 20 court wel ontfangen metrecken tot 31 xber

3320 22 2544 129 de, maermede noeert es in wcoemende p. saldo: 103:6 en ichaenders naet iu le

3337 96 2383 125 vende dan ƒ 28:1 dat vrij wat differeert ick hebbe ul versocht mijne voorgaende

3320 161 2448 118 replicque op ul recken. conorm te reddresseren dat vinde niet gheschieten is het

3321 217 2413 134 voor gaende slot is ƒ 2731:16½ ul. stelt £ 32:16½ de partije van ƒ21157 a 2 moet

3337 274 2440 149 sijn a 2¾ ƒ 2166: - vofgens ul. mij het sijnen tijde geadviseert heeft van d'oncost

3318 339 2452 137 recken van 17 junet ƒ 1074:13 moet af ƒ 11715 van 9 sber ƒ 98:8 ƒ10 van die van

3309 406 2435 125 30 sber 1125:4 ƒ4:42: gelieft mijn gesondene noghtien naer gesien in ul. sal

3312 447 2434 141 het selve conform bevinden, ende het slot ƒ 28:1 sonder de brief porten ƒ 36:5

3312 512 2398 183 dat wat hoogh is want van Engeland heeft ul voor mij geene oft wenige

3307 586 2381 168 brieven ontfangen wat aengaet de provisie a pete van ƒ 21147:10

3325 639 2438 198 dat waer wel is. me hadde gelieven op tijdt te remitteren en voor de brieven

3319 702 2425 176 in testaen als ul hadde versocht maer il en heeft noydt sulcx gelieven te

3318 758 2446 183 doen soo dat ul. mijn avance geremittert heeft e eenige daegen dato en ul

3310 833 2458 173 maer can rekenen. versoecke ghelieft consideratie soo gebruycken ende

3324 888 2534 220 het k aengewesene met mij conform te doen reddreseren want ick e

3303 961 2461 176 en magh geen swaerder oncostene als andere betaelen door dien het present oyt de

3320 1030 2338 166 goederen niet te halen is. pr voorgaende stot hebbe diergelijcke aen geoescte

3310 1078 2446 160 derreuren het sijnen tijde en recken court even wel gepasseert soo dat ul. daer nu

3310 1147 2424 149 met mij oock wel magh onform overstappen dat geerne sil vernemen om te

3328 1195 2392 176 conen sluyten e als oock hebbe d'oncost recken. van de drij laeste packen

3328 1254 2445 179 om ul. op hheuwe daer voor te crediteren mun huysvroon is over eenige daegen

3318 1310 2373 164 met een cortse continuell over vallen ende daer door voorhaeren tijtt mede

3330 1377 2430 171 craem thekommen van een soontie van 6 maenden dracht dat emen wel godt

3316 1406 2435 185 danck noch oner de hure int leven is geweest ende den hdoon ontfangen

3333 1489 2424 156 sij en heeft niet buyten perijckel geweest doch sedert het verlossen de sortse

3327 1532 2388 109 gaen mineeren en present wel naer staedt doet ul. gheljck ick mede en

3298 1605 2464 122 matante ul bemande van herten groeten poffeul dochter heeft sondagh

3317 1666 2412 123 met de minderbroeders prossisie bij mama genrest en saemen het noeh

3290 1695 2491 161 mael gehouden ende abandoneert heden het looster en twijffele niet oft sal

3306 1783 2445 132 nu vel voor eenighen tijdt content wesen hebbe al verwactt dat ul desgoedt

3297 1827 2485 129 heydt soude hebben van aen mij een natuveel percke te senden ul houde my

3326 1860 2354 181 verobligeren  als mede aende ingeleyde op en gelandt voorts ganck te

3321 1930 535 118 geven Blijve

3137 2009 1038 167 London LHuinus de Dorpere

4958 2088 616 150 Adij 29 meert 1708

3258 2158 2524 197 t mijnen laesten was 21 court over ostende die verhope ul. wel sal sijn gheworden hebbe

3323 2261 2443 93 ul bij den selven geadviseert dat te vreden ben in wissel met ul. in comp. iets te begenen

3302 2329 2486 177 mits ul. abon dante occasie heeft om op tijdt op dese quartieren te trecken ende dat tegens

3316 2381 2449 169 de remises die ul mij doen sal dat ul. dan op ontfanck tegens den selven verval tijst te

3318 2442 2467 169 betaelen sal aenstons weder remitteren doch dat gelieft te vefflecteren dat aBrussel

3309 2495 2433 169 ghendt doorgaens sonder de cortagie noch y schaede valt en naets avantaghenser als

3302 2549 2385 173 en Antwerpen te betaelen alhoewel men die met occasien present parj can in

3307 2619 2479 159 trecken voor de remises die ul. mij sal doen sal ul. moeten scaueeren ende ick voor de

3316 2686 2450 132 mijne die ul sal weder remitteren en twijffele niet oft ul. sal tot antwoort van

3304 2732 2433 150 den mijnen bovens iets senden ende tot dien eijnde hebbe heden iedts op costy op

3302 2803 2471 157 vsos afgegeven tot ƒ633:2 ick hoepe datter haest convoij voor de maese sal worden

3323 2870 2426 156 toegestaen dat geerne verneme als oock wat is gepasseert voorders inden coop

3308 2930 2465 140 van mijne trese geordoneerde packen spaensche laeckens de staeten van de selve

3302 2989 2406 131 soude geerne hebben om aen mijne vrienden te toonen soo haest het ik

3317 3058 1713 79 mooghelijck is die te senden ick groete ul en blijve

3129 3108 786 159 Brussel A Ansillion

5054 3160 591 153 Adij Ditto 1700

3243 3238 2555 206 ie suis surpris de voir p. la chere vre du 26 d court l'obstacle que V9 fait touchant

3313 3338 2458 142 les draps pal bleu pour latienture. informes vous s'il vous plait ce que s'on paye p.

3303 3402 2425 144 icy oultre V me vent nemettre vre billset a viences et il y en a desie coincq

3293 3480 2518 151 escheu ce que ie vous prie de considerer car il y a de l'argent de bourse de puis quatre

3296 3560 2483 132 mois ie ne souhaitte que de vous rendre service et en cela ce que vous iqee ou

3309 3627 2492 154 mesme d'estre raisonable pour la derniere partie ie vous laisse mes carisezs comme

3309 3685 2480 157 elles me coustent a ƒ 22:10 que ie parie ne sont pas si bonnes que ce la vous peufaire

3298 3732 2493 162 de ces de ux piescez de bayes a ƒ18:- ie ne les auray pas envoyerschez mons. Dekens mais

3308 3807 2461 156 5. m'ordonne pr. son hiliet dy envoyer le ballot entyer. le qu'il regarde le deux p.

3304 3874 2476 141 de draps ce sont de  4:6p. verge conside rez quel profit qu'il y pout avoir pour moy

3302 3941 2496 142 et en prescence de mon pere en sortant ie vous les laissois a 40 pattars carsien voutois

3292 4029 2512 116 avoir 42 comme il vous est connue de mesme de 2 p. de bayes colchester car vous poura

3297 4088 2498 103 faire mon compte si bien que moy qu'il n'y a brien d'avance s'il sestoit vre affaire

3312 4178 2464 83 ou il y acoit du proffet ie m'en passerois avec plaiser pour vous rendre content

3298 4240 2501 92 et gin enpalementt a vre esgard ie vous prie done avez la bonte de me renvoyer

3301 4296 2164 63 accceptee los bill iets que i'en ay fait et en touttes occasions vous me trouverez
