6269 4441
877 14 2260 133 d d   e:  5 re  en ede desee ie, op  m oet convant

736 113 2396 107 sur be Sr Jacques de Cleues qui la payerz en son temps st moy

837 186 2311 95 iee ous en donneray eye dit en compte nous attendons touts les

850 232 2117 97 ours la nouville  de l'arrivee des vaisscauxe

827 277 2335 149 d'Angleterre auce la nouvelle marchandisse comme ie vous ay a

863 348 2278 155 nmelioque p ma precedente surditte et ie vous en donneraz cito

869 416 2341 139 advis. ie vous souhante parcelle ma femme commea madmoin.

862 483 2317 166 vre expouze et toutte la famille les bonnes faittes de pasques

857 584 877 172 et csis parfaittement

2380 617 708 199 adij 27 meert 1709

776 653 1338 233 Brussels vander Borght

862 760 2244 183 t'sjnen tijde hebbe ue aengenaeme van 19 xber laest noel ontfangen

861 872 2291 154 tot mij leedt dat ue met de goederen door hoff te huysvrou hier

848 924 2291 163 sijnde gesien niet en hebbe connen dienst doen sijn die beter coop

843 1009 2332 153 teweest soo vallen die naer proportie m inder in qualetijdt ende dat

841 1069 2354 189 een ander doen can dat ick al mede noch beter doen maer het

855 1146 2080 171 is seecker dat ue nergens soocurieus goet en fijn sal vinden

851 1224 2248 178 als bij mij daer ick professie van maecke als tie besiefrde procue

858 1336 2289 143 te nemende can mij in alle occasien maer commanderen

863 1406 2267 189 sijnde van alle doorten van goederen seer welvoorsien tot

849 1469 2221 182 wedienste den ingesloten van h. J te beieff tot heyden hebbe

867 1517 2258 200 heden onder mijne couvert becommen voor ve wensche ue het

871 1628 1786 195 saligh hooghtijdt van paesschen ende Blijve

2358 1733 537 182 ady 16 ditto

675 1752 1400 241 Rotterdam Jacques Meyers

846 1845 2277 238 het is jengenhem teken bijve aengenaeme van 26 court re bde

862 1979 2302 215 goet heft sal hebben mijn intrest waer te nemen ende daer in te doen

849 2072 2354 176 als voor eijgen wegens mijne ses gesondene missiues voor engelandt

841 2166 2336 160 waer op mij verlaete voor de gedaene assurantie salve conform

841 2230 2344 175 crediteren. ick ben verwondert dat de hulsche en Londons schepen

826 2322 2376 166 door den fauorabelen wint noch niet en waeren op geschoten

841 2412 2358 146 want stonden op hen ytreck soo die voor nu niet binnen

833 2493 2358 186 wesen sal dat wederom tarderen want den wint nu wederom

836 2620 2373 128 aen het oosten is gelieft dese in close voor engelandt by provisie

844 2673 2173 208 prompt voorts ganck te geven eensche ve nevens mijn

849 2768 2237 158 huystrouw en aen dh ve Broeder en nichte het saligh

841 2856 1484 192 hooghtijdt van paesschen en Blijve

1406 2887 1810 153 boorts genaen onder convert van paenred Broeckmans

2718 2967 138 84 10d

2652 2987 232 121 od

613 2976 1690 242 London Jasp. van Bussche

851 3101 2184 224 ue aengenaeme van 10 cour wel ontfange waer bysien mijn

846 3220 2236 156 remisse van stj £100:-:- op John meadvo wet is geworden

852 3354 2295 124 ingesloten noch eene van ste £100:- van 12 februari tsos op

833 3436 2322 139 sumuel clarcke en comp. maer voor gelieft het noedigh te

833 3497 2362 164 besorgen en mij te crediteren. sienre speculatie wegens de

845 3618 2371 138 colhester bayen oock den prijs tot 13 g pell. sal wel inctineren

846 3668 2355 172 ue een partijcken p naesten te ordonneren doch op speculatie

856 3797 2339 128 van nde oordeele mede het noch wat te vroegh is, want soo

840 3848 2354 167 men hier seght, soo moeten het maer uijtstroeyselsder franschen

860 3973 2204 119 eesen. gelieft mede eens te noteeren den alder naesten

854 4060 2351 133 prijs der beste witte genopte cottons om mijne mesure te

857 4102 2330 168 connen nemen want die sijn present tot salopseer

869 4202 2266 138 laegh in mert. het gene ue ge hebbe ft te in een ial

873 4299 2126 78 gonderen specnlatie maechte dat dochte het

3403 0 2458 171 ieder lete ven ue cant te connen aenformeert voorden

3382 74 2324 147 want door de groote negotie a costy soohanve het alderbet

3377 206 2464 103 afmeeren neat waeren en goederen het laeghste in prijs eesen

3391 237 2259 136 en waer dat het meeste profijt bij een vrede soude connen

3394 304 2409 157 ueyt gemaeckt worden en nulcke goederen oock het im inste

3389 410 2365 148 sederf  onderworpen sijn en men het langhste

3386 474 1681 191 sonder schaede can conserveren iyve

4017 492 1758 172 voorts gegaen onderegrt van juss Brwelke meet

4971 610 743 151 adij 29 meert 1709

3255 573 957 238 Brussel H Riysses

3393 739 2410 131 Ick hebbe ue aengenaeme van 27 court wel ontfange doch het is mij

3386 809 2347 156 leedt daer by te sien ue in dispositie. ick verhoepe ue den goeden

3385 899 2352 135 godt in t cort tot gesontijdt sal herstellen de goederen voorden

3365 987 2441 103 worst en gepasseerden winter in hollandt geurvineert beginnen

3375 1041 2476 151 nu aen te commen, doch het sijn al meest winter goederen geweest

3379 1122 2260 171 maer het nieuwe sortiment van hede couleure sspaens che

3374 1212 2409 182 en gepersten staen alle daegen te arriveren en sal ruym wel

3387 1294 2381 155 veerthien daegen naer paesschen wesen aleer die hier naer

3383 1397 2438 156 apparentie sullen connen arriveren tot ve naerright mette =

3367 1462 2415 198 emen hebbe sortiment van alles genoech bj mej. ick wille ve seer

3362 1542 2453 166 geerne voldoen om eenige taelboexkens ue over te senden doch

3370 1625 2444 172 voor de paesch heylige daegen en can sudex niet geschieden want

3310 1707 2490 153 hebbe die selfs maer eerst van dese weecke  becommen

3344 1821 2469 140 ende daer door sijn die uyt onder mijne calanten in dese stadt en

3370 1879 2475 174 sal naert hooghtijdt niet manckeren, als oock ve advies te geven

3358 1961 2483 165 soo haert die arriveren. schoonden sortiment van alle prijssen

3370 2053 2378 160 en salve in antwerpen niet vinden. ick soude geerne de onde

3369 2088 2487 219 kennisse onderhouden en ue magh seecker weden dat ick ul soo

3376 2227 2387 201 goeden coop sal dienen als imant in het landt soude connen

3361 2337 2472 160 doen. waer  moght staet maecken soo occasie can aentreffen

3361 2436 2474 134 vant openstaende partijcken op ue te trecken soo sal sulex doen

3365 2496 2493 168 ende soo niet soo salt ue met mij met gelegenteyt wel effenen blijve

3354 2608 2476 128 als aen Joff ue huijs vroune met wenschiege van t saligh hooghtijdt

3356 2716 625 139 van paesschen

4764 2711 216 158 A ger d

4971 2817 476 194 adj ditto

3245 2817 1081 227 Mechelen h bodogne

3372 2943 2488 169 ue aengenaeme dat d 25 court maer op gisteren eerst becommen met ue

3368 3048 2478 164 trato van hier hondert guldens wisselg op mons. P. wijns op acht daergen

3344 3137 2494 179 sicht. sal die heden presenteren en genccepteert  wardende

3344 3250 2397 131 het sijne tijde in voorderen en achter volgens ue dan crediteren

3340 3317 2500 166 ue hier roode bayen sijn soo wel geveryt als den gielen doch wat ick

3338 3444 2517 92 pressere oft niet daer en is geen kans geneeest om die droogh te

3327 3487 2466 140 rijgen. te can het selfde oock wel afmeten uyt het slecht weder

3338 3575 2453 166 dat mij dae gelyck hebben. sijt verassureert dat ick daer mede niets

3345 3688 2452 110 en negligere en soo haest die maer droogh wesen dat ue de selve

3344 3762 2476 138 sal aenstons afsenden: te vraeght mij staelen van made couleure

3331 3833 2394 168 spaensche laeckens van 38 tot 52 stuijvers ick geloone dat ue

3333 3932 2468 129 geliegt te segghen fijne gepersten want van sulcke qualitijdt en

3324 4027 2378 127 hebbe ick noch noydt geen spaensche gesien nochte gehadt

3349 4136 2496 118 mijne ieder minste soorte moet op 181t a ƒ3:- commen ende

3331 4220 2414 133 hver van hebbe ick een schoon versche partije onder wegen

3324 4316 2324 64 die alle huer en staen te arreveven als oock voorders
