6151 4407
691 63 2268 59 is une piesez conforme vre eschantistion dont voiuy incluse estant n°. 65

697 86 2334 114 a 33 stil vous agrie ie vous prie me commandert ie fait tiendre touiours

679 156 2340 125 les flanelles conforme a les couleures des draps pourf les draps gris de faire

689 216 2346 103 a son torin vre epchantillion ie n'en ay pas dans les surserfins car lon n'en

678 273 2259 116 demande poinct par icy ilqu slus dettrois mois que  n'avons rec

690 351 2413 115 aucunne marchandise d'Anglattere et nous attendons les convoys pr. premics

691 407 2262 112 quant ie vous envoyeray les draps  pas bleu sans manque sur vre

689 494 2345 96 responce touchantt les draps escatlats ie vous en voyeray aussy la flanelle

695 559 2302 75 de 3a large ce qu'il regarde que vig. le plaine de carisees vous enroige

689 553 2412 162 iay fait comme s'il seroit pour may mesme mais es carisces  ny les exxuu

685 657 2373 132 bayes et frisettes ne tomt plus comme les passez a cause que le tout et pour

694 713 2336 137 le present a trop bon marche mais si vous souhaitte dy mettre le prese a

669 770 2380 159 l'advenant deƒ25 et 27 blancke v.G. les trouvera beaucours mellieures ce que

672 835 2306 121 ie n'osse pas faire les vervioret jeu de neqes a tre ce quets v malls

695 900 2312 132 ils ne serontt iamais capable de levrer oure a lamode au prist que les

686 957 2349 128 anglow tont Scavoir les draps de 3. l'a cincquant  Pattars 80. 4. 45:41:12

681 1023 2346 121 40 iusques a 38 nont plus ieu de nre fabrique des iscarlats noir bleuet

683 1087 2366 120 drap de dammes car la sorte des drde dammes que son at paye aultr

695 1169 2342 107 fois ƒ315 a 16 a ne fault pour le present que  13 et les draps d'autre

681 1215 2360 115 noi bleu et escarlats a l'advenant ie voudrois que ra en voudrois o

683 1286 2338 154 prendres la preuve touts sortes de marchandises d'Anglettere mans

703 1365 2261 120 qumais estez a si bas prix ie ne peu faire d'avantages que de vous

684 1417 2231 144 escrire la chose comme il en aites en mesme tempss tous assurer

685 1486 2386 121 que j'au ay touiours vre intrest au coeur comme le mienne propse

685 1552 2380 119 et que ie vous serviray a si bon marche t quaucein auitre pour rz

693 1626 2293 121 fairre pour avorr l'honneurde vre chalandise vous priant me

682 1691 2272 121 commander en touts occasions et d'en prendre l'espreuve de

670 1773 654 122 celue que ie dit

494 1845 1005 165 London Ainn de Dorpere

2378 1858 577 151 Adij 19 April 1708

686 1971 2364 123 ick verhoepe mijner van 12 court ul. prompt sal sijn ter handt gecommen met

688 2090 2358 78 remises voor ons beyde de helft als st £150 ¾ at rsos a ƒ33:2 en ste £100 op robert

684 2130 2367 91 flecher van 6 court sos a ƒ33:7 ul. remises daer tegens gedaen sijn geaccepteert

692 2194 2373 99 nn hebbe gisteren ontfangen ul aengerxeme van 24 past met connossemen

680 2248 2367 94 sten vande twee packen & n° 3 en j mijtd. malbourgh is in hollandt wel geari=

678 2326 2283 97 veert hadde al verwacht de schepen mede soude sijn aercommen andere

693 2350 2364 126 adviseren de selve op 29 waeren affgesackt met eenen goeden wint om te seylen

685 2449 2342 78 echter tot heden van hunne aprivemente niet vernoemen en aigesalle

708 2507 2342 96 voor nu niet salve wesen soo sal desen oosten wint het doen tardeeren den

694 2576 2361 106 heere gelieve de selve voor alle neijt en rampen te bevaeren op eer gisteren

691 2648 2324 89 arriverde het convoij op ostende waer voor den heere moet sijn gedanckt

682 2691 2280 94 ingesloten remittere ul by provisie voor mijne recken. van 14 oveert v3os

683 2719 2380 136 1t £155:-:- op van holte ten hanterst costj waer voor gelieft het noodigh te

688 2811 2389 108 besorgen en mij t'sijnen tijde te crediteren ick hadde verwacht dat ul voorden

699 2900 2320 86 remises soude gedaen hebben door dien het present rmijn  schildt dat ue

695 2974 2277 95 3 pete ende de moeyte weert ick verhope echter pr. vll naesten iets te

690 3044 2351 94 verne men naer dat ul. mijnen van 12 sal hebben ontfangen ut en

681 3105 2386 95 noteert niet geen cours vvan wissel dat versoecke bij toecommende al tijd

692 3172 2389 116 gelieft te doen tot mijne speculatie hebbe remises gesien tot ƒ334:500

670 3261 2284 89 veele noteeren 34:5 echterop ontfanck der brieven soude men gisteren

684 3316 2389 107 en heden terborse wel tot 3 33: hebben connen te recht commen

702 3368 1888 90 d'eere van ul antwoortt te gemoet siende soo Blijv

510 3441 1207 157 Rotterdam Jacques Meyers

2415 3466 182 136 Ady

2651 3476 258 108 ditto

719 3583 2346 141 ick enttwijffele hiet oft den mijnen van 12 court sal ul wel sijngeworden en ul

695 3672 2389 115 sal voor de ingeleyde op en gelandt prompt voorsganck hebben besorght voorde

704 3734 2275 110 rest referere niej aen den selven desch princepael tot convert boorde

699 3837 2389 80 ingeleyde meto versoeck van expeditie hebbe advies met brieven van

708 3860 2271 108 13 rrijt London dat de schepen met convoir op de maes de 12 aeren de

694 3935 2320 94 rinher afgesackt met favorabele vint als oocr die voor ostende die 17

689 4017 2398 101 a derer godt lof wel sijn gearriveert soo dat die op de naes mede t

691 4084 2386 127 wel louden connen coienen wesen dat verhope soo niet soo souden

690 4172 2256 91 wel wat connen tardeeren door dien de wandt ick het

692 4220 2404 112 oosten is. Godt gelieve deselve sonder rampen sulvo te brengen

3347 20 2429 106 j ve soecherde ven wet deer aen geet de paseert mij entodvierte

3329 50 2426 127 en arriverende cito de goederen t'expedieren ingevolge mijne pehorde

3335 137 2354 89 en ordre op 12 gespeeificiert die ar dien voor leden haer soo qualijck die

3322 193 2457 93 ostende bengenaeren soo hebbe dit hier geordonneert niet als over hollande

3326 255 2394 95 af te laeden en soo doende soude wedetom wel gonnen bedrogen wesen

3330 293 2433 104 nou et met dese conioncture van tijdt die d'eerste de goederen aen de hand

3322 316 2441 143 heeft can noch iedts doen maer dat gepasseert sijnde t isser niets te den

3325 416 2428 90 desiteren soo dat ick ander mael recommandetre in e de vlcksien

3322 422 2380 106 prompt te expedieren het gaet present wat beeter met mijn

3324 499 2450 110 huysvrount die uk en matante behevens met doet van hebten groeten

3315 530 2422 134 hebbe onse nochte ul dochter versocht ms bteere te doen van morgen

3339 588 2420 123 te commen den dagh passeren die godt tot wel te passe is en lijs sal

3341 693 2436 84 die wonderlijck alcrandert vinden want sop den tyst dat hier geweeste

3335 712 2175 151 is soo verandert engegroeyt dat het ongelooftaer is  Blijee

3138 769 1386 206 London oasp. van Den Bussche

5026 804 689 148 Adn 19 April 1703

3332 940 2433 117 mijnen laesten was 12 court met remisse van st £110:-:- van 29 hebru 7105

3328 1039 2445 73 op h. turnesse die verhope ul. wel sal sijn geworden faute van dien in ies

3327 1074 2454 100 losent den seconde sedert sonder voordere van uu. aengenaeme verhope dat

3330 1159 2457 49 pr ce iste post eenige advantagieise retouren sal becommen hebbe gesien

3339 1189 2447 114 int & t brrief aen mijn schoop moeder dat de wissel wederom aen het daelen

3330 1255 2500 105 ie en ul. haer remittert a ƒ34:14 dat mij doet gelooven wederom op den d

3332 1321 2448 95 voorgaende couvs sal commen soo dat geen speculatie can maecken om

3258 1360 2456 124 es voorderee brieven voor eerst af te senden alvoorens d'eere van 85-

3311 1402 2414 137 ant woorde sal hebben ontfangen gelieft mij eens mede te adviseren

3321 1481 2290 108 den prijs van d'alderbeste trhsaerden oft sottons oock van d'alderheste

3316 1520 2414 143 colehester bayen vierlooden ende de gemeyne soorte van swanseins

3320 1636 2420 101 bayen en l speculatie waeneer den tijt is om tot de meeste advan

3337 1672 1823 109 tjgie eenige te connen in coopener soo Blijve

3146 1762 942 178 Talop Jonathan Scobt

5047 1800 666 150 Adij Ditto 1708

3342 1916 2287 145 faute van occasie nu in eenigen tijet diere niet gehadt ul te connen

3309 2015 2454 117 schrjven desen alleen in ul te versoecken van mj in antwoort te willen

3318 2087 2454 112 noteeren den prijs van d'alderbeste cottons want ick en begeere positief geen

3308 2152 2451 61 gemeyne soorte maer beterals die ul mij voorleden jaer voor de alderbeste

3297 2180 2506 144 heeft gesonden ick en can geen gemeyne oft imindere soorte van goederen

3311 2240 2460 91 vercoopen en daerom soude ul de alder beste ordonneren te coopen die

3317 2316 2469 103 der te becommen sijn ingenalle eenige advande te gemoet sien in den

3315 2380 2472 81 prijs op vs antwoort gelieft mede te hoteeren ul. speculatie waen eer

3325 2440 2385 94 dat ul. den tot de beste advant agie speculeert te connen in coopen

3333 2535 2451 68 want daer is niet dat presseert ende dit alleen goederen wesen dien

3318 2574 2405 116 men tegen den nochter can debiteeren ick groete ul en blijve

3161 2667 940 186 London John yough

5210 2725 498 146 Adij Ditto

3310 2807 2423 165 ul aengenaeme van 2 pannarj laest hebbe wel ontfangen het is mij

3308 2924 2416 108 leedt dat imst de tvee baelt iens waer van ul. mij de staeltiens had die

3321 3021 2448 92 gesonden het ongenal is overcomen van te syn gecaept daer en is

3299 3083 2476 107 present inde negotie van molle manufacturen niets te doen ooft

3310 3146 2430 110 te avanceeren gelieft den bovens te tanslateeren int engelsch

3321 3225 2461 122 en aen mr. Jonathan scost a l ordinair toe te senden en ul. sal my

3312 3251 945 135 verobligeren en Blijve

4588 3301 619 146 3 april 1703

3146 3326 952 154 heyden Jaques le Beuf

3310 3416 2438 150 ue aengenaeme van 19 courant wel onfangen met 2 uesse

3313 3519 2497 144 beyde van 6 febrvarij als eenen van ƒ1000 op os en eenen van ƒ100

3310 3592 2487 144 op usos op francois ansillion Brussel die sijnen teden sal in voordere

3315 3707 2402 111 daer tegens hebbe betaelt in gevolge ue bersoeck de £2000 aen S

3307 3791 2494 136 francus Bauwens en ingetrocke ue brufken dat ue bchoorelijck ge

3314 3915 2450 90 acquieest nevens den brief door drij trwe van fran ansission

3304 3967 2494 112 geschreven ende daer ue van melt ingesloten sende ue oft the vrien

3251 4074 2481 96 din genegenthest hebbende om nu en dan eenige briefkens op dese

3307 4142 2451 114 yxastieren op tyt mij te senden sal die gene disconteren en in

3310 4197 2437 143 alle voorvallende occasien seer gearne dinst doen versoecke

3427 4278 2221 86 is te crediteren voor het mede gaende reck op het laeste
