6225 4452
898 90 2272 108 dit il een goet couleur en het gene hier meest present

833 148 2347 219 gevsaegest wort bestaet in de goede mengelinge. den

863 240 2275 192 tijdt mankeert mij om de staelen uyt te soeken soo dat

859 390 2239 185 het aen ue ingengent laete. gelieft toch daer voor

854 470 2313 223 sorghe te draeghen ende die op uk commoditeyt

859 601 2240 174 te coopen want als de couleuren agreeren dan

829 706 2312 193 syn de laekens haest  te debiteeren gelieft maer

796 813 2413 154 hier op ue speculatie te nemen dat wat couleuren

845 923 2340 151 het moog en wesen het een en het selfde is als die

835 1030 2324 214 maer wel en clijn gemengeldt sijn. want van de

844 1155 2228 157 ongemengelde couleuren en can men sich niet

846 1238 2343 184 ontenecken principael en ravairante witte, wit met

853 1360 2001 207 blouw gemengt en groene een rosse

942 1519 2233 143 voortgegaen onder convert van de wed. procckmans

2174 1601 87 168 6

648 1568 966 244 mechelen h brdogne

2235 1603 851 222 Ady 15 xber 170

862 1724 2244 248 ick hebbe desen morgen door ue ordre het goet by mij

844 1871 2284 214 gecoght opt convoij van mechelen scheep gevaen

848 1982 2344 191 in een panke gemerckt EEz dat niet en twijffele oft

813 2098 2419 230 sal ue desen avont met godts gratie wel ter handt coemen

837 2221 2385 227 ingesloeten de faiture bedraegende in wisselgelde ƒ991:1½

858 2350 2322 201 waer voor mij gelieft te crediteeren. ick sal mij opt

856 2480 2299 146 gene ue mij beloeft heeft verlaeten en afwaghten

803 2596 2406 188 ue verseekerende dat ik alles wat van ue dienst magh

826 2700 2220 183 voorvallen ick ue ten uytersten goeden coop sal

842 2813 1961 192 bedienen die blijve naer groetenisse

2217 2939 716 174 Ady D 110

686 2910 955 216 Bruselles fAnsillson

851 3013 2336 195 ie vient de nouveau vous prier a me voulois envoyeer

2445 3137 130 80 me

792 3159 2431 184 les lettres de change pour ce qul vreut ensritte

839 3287 2324 157 au compte courant fous envoyee le premser de ce

825 3403 2300 163 mois et comme dg in a promis a son dernier

861 3482 2234 201 vouage car consderant le temps quil se passe il

841 3595 2322 211 est certain que ie n'e gaigne pas lint trest de mon

817 3714 2387 196 argent ie vous le recommande vous assurant

831 3880 2327 156 q'en tout ce quil le peut offur pour ve service que

818 3944 2396 182 ie vous serviray tres sidollement et que ie me passer

841 4053 2230 158 toujiours de peu de profit un austre mesera

839 4177 1273 206 en attendant ie ma oit

3262 72 908 172 Leeds Wens. Coohton

4617 83 1089 174 Adyy 168bre 1709

3399 134 2363 260 ie me refere a ma derniere du 5 court pr la quelle

3363 343 2347 142 ie vous ay envoyée des eschantillions pour acheprer

3376 423 2374 204 et m'envoyéer trois ballots de dostens de ƒ4et non

3362 537 2426 166 plus ce que ie vous confirme vous prient den avoir

3390 706 2514 179 bon soing afin que ie puis avoir de belles couleures

3377 808 2457 141 et bon drapt bien sarges et fins de l'aisue, souble

3386 932 2432 142 et doux la la main pour faire un assortiment avec

3365 992 2506 233 touts ces draps blanc que m'avs envoyée et que ie ne

3360 1112 2492 186 pourray jamais debiter sans leux que ie vous demande

3334 1233 2418 181 i'ay receu une de vos lettres escipte a mon

3362 1379 2432 203 frere avec mon addresse dont ie vous prie d'en

3357 1483 2413 233 prendre esquard pour l'asvenir. voila la 2 fois

3350 1613 2502 237 que ce la m'est farrivée. qu'oy que ie n'ayt responce

3376 1745 2527 203 ou de vos lettres pour moy il ne doubre pas ou

3373 1915 2483 154 ma remite de ƒ 26 du passe a lasos un le chevali

3364 1997 2538 197 hefurnete de  £210 vous sera bien parvenue

3376 2135 2487 227 is vous en ay envoyée sevonde le asxdu cour. cy dester

3361 2210 2480 287 mentionnée. iuclye aultre remise de ste ƒtto sur le

3361 2351 2373 223 mes me furnese de ceiourd huy usences dont il vors

3357 2503 2443 186 plairee en procurer le necessaire et me crediter

3372 2631 2471 199 en compite l'argent est si rare p eet parties

3369 2760 2382 215 que vous ne le soriez jamais croire, et cela ae

3346 2870 2316 225 caute du peu de debite que nous avons dont

3336 2991 2506 241 la chere de iivres et du grain aussj les resunet

3388 3113 2419 219 de cette lonque et fineste guerre et sont la

3345 3232 1828 220 cause. ie vous salue et surs

3260 3338 938 189 med: Jaes IAbbettson

4735 3372 758 222 Adij 26 d

3342 3465 2458 222 ick hebbe geerne gesien bij ue aengenaeme van 10 past

3344 3608 2470 246 sijnde ue laeste dat mijne remise van ste£ go ue wel

3346 3713 2412 235 wat geworden. ick wenste wel dat onse ingotie soo veel

3374 3822 2411 240 voorspoet hadde als onse leghers waer over den heere

3346 3990 2360 224 sij gebenedeydt gij verwaghten hier alle daeghen de

3371 4137 2344 163 aengenaeme tijdinghe vant overgaen van Beryken

3329 4165 2438 210 doch het is onugtsprekelijck hoe dese landen door desen
