<?xml version="1.0" encoding="UTF-8"?>
<alto xmlns:xsi="http://www.w3.org/2001/XMLSchema-instance"
      xmlns="http://www.loc.gov/standards/alto/ns-v4#"
      xmlns:page="http://schema.primaresearch.org/PAGE/gts/pagecontent/2013-07-15"
      xsi:schemaLocation="http://www.loc.gov/standards/alto/ns-v4# https://www.loc.gov/standards/alto/v4/alto.xsd">
   <Description>
      <MeasurementUnit>pixel</MeasurementUnit>
      <OCRProcessing ID="IdOcr">
         <ocrProcessingStep>
            <processingDateTime>2022-02-11T21:31:24.634+01:00</processingDateTime>
            <processingSoftware>
               <softwareCreator>READ COOP</softwareCreator>
               <softwareName>Transkribus</softwareName>
            </processingSoftware>
         </ocrProcessingStep>
      </OCRProcessing>
   </Description>
   <Layout>
      <Page ID="Page1" PHYSICAL_IMG_NR="1" HEIGHT="4406" WIDTH="5936">
         <TopMargin HEIGHT="0" WIDTH="5936" VPOS="0" HPOS="0"/>
         <LeftMargin HEIGHT="4406" WIDTH="0" VPOS="0" HPOS="0"/>
         <RightMargin HEIGHT="4406" WIDTH="0" VPOS="0" HPOS="5936"/>
         <BottomMargin HEIGHT="0" WIDTH="5936" VPOS="4406" HPOS="0"/>
         <PrintSpace HEIGHT="4406" WIDTH="5936" VPOS="0" HPOS="0">
            <TextBlock ID="region_1637583249458_163"
                       HEIGHT="4298"
                       WIDTH="2813"
                       VPOS="52"
                       HPOS="249">
               <Shape>
                  <Polygon POINTS="249,52 3062,52 3062,4350 249,4350"/>
               </Shape>
               <TextLine ID="region_1637583249458_163l1"
                         BASELINE="392,168 449,164 507,160 565,157 623,155 681,154 738,152 796,152 854,152 912,152 970,152 1027,152 1085,152 1143,152 1201,152 1259,150 1316,148 1374,145 1432,141 1490,138 1548,132"
                         HEIGHT="179"
                         WIDTH="1187"
                         VPOS="53"
                         HPOS="375">
                  <String ID="string_region_1637583249458_163l1"
                          HEIGHT="179"
                          WIDTH="1187"
                          VPOS="53"
                          HPOS="375"
                          CONTENT="Leeds William et Samuel Coockson"/>
               </TextLine>
               <TextLine ID="region_1637583249458_163l2"
                         BASELINE="1768,158 1793,160 1819,160 1845,161 1871,162 1897,162 1923,162 1949,161 1975,160 2000,160 2026,160 2052,160 2078,160 2104,160 2130,160 2156,160 2182,162"
                         HEIGHT="152"
                         WIDTH="446"
                         VPOS="52"
                         HPOS="1753">
                  <String ID="string_region_1637583249458_163l2"
                          HEIGHT="152"
                          WIDTH="446"
                          VPOS="52"
                          HPOS="1753"
                          CONTENT="15 aoust 170"/>
               </TextLine>
               <TextLine ID="region_1637583249458_163l3"
                         BASELINE="276,196 316,206"
                         HEIGHT="137"
                         WIDTH="99"
                         VPOS="88"
                         HPOS="255">
                  <String ID="string_region_1637583249458_163l3"
                          HEIGHT="137"
                          WIDTH="99"
                          VPOS="88"
                          HPOS="255"
                          CONTENT="1m"/>
               </TextLine>
               <TextLine ID="region_1637583249458_163l4"
                         BASELINE="572,264 688,255 805,248 922,242 1039,238 1156,236 1272,234 1389,232 1506,233 1623,234 1740,236 1856,237 1973,240 2090,242 2207,244 2324,248 2440,250 2557,252 2674,254 2791,256 2908,256"
                         HEIGHT="145"
                         WIDTH="2367"
                         VPOS="179"
                         HPOS="556">
                  <String ID="string_region_1637583249458_163l4"
                          HEIGHT="145"
                          WIDTH="2367"
                          VPOS="179"
                          HPOS="556"
                          CONTENT="je vs ay escript et fait remise de s £100 du 24 juin usances surpr"/>
               </TextLine>
               <TextLine ID="region_1637583249458_163l5"
                         BASELINE="562,356 684,346 806,336 929,330 1051,324 1174,319 1296,316 1418,314 1541,314 1663,315 1786,316 1908,319 2030,322 2153,326 2275,330 2398,334 2520,338 2642,343 2765,347 2887,352 3010,356"
                         HEIGHT="183"
                         WIDTH="2481"
                         VPOS="235"
                         HPOS="545">
                  <String ID="string_region_1637583249458_163l5"
                          HEIGHT="183"
                          WIDTH="2481"
                          VPOS="235"
                          HPOS="545"
                          CONTENT="francois thop in london je vs en ay envoyee sesonde pr la meene de"/>
               </TextLine>
               <TextLine ID="region_1637583249458_163l6"
                         BASELINE="560,444 684,432 809,424 934,417 1059,412 1184,408 1308,406 1433,406 1558,406 1683,407 1808,409 1932,412 2057,414 2182,418 2307,421 2432,424 2556,426 2681,428 2806,430 2931,430 3056,430"
                         HEIGHT="161"
                         WIDTH="2525"
                         VPOS="323"
                         HPOS="546">
                  <String ID="string_region_1637583249458_163l6"
                          HEIGHT="161"
                          WIDTH="2525"
                          VPOS="323"
                          HPOS="546"
                          CONTENT="vs avec une autre remise de  £100 du 23 d'usences sur joun hellerd in"/>
               </TextLine>
               <TextLine ID="region_1637583249458_163l7"
                         BASELINE="572,536 692,526 812,519 932,512 1052,506 1173,502 1293,498 1413,498 1533,496 1653,496 1774,498 1894,500 2014,502 2134,504 2254,508 2375,513 2495,517 2615,521 2735,527 2855,530 2976,536"
                         HEIGHT="125"
                         WIDTH="2433"
                         VPOS="464"
                         HPOS="558">
                  <String ID="string_region_1637583249458_163l7"
                          HEIGHT="125"
                          WIDTH="2433"
                          VPOS="464"
                          HPOS="558"
                          CONTENT="dont voycz incluse les secondes il ne dote pas ou as dux miinnes"/>
               </TextLine>
               <TextLine ID="region_1637583249458_163l8"
                         BASELINE="564,640 688,630 813,622 937,616 1062,610 1187,608 1311,604 1436,604 1560,604 1685,604 1810,606 1934,607 2059,610 2183,612 2308,616 2433,620 2557,624 2682,627 2806,631 2931,634 3056,638"
                         HEIGHT="208"
                         WIDTH="2525"
                         VPOS="504"
                         HPOS="547">
                  <String ID="string_region_1637583249458_163l8"
                          HEIGHT="208"
                          WIDTH="2525"
                          VPOS="504"
                          HPOS="547"
                          CONTENT="susdittes vs seront bien parvende cependant de m'etonne quee jn p"/>
               </TextLine>
               <TextLine ID="region_1637583249458_163l9"
                         BASELINE="558,748 681,739 805,730 928,724 1052,720 1176,716 1299,714 1423,712 1546,712 1670,712 1794,714 1917,716 2041,720 2164,722 2288,726 2412,731 2535,735 2659,740 2782,744 2906,749 3030,754"
                         HEIGHT="183"
                         WIDTH="2503"
                         VPOS="614"
                         HPOS="542">
                  <String ID="string_region_1637583249458_163l9"
                          HEIGHT="183"
                          WIDTH="2503"
                          VPOS="614"
                          HPOS="542"
                          CONTENT="aucune reponcer la dessus j'ay la vre du 12 passe que netoit que "/>
               </TextLine>
               <TextLine ID="region_1637583249458_163l10"
                         BASELINE="582,850 704,841 827,833 949,826 1072,824 1194,822 1317,820 1439,820 1562,822 1684,824 1807,828 1929,830 2052,834 2174,838 2297,841 2419,844 2542,847 2664,848 2787,850 2909,848 3032,846"
                         HEIGHT="163"
                         WIDTH="2484"
                         VPOS="729"
                         HPOS="565">
                  <String ID="string_region_1637583249458_163l10"
                          HEIGHT="163"
                          WIDTH="2484"
                          VPOS="729"
                          HPOS="565"
                          CONTENT="couvert aux eschantillions du ballots  N14 qui est charge avec"/>
               </TextLine>
               <TextLine ID="region_1637583249458_163l11"
                         BASELINE="562,930 685,926 808,922 931,920 1054,918 1177,918 1300,918 1423,918 1546,920 1669,922 1792,924 1915,927 2038,930 2161,932 2284,934 2407,938 2530,940 2653,940 2776,942 2899,942 3022,942"
                         HEIGHT="106"
                         WIDTH="2490"
                         VPOS="853"
                         HPOS="547">
                  <String ID="string_region_1637583249458_163l11"
                          HEIGHT="106"
                          WIDTH="2490"
                          VPOS="853"
                          HPOS="547"
                          CONTENT="N 18 dans thomas walles of bien grace a rea arrive a otrdan "/>
               </TextLine>
               <TextLine ID="region_1637583249458_163l12"
                         BASELINE="550,1034 672,1030 794,1028 917,1026 1039,1024 1162,1024 1284,1024 1406,1024 1529,1026 1651,1028 1774,1030 1896,1032 2018,1036 2141,1038 2263,1042 2386,1046 2508,1048 2630,1052 2753,1054 2875,1058 2998,1060"
                         HEIGHT="213"
                         WIDTH="2482"
                         VPOS="917"
                         HPOS="532">
                  <String ID="string_region_1637583249458_163l12"
                          HEIGHT="213"
                          WIDTH="2482"
                          VPOS="917"
                          HPOS="532"
                          CONTENT="sans les autres ballots qui sont reste derries comme vs aurez veus"/>
               </TextLine>
               <TextLine ID="region_1637583249458_163l13"
                         BASELINE="566,1158 688,1153 811,1150 934,1147 1056,1144 1179,1144 1302,1142 1424,1142 1547,1142 1670,1144 1793,1144 1915,1146 2038,1148 2161,1149 2283,1150 2406,1153 2529,1155 2651,1157 2774,1159 2897,1160 3020,1162"
                         HEIGHT="162"
                         WIDTH="2484"
                         VPOS="1040"
                         HPOS="551">
                  <String ID="string_region_1637583249458_163l13"
                          HEIGHT="162"
                          WIDTH="2484"
                          VPOS="1040"
                          HPOS="551"
                          CONTENT="met precedente que ie ne veu plus avois achepte au cune mer"/>
               </TextLine>
               <TextLine ID="region_1637583249458_163l14"
                         BASELINE="558,1276 676,1270 794,1266 912,1262 1030,1260 1148,1260 1266,1260 1384,1260 1502,1261 1620,1263 1738,1264 1856,1268 1974,1270 2092,1274 2210,1276 2328,1278 2446,1280 2564,1282 2682,1282 2800,1282 2918,1282"
                         HEIGHT="140"
                         WIDTH="2393"
                         VPOS="1204"
                         HPOS="541">
                  <String ID="string_region_1637583249458_163l14"
                          HEIGHT="140"
                          WIDTH="2393"
                          VPOS="1204"
                          HPOS="541"
                          CONTENT="chandise pr mon compte a couse que ie me trouve trop"/>
               </TextLine>
               <TextLine ID="region_1637583249458_163l15"
                         BASELINE="558,1394 680,1390 803,1388 926,1386 1049,1385 1172,1384 1294,1384 1417,1384 1540,1385 1663,1386 1786,1388 1908,1390 2031,1392 2154,1394 2277,1397 2400,1400 2522,1402 2645,1406 2768,1410 2891,1412 3014,1416"
                         HEIGHT="175"
                         WIDTH="2491"
                         VPOS="1282"
                         HPOS="541">
                  <String ID="string_region_1637583249458_163l15"
                          HEIGHT="175"
                          WIDTH="2491"
                          VPOS="1282"
                          HPOS="541"
                          CONTENT="charge et prnispalement de s ballot de dostent. ie me "/>
               </TextLine>
               <TextLine ID="region_1637583249458_163l16"
                         BASELINE="546,1536 670,1528 795,1522 920,1518 1045,1514 1170,1512 1294,1510 1419,1510 1544,1510 1669,1512 1794,1514 1918,1516 2043,1520 2168,1524 2293,1528 2418,1532 2542,1536 2667,1540 2792,1545 2917,1549 3042,1552"
                         HEIGHT="201"
                         WIDTH="2529"
                         VPOS="1385"
                         HPOS="529">
                  <String ID="string_region_1637583249458_163l16"
                          HEIGHT="201"
                          WIDTH="2529"
                          VPOS="1385"
                          HPOS="529"
                          CONTENT="trouve oblige de vous prier p. celle cy que vous voudries"/>
               </TextLine>
               <TextLine ID="region_1637583249458_163l17"
                         BASELINE="550,1674 672,1665 795,1656 918,1650 1040,1644 1163,1640 1286,1638 1408,1637 1531,1636 1654,1638 1777,1639 1899,1642 2022,1644 2145,1648 2267,1652 2390,1656 2513,1661 2635,1666 2758,1670 2881,1674 3004,1678"
                         HEIGHT="221"
                         WIDTH="2484"
                         VPOS="1529"
                         HPOS="535">
                  <String ID="string_region_1637583249458_163l17"
                          HEIGHT="221"
                          WIDTH="2484"
                          VPOS="1529"
                          HPOS="535"
                          CONTENT="avoir la bonte de me de charger de quame balbotn"/>
               </TextLine>
               <TextLine ID="region_1637583249458_163l18"
                         BASELINE="506,1804 625,1794 744,1787 863,1780 982,1776 1101,1772 1220,1770 1339,1768 1458,1768 1577,1768 1696,1770 1815,1772 1934,1774 2053,1778 2172,1782 2291,1784 2410,1788 2529,1792 2648,1796 2767,1800 2886,1804"
                         HEIGHT="159"
                         WIDTH="2411"
                         VPOS="1660"
                         HPOS="490">
                  <String ID="string_region_1637583249458_163l18"
                          HEIGHT="159"
                          WIDTH="2411"
                          VPOS="1660"
                          HPOS="490"
                          CONTENT="d N15:1617 et 19 qui sont reste chez vous et les"/>
               </TextLine>
               <TextLine ID="region_1637583249458_163l19"
                         BASELINE="562,1916 686,1914 810,1912 934,1910 1058,1907 1183,1905 1307,1904 1431,1902 1555,1902 1679,1902 1804,1902 1928,1904 2052,1906 2176,1910 2300,1915 2425,1922 2549,1930 2673,1938 2797,1948 2921,1961 3046,1976"
                         HEIGHT="201"
                         WIDTH="2516"
                         VPOS="1788"
                         HPOS="547">
                  <String ID="string_region_1637583249458_163l19"
                          HEIGHT="201"
                          WIDTH="2516"
                          VPOS="1788"
                          HPOS="547"
                          CONTENT="envoyer a un aultre et vous m'ofligerez, infinimest"/>
               </TextLine>
               <TextLine ID="region_1637583249458_163l20"
                         BASELINE="554,2044 673,2039 792,2036 911,2032 1030,2030 1150,2030 1269,2030 1388,2031 1507,2032 1626,2036 1746,2038 1865,2042 1984,2046 2103,2050 2222,2054 2342,2058 2461,2064 2580,2068 2699,2074 2818,2078 2938,2082"
                         HEIGHT="208"
                         WIDTH="2418"
                         VPOS="1938"
                         HPOS="537">
                  <String ID="string_region_1637583249458_163l20"
                          HEIGHT="208"
                          WIDTH="2418"
                          VPOS="1938"
                          HPOS="537"
                          CONTENT="et dans une aultre occasion ie ne manqueray"/>
               </TextLine>
               <TextLine ID="region_1637583249458_163l21"
                         BASELINE="536,2170 661,2161 786,2155 912,2150 1037,2148 1163,2148 1288,2150 1413,2152 1539,2157 1664,2162 1790,2168 1915,2174 2040,2181 2166,2186 2291,2194 2417,2198 2542,2202 2667,2206 2793,2208 2918,2208 3044,2206"
                         HEIGHT="213"
                         WIDTH="2546"
                         VPOS="2052"
                         HPOS="517">
                  <String ID="string_region_1637583249458_163l21"
                          HEIGHT="213"
                          WIDTH="2546"
                          VPOS="2052"
                          HPOS="517"
                          CONTENT="pas de considerer la grace que ie vous demande"/>
               </TextLine>
               <TextLine ID="region_1637583249458_163l22"
                         BASELINE="534,2294 653,2289 773,2286 893,2283 1013,2282 1133,2282 1252,2284 1372,2286 1492,2288 1612,2292 1732,2297 1851,2302 1971,2306 2091,2311 2211,2316 2331,2320 2450,2325 2570,2328 2690,2332 2810,2334 2930,2336"
                         HEIGHT="202"
                         WIDTH="2429"
                         VPOS="2189"
                         HPOS="518">
                  <String ID="string_region_1637583249458_163l22"
                          HEIGHT="202"
                          WIDTH="2429"
                          VPOS="2189"
                          HPOS="518"
                          CONTENT="et que j'espere que vous ne me refulerez pas."/>
               </TextLine>
               <TextLine ID="region_1637583249458_163l23"
                         BASELINE="532,2426 649,2420 766,2416 883,2414 1000,2412 1118,2412 1235,2412 1352,2414 1469,2416 1586,2418 1704,2422 1821,2426 1938,2429 2055,2434 2172,2438 2290,2442 2407,2446 2524,2450 2641,2454 2758,2457 2876,2460"
                         HEIGHT="151"
                         WIDTH="2377"
                         VPOS="2342"
                         HPOS="516">
                  <String ID="string_region_1637583249458_163l23"
                          HEIGHT="151"
                          WIDTH="2377"
                          VPOS="2342"
                          HPOS="516"
                          CONTENT="nous avons cette poste des faistes et point de "/>
               </TextLine>
               <TextLine ID="region_1637583249458_163l24"
                         BASELINE="546,2550 659,2548 772,2546 885,2544 998,2544 1112,2544 1225,2544 1338,2546 1451,2547 1564,2550 1678,2552 1791,2554 1904,2558 2017,2562 2130,2565 2244,2570 2357,2574 2470,2579 2583,2584 2696,2588 2810,2594"
                         HEIGHT="215"
                         WIDTH="2295"
                         VPOS="2417"
                         HPOS="532">
                  <String ID="string_region_1637583249458_163l24"
                          HEIGHT="215"
                          WIDTH="2295"
                          VPOS="2417"
                          HPOS="532"
                          CONTENT="bourse. pr mt prochainne vous aurez sans"/>
               </TextLine>
               <TextLine ID="region_1637583249458_163l25"
                         BASELINE="490,2680 615,2677 740,2676 865,2676 990,2676 1116,2678 1241,2680 1366,2684 1491,2686 1616,2690 1742,2694 1867,2698 1992,2702 2117,2707 2242,2710 2368,2714 2493,2718 2618,2720 2743,2722 2868,2722 2994,2724"
                         HEIGHT="246"
                         WIDTH="2536"
                         VPOS="2548"
                         HPOS="474">
                  <String ID="string_region_1637583249458_163l25"
                          HEIGHT="246"
                          WIDTH="2536"
                          VPOS="2548"
                          HPOS="474"
                          CONTENT="faulte que lque remises pour l'mport de deux"/>
               </TextLine>
               <TextLine ID="region_1637583249458_163l26"
                         BASELINE="522,2822 640,2818 758,2816 876,2814 995,2814 1113,2816 1231,2818 1350,2820 1468,2824 1586,2828 1705,2832 1823,2836 1941,2840 2059,2844 2178,2848 2296,2852 2414,2855 2533,2858 2651,2860 2769,2860 2888,2860"
                         HEIGHT="187"
                         WIDTH="2401"
                         VPOS="2702"
                         HPOS="504">
                  <String ID="string_region_1637583249458_163l26"
                          HEIGHT="187"
                          WIDTH="2401"
                          VPOS="2702"
                          HPOS="504"
                          CONTENT="allots N14 et 1s arrive en hollande "/>
               </TextLine>
               <TextLine ID="region_1637583249458_163l27"
                         BASELINE="546,2956 670,2954 794,2954 918,2954 1042,2956 1166,2956 1290,2958 1414,2960 1538,2964 1662,2966 1787,2968 1911,2972 2035,2975 2159,2978 2283,2980 2407,2984 2531,2986 2655,2988 2779,2990 2903,2992 3028,2994"
                         HEIGHT="259"
                         WIDTH="2516"
                         VPOS="2807"
                         HPOS="530">
                  <String ID="string_region_1637583249458_163l27"
                          HEIGHT="259"
                          WIDTH="2516"
                          VPOS="2807"
                          HPOS="530"
                          CONTENT="et sul vre responce a cette la mienne nous"/>
               </TextLine>
               <TextLine ID="region_1637583249458_163l28"
                         BASELINE="506,3068 632,3072 759,3076 885,3080 1012,3084 1138,3087 1265,3090 1391,3094 1518,3098 1644,3101 1771,3104 1897,3108 2024,3112 2150,3116 2277,3120 2403,3124 2530,3128 2656,3132 2783,3136 2909,3142 3036,3146"
                         HEIGHT="227"
                         WIDTH="2566"
                         VPOS="2958"
                         HPOS="489">
                  <String ID="string_region_1637583249458_163l28"
                          HEIGHT="227"
                          WIDTH="2566"
                          VPOS="2958"
                          HPOS="489"
                          CONTENT="finirons d'Adiuster compte cour jusques a ce "/>
               </TextLine>
               <TextLine ID="region_1637583249458_163l29"
                         BASELINE="536,3226 573,3222 610,3218 648,3214 685,3213 723,3212 760,3210 797,3210 835,3210 872,3210 910,3212 947,3212 984,3212 1022,3212 1059,3212 1097,3212 1134,3212 1171,3212 1209,3210 1246,3208 1284,3204"
                         HEIGHT="188"
                         WIDTH="781"
                         VPOS="3090"
                         HPOS="519">
                  <String ID="string_region_1637583249458_163l29"
                          HEIGHT="188"
                          WIDTH="781"
                          VPOS="3090"
                          HPOS="519"
                          CONTENT="iour qui suis "/>
               </TextLine>
               <TextLine ID="region_1637583249458_163l30"
                         BASELINE="428,3330 473,3326 519,3324 565,3322 611,3320 657,3320 702,3320 748,3320 794,3320 840,3321 886,3322 931,3323 977,3324 1023,3325 1069,3326 1115,3326 1160,3326 1206,3326 1252,3326 1298,3326 1344,3324"
                         HEIGHT="184"
                         WIDTH="946"
                         VPOS="3212"
                         HPOS="413">
                  <String ID="string_region_1637583249458_163l30"
                          HEIGHT="184"
                          WIDTH="946"
                          VPOS="3212"
                          HPOS="413"
                          CONTENT="ghendt JJacob Baut"/>
               </TextLine>
               <TextLine ID="region_1637583249458_163l31"
                         BASELINE="2310,3340 2344,3339 2379,3338 2413,3338 2448,3338 2483,3338 2517,3338 2552,3339 2586,3340 2621,3342 2656,3343 2690,3345 2725,3346 2759,3348 2794,3349 2829,3351 2863,3352 2898,3354 2932,3354 2967,3354 3002,3356"
                         HEIGHT="137"
                         WIDTH="726"
                         VPOS="3249"
                         HPOS="2293">
                  <String ID="string_region_1637583249458_163l31"
                          HEIGHT="137"
                          WIDTH="726"
                          VPOS="3249"
                          HPOS="2293"
                          CONTENT="Adij 16 Augusti 1707"/>
               </TextLine>
               <TextLine ID="region_1637583249458_163l32"
                         BASELINE="624,3470 738,3472 853,3472 968,3472 1083,3474 1198,3474 1312,3476 1427,3476 1542,3478 1657,3478 1772,3480 1886,3482 2001,3482 2116,3484 2231,3486 2346,3488 2460,3488 2575,3490 2690,3492 2805,3494 2920,3496"
                         HEIGHT="160"
                         WIDTH="2330"
                         VPOS="3386"
                         HPOS="607">
                  <String ID="string_region_1637583249458_163l32"
                          HEIGHT="160"
                          WIDTH="2330"
                          VPOS="3386"
                          HPOS="607"
                          CONTENT="beyde ul. aenghenaeme van7 en 14 court hebbe wel ontfanghen "/>
               </TextLine>
               <TextLine ID="region_1637583249458_163l33"
                         BASELINE="602,3568 722,3568 842,3566 962,3566 1082,3566 1202,3566 1322,3568 1442,3568 1562,3570 1682,3572 1802,3572 1922,3574 2042,3576 2162,3578 2282,3580 2402,3584 2522,3586 2642,3588 2762,3590 2882,3592 3002,3596"
                         HEIGHT="131"
                         WIDTH="2435"
                         VPOS="3510"
                         HPOS="584">
                  <String ID="string_region_1637583249458_163l33"
                          HEIGHT="131"
                          WIDTH="2435"
                          VPOS="3510"
                          HPOS="584"
                          CONTENT="met het laesten het briefken op Cornelis ftamme van ƒ140:- wissel"/>
               </TextLine>
               <TextLine ID="region_1637583249458_163l34"
                         BASELINE="598,3668 714,3665 831,3662 948,3662 1065,3660 1182,3660 1298,3660 1415,3660 1532,3662 1649,3662 1766,3664 1882,3666 1999,3669 2116,3672 2233,3674 2350,3678 2466,3680 2583,3684 2700,3688 2817,3692 2934,3696"
                         HEIGHT="103"
                         WIDTH="2367"
                         VPOS="3611"
                         HPOS="583">
                  <String ID="string_region_1637583249458_163l34"
                          HEIGHT="103"
                          WIDTH="2367"
                          VPOS="3611"
                          HPOS="583"
                          CONTENT="ghelde in protest terugh. den vriendt heeft mij versocht ul. het"/>
               </TextLine>
               <TextLine ID="region_1637583249458_163l35"
                         BASELINE="548,3770 670,3768 792,3764 914,3762 1036,3760 1158,3760 1280,3758 1402,3758 1524,3758 1646,3760 1769,3760 1891,3762 2013,3764 2135,3766 2257,3770 2379,3772 2501,3776 2623,3778 2745,3782 2867,3786 2990,3790"
                         HEIGHT="131"
                         WIDTH="2475"
                         VPOS="3703"
                         HPOS="531">
                  <String ID="string_region_1637583249458_163l35"
                          HEIGHT="131"
                          WIDTH="2475"
                          VPOS="3703"
                          HPOS="531"
                          CONTENT="selve wederom af te senden alsoo hij ordre heeft ghestelt bij den"/>
               </TextLine>
               <TextLine ID="region_1637583249458_163l36"
                         BASELINE="576,3862 699,3860 823,3860 946,3858 1070,3858 1193,3858 1317,3856 1440,3856 1564,3858 1687,3858 1811,3858 1934,3860 2058,3862 2181,3864 2305,3866 2428,3868 2552,3872 2675,3876 2799,3880 2922,3885 3046,3890"
                         HEIGHT="133"
                         WIDTH="2500"
                         VPOS="3803"
                         HPOS="561">
                  <String ID="string_region_1637583249458_163l36"
                          HEIGHT="133"
                          WIDTH="2500"
                          VPOS="3803"
                          HPOS="561"
                          CONTENT="bode  veerman om het te voldoen met de oncosten vant"/>
               </TextLine>
               <TextLine ID="region_1637583249458_163l37"
                         BASELINE="598,3956 718,3956 839,3956 960,3956 1081,3956 1202,3956 1323,3956 1444,3956 1565,3958 1686,3958 1807,3960 1927,3962 2048,3964 2169,3966 2290,3968 2411,3972 2532,3976 2653,3980 2774,3984 2895,3989 3016,3994"
                         HEIGHT="113"
                         WIDTH="2449"
                         VPOS="3895"
                         HPOS="582">
                  <String ID="string_region_1637583249458_163l37"
                          HEIGHT="113"
                          WIDTH="2449"
                          VPOS="3895"
                          HPOS="582"
                          CONTENT="protest en midts het partijcken bij mij gheboeckt is soo en hebbe"/>
               </TextLine>
               <TextLine ID="region_1637583249458_163l38"
                         BASELINE="600,4070 716,4067 833,4064 950,4062 1067,4060 1184,4060 1300,4060 1417,4060 1534,4062 1651,4064 1768,4066 1884,4068 2001,4070 2118,4074 2235,4076 2352,4078 2468,4080 2585,4082 2702,4084 2819,4084 2936,4086"
                         HEIGHT="153"
                         WIDTH="2368"
                         VPOS="3967"
                         HPOS="584">
                  <String ID="string_region_1637583249458_163l38"
                          HEIGHT="153"
                          WIDTH="2368"
                          VPOS="3967"
                          HPOS="584"
                          CONTENT="het selve niet willen refissseren bidden de nsghelijck ul"/>
               </TextLine>
               <TextLine ID="region_1637583249458_163l39"
                         BASELINE="608,4188 730,4180 852,4175 974,4170 1096,4168 1218,4166 1340,4166 1462,4166 1584,4168 1706,4170 1828,4172 1950,4174 2072,4178 2194,4180 2316,4182 2438,4185 2560,4188 2682,4188 2804,4189 2926,4188 3048,4188"
                         HEIGHT="202"
                         WIDTH="2472"
                         VPOS="4059"
                         HPOS="592">
                  <String ID="string_region_1637583249458_163l39"
                          HEIGHT="202"
                          WIDTH="2472"
                          VPOS="4059"
                          HPOS="592"
                          CONTENT="ghelieft de goedtheydt te hebben en mij daer voor te creditteren"/>
               </TextLine>
               <TextLine ID="region_1637583249458_163l40"
                         BASELINE="588,4294 658,4292 729,4290 800,4288 871,4286 942,4284 1012,4282 1083,4282 1154,4280 1225,4280 1296,4280 1366,4280 1437,4280 1508,4280 1579,4282 1650,4283 1720,4284 1791,4286 1862,4290 1933,4292 2004,4296"
                         HEIGHT="190"
                         WIDTH="1449"
                         VPOS="4175"
                         HPOS="572">
                  <String ID="string_region_1637583249458_163l40"
                          HEIGHT="190"
                          WIDTH="1449"
                          VPOS="4175"
                          HPOS="572"
                          CONTENT="onfanghen sijnde terwijlen blijve"/>
               </TextLine>
            </TextBlock>
            <TextBlock ID="region_1637583256227_166"
                       HEIGHT="4335"
                       WIDTH="2798"
                       VPOS="31"
                       HPOS="3088">
               <Shape>
                  <Polygon POINTS="3088,31 5886,31 5886,4366 3088,4366"/>
               </Shape>
               <TextLine ID="region_1637583256227_166l1"
                         BASELINE="4980,190 5014,188 5049,187 5084,186 5118,184 5153,182 5188,180 5222,179 5257,176 5292,176 5327,174 5361,173 5396,171 5431,170 5465,170 5500,170 5535,170 5569,172 5604,172 5639,174 5674,178"
                         HEIGHT="174"
                         WIDTH="728"
                         VPOS="59"
                         HPOS="4961">
                  <String ID="string_region_1637583256227_166l1"
                          HEIGHT="174"
                          WIDTH="728"
                          VPOS="59"
                          HPOS="4961"
                          CONTENT="Adij 18 d Aonst 1707"/>
               </TextLine>
               <TextLine ID="region_1637583256227_166l2"
                         BASELINE="3104,176 3175,178 3246,182 3317,184 3388,186 3459,186 3530,186 3601,186 3672,186 3743,185 3814,184 3885,182 3956,182 4027,181 4098,180 4169,180 4240,180 4311,180 4382,180 4453,180 4524,182"
                         HEIGHT="184"
                         WIDTH="1453"
                         VPOS="49"
                         HPOS="3088">
                  <String ID="string_region_1637583256227_166l2"
                          HEIGHT="184"
                          WIDTH="1453"
                          VPOS="49"
                          HPOS="3088"
                          CONTENT="London Scagen en Stockdale"/>
               </TextLine>
               <TextLine ID="region_1637583256227_166l3"
                         BASELINE="3348,306 3468,302 3589,301 3710,300 3831,300 3952,300 4073,300 4194,300 4315,300 4436,302 4557,302 4677,304 4798,304 4919,304 5040,306 5161,305 5282,304 5403,302 5524,301 5645,298 5766,294"
                         HEIGHT="105"
                         WIDTH="2452"
                         VPOS="238"
                         HPOS="3331">
                  <String ID="string_region_1637583256227_166l3"
                          HEIGHT="105"
                          WIDTH="2452"
                          VPOS="238"
                          HPOS="3331"
                          CONTENT="i'ay bien receu les deux cheres vres du 15 et 25 du passe p. la premier vre"/>
               </TextLine>
               <TextLine ID="region_1637583256227_166l4"
                         BASELINE="3336,394 3458,388 3580,384 3703,382 3825,380 3948,378 4070,378 4192,378 4315,380 4437,381 4560,382 4682,384 4804,386 4927,388 5049,388 5172,388 5294,388 5416,388 5539,386 5661,382 5784,378"
                         HEIGHT="111"
                         WIDTH="2478"
                         VPOS="324"
                         HPOS="3321">
                  <String ID="string_region_1637583256227_166l4"
                          HEIGHT="111"
                          WIDTH="2478"
                          VPOS="324"
                          HPOS="3321"
                          CONTENT="lettre incluse de mr. Conathan scott aussij quelques eschantillions dornt "/>
               </TextLine>
               <TextLine ID="region_1637583256227_166l5"
                         BASELINE="3346,480 3468,474 3591,470 3714,466 3837,464 3960,464 4083,464 4206,465 4329,466 4452,468 4575,472 4697,474 4820,476 4943,478 5066,478 5189,480 5312,480 5435,478 5558,476 5681,472 5804,466"
                         HEIGHT="124"
                         WIDTH="2491"
                         VPOS="398"
                         HPOS="3329">
                  <String ID="string_region_1637583256227_166l5"
                          HEIGHT="124"
                          WIDTH="2491"
                          VPOS="398"
                          HPOS="3329"
                          CONTENT="ie n'y trouve rient de rare p. celle du 25 ie vois que mes remises vous"/>
               </TextLine>
               <TextLine ID="region_1637583256227_166l6"
                         BASELINE="3328,572 3451,564 3575,558 3698,554 3822,550 3945,549 4069,548 4192,548 4316,548 4439,550 4563,552 4686,553 4810,554 4933,556 5057,558 5180,558 5304,558 5427,556 5551,554 5674,551 5798,546"
                         HEIGHT="97"
                         WIDTH="2499"
                         VPOS="497"
                         HPOS="3313">
                  <String ID="string_region_1637583256227_166l6"
                          HEIGHT="97"
                          WIDTH="2499"
                          VPOS="497"
                          HPOS="3313"
                          CONTENT="sont bien parvenues et que vous navez pas changes les ballots de cottons "/>
               </TextLine>
               <TextLine ID="region_1637583256227_166l7"
                         BASELINE="3342,658 3461,652 3581,647 3701,644 3821,640 3941,638 4060,638 4180,638 4300,638 4420,638 4540,638 4659,640 4779,640 4899,640 5019,640 5139,640 5258,638 5378,636 5498,634 5618,629 5738,624"
                         HEIGHT="145"
                         WIDTH="2427"
                         VPOS="564"
                         HPOS="3326">
                  <String ID="string_region_1637583256227_166l7"
                          HEIGHT="145"
                          WIDTH="2427"
                          VPOS="564"
                          HPOS="3326"
                          CONTENT="pr. ce convoiy pour Rotterd. ce qu'il ma chagrine estant graceau"/>
               </TextLine>
               <TextLine ID="region_1637583256227_166l8"
                         BASELINE="3330,748 3454,741 3578,735 3703,731 3827,728 3952,726 4076,725 4200,724 4325,724 4449,726 4574,726 4698,726 4822,728 4947,728 5071,728 5196,726 5320,726 5444,723 5569,720 5693,716 5818,708"
                         HEIGHT="140"
                         WIDTH="2519"
                         VPOS="633"
                         HPOS="3314">
                  <String ID="string_region_1637583256227_166l8"
                          HEIGHT="140"
                          WIDTH="2519"
                          VPOS="633"
                          HPOS="3314"
                          CONTENT="segnieee bien arrivee de plus parce que la saison pour cette marchand"/>
               </TextLine>
               <TextLine ID="region_1637583256227_166l9"
                         BASELINE="3340,828 3463,824 3586,820 3709,818 3832,814 3955,814 4078,812 4201,812 4324,812 4447,812 4571,814 4694,814 4817,814 4940,814 5063,814 5186,814 5309,812 5432,810 5555,808 5678,804 5802,800"
                         HEIGHT="140"
                         WIDTH="2494"
                         VPOS="721"
                         HPOS="3323">
                  <String ID="string_region_1637583256227_166l9"
                          HEIGHT="140"
                          WIDTH="2494"
                          VPOS="721"
                          HPOS="3323"
                          CONTENT="dise va venir die vieullle que nows pouvons avoir en bref un aultre"/>
               </TextLine>
               <TextLine ID="region_1637583256227_166l10"
                         BASELINE="3354,920 3476,914 3598,910 3720,906 3843,903 3965,902 4087,900 4210,900 4332,900 4454,900 4577,900 4699,900 4821,902 4943,902 5066,902 5188,902 5310,900 5433,900 5555,896 5677,893 5800,888"
                         HEIGHT="120"
                         WIDTH="2480"
                         VPOS="828"
                         HPOS="3337">
                  <String ID="string_region_1637583256227_166l10"
                          HEIGHT="120"
                          WIDTH="2480"
                          VPOS="828"
                          HPOS="3337"
                          CONTENT="convoy i'ay fort peu de confience pr. la raitte d'ostende cependant "/>
               </TextLine>
               <TextLine ID="region_1637583256227_166l11"
                         BASELINE="3340,1016 3458,1010 3577,1004 3695,999 3814,996 3932,994 4051,992 4169,992 4288,992 4406,992 4525,992 4643,994 4762,994 4880,994 4999,994 5117,994 5236,994 5354,992 5473,990 5591,987 5710,982"
                         HEIGHT="135"
                         WIDTH="2402"
                         VPOS="901"
                         HPOS="3325">
                  <String ID="string_region_1637583256227_166l11"
                          HEIGHT="135"
                          WIDTH="2402"
                          VPOS="901"
                          HPOS="3325"
                          CONTENT="il jt diuerses lettres de lorrdres qui confirment que cela sera"/>
               </TextLine>
               <TextLine ID="region_1637583256227_166l12"
                         BASELINE="3342,1106 3461,1098 3580,1092 3699,1086 3819,1082 3938,1079 4057,1078 4177,1076 4296,1076 4415,1076 4535,1076 4654,1076 4773,1078 4892,1078 5012,1078 5131,1080 5250,1080 5370,1078 5489,1078 5608,1076 5728,1072"
                         HEIGHT="104"
                         WIDTH="2417"
                         VPOS="1019"
                         HPOS="3326">
                  <String ID="string_region_1637583256227_166l12"
                          HEIGHT="104"
                          WIDTH="2417"
                          VPOS="1019"
                          HPOS="3326"
                          CONTENT="asteuy sans faulte y.G. le peuttmieux scavoir que moy estant is"/>
               </TextLine>
               <TextLine ID="region_1637583256227_166l13"
                         BASELINE="3346,1190 3463,1184 3580,1179 3697,1174 3815,1171 3932,1168 4049,1166 4167,1164 4284,1164 4401,1162 4519,1162 4636,1162 4753,1163 4870,1164 4988,1164 5105,1166 5222,1166 5340,1168 5457,1168 5574,1168 5692,1170"
                         HEIGHT="152"
                         WIDTH="2376"
                         VPOS="1089"
                         HPOS="3331">
                  <String ID="string_region_1637583256227_166l13"
                          HEIGHT="152"
                          WIDTH="2376"
                          VPOS="1089"
                          HPOS="3331"
                          CONTENT="present sy vous le trouvez asseurez comme ie vous ay encor"/>
               </TextLine>
               <TextLine ID="region_1637583256227_166l14"
                         BASELINE="3334,1268 3455,1266 3576,1262 3697,1260 3818,1258 3939,1256 4060,1256 4181,1254 4302,1254 4423,1254 4544,1254 4665,1254 4786,1254 4907,1256 5028,1256 5149,1258 5270,1260 5391,1262 5512,1264 5633,1266 5754,1270"
                         HEIGHT="150"
                         WIDTH="2452"
                         VPOS="1144"
                         HPOS="3318">
                  <String ID="string_region_1637583256227_166l14"
                          HEIGHT="150"
                          WIDTH="2452"
                          VPOS="1144"
                          HPOS="3318"
                          CONTENT="Jescript ie le souhaitterois bien p. ostende pour pouvoir euiter les"/>
               </TextLine>
               <TextLine ID="region_1637583256227_166l15"
                         BASELINE="3368,1358 3490,1354 3613,1351 3735,1348 3858,1346 3981,1344 4103,1342 4226,1342 4348,1340 4471,1340 4594,1340 4716,1340 4839,1340 4961,1340 5084,1340 5207,1340 5329,1340 5452,1342 5574,1342 5697,1342 5820,1344"
                         HEIGHT="135"
                         WIDTH="2484"
                         VPOS="1290"
                         HPOS="3353">
                  <String ID="string_region_1637583256227_166l15"
                          HEIGHT="135"
                          WIDTH="2484"
                          VPOS="1290"
                          HPOS="3353"
                          CONTENT="traige d'hollande faittez en toute compme pour vous mesme mais"/>
               </TextLine>
               <TextLine ID="region_1637583256227_166l16"
                         BASELINE="3344,1460 3464,1453 3584,1444 3705,1438 3825,1433 3946,1430 4066,1428 4186,1426 4307,1424 4427,1424 4548,1424 4668,1424 4788,1426 4909,1426 5029,1428 5150,1428 5270,1428 5390,1428 5511,1428 5631,1428 5752,1426"
                         HEIGHT="131"
                         WIDTH="2444"
                         VPOS="1352"
                         HPOS="3326">
                  <String ID="string_region_1637583256227_166l16"
                          HEIGHT="131"
                          WIDTH="2444"
                          VPOS="1352"
                          HPOS="3326"
                          CONTENT="s'il y a plutost occasion pr. voye de Rotterd. ne laissez plus"/>
               </TextLine>
               <TextLine ID="region_1637583256227_166l17"
                         BASELINE="3356,1546 3476,1537 3597,1531 3718,1526 3839,1522 3960,1518 4080,1514 4201,1512 4322,1510 4443,1510 4564,1510 4684,1510 4805,1510 4926,1510 5047,1510 5168,1512 5288,1512 5409,1512 5530,1512 5651,1514 5772,1514"
                         HEIGHT="171"
                         WIDTH="2450"
                         VPOS="1432"
                         HPOS="3338">
                  <String ID="string_region_1637583256227_166l17"
                          HEIGHT="171"
                          WIDTH="2450"
                          VPOS="1432"
                          HPOS="3338"
                          CONTENT="eschapter l'occasion car ne penderay le temps et la saison pour"/>
               </TextLine>
               <TextLine ID="region_1637583256227_166l18"
                         BASELINE="3348,1628 3470,1622 3593,1616 3716,1610 3838,1606 3961,1604 4084,1602 4206,1600 4329,1600 4452,1600 4575,1600 4697,1600 4820,1600 4943,1600 5065,1602 5188,1602 5311,1602 5433,1600 5556,1600 5679,1598 5802,1594"
                         HEIGHT="140"
                         WIDTH="2486"
                         VPOS="1497"
                         HPOS="3331">
                  <String ID="string_region_1637583256227_166l18"
                          HEIGHT="140"
                          WIDTH="2486"
                          VPOS="1497"
                          HPOS="3331"
                          CONTENT="la debite de reste ie mesies a vos bonnes conduittes i'ay trouve "/>
               </TextLine>
               <TextLine ID="region_1637583256227_166l19"
                         BASELINE="3352,1708 3475,1704 3598,1702 3721,1698 3844,1696 3968,1694 4091,1692 4214,1692 4337,1690 4460,1690 4584,1688 4707,1688 4830,1688 4953,1688 5076,1686 5200,1686 5323,1684 5446,1684 5569,1682 5692,1680 5816,1678"
                         HEIGHT="100"
                         WIDTH="2496"
                         VPOS="1625"
                         HPOS="3335">
                  <String ID="string_region_1637583256227_166l19"
                          HEIGHT="100"
                          WIDTH="2496"
                          VPOS="1625"
                          HPOS="3335"
                          CONTENT="en abus a ma ballange on at oublie que vous serez en disboure"/>
               </TextLine>
               <TextLine ID="region_1637583256227_166l20"
                         BASELINE="3374,1796 3495,1790 3617,1785 3738,1782 3860,1779 3982,1776 4103,1776 4225,1774 4346,1774 4468,1774 4590,1774 4711,1774 4833,1774 4954,1774 5076,1774 5198,1774 5319,1772 5441,1770 5562,1768 5684,1766 5806,1762"
                         HEIGHT="146"
                         WIDTH="2466"
                         VPOS="1693"
                         HPOS="3358">
                  <String ID="string_region_1637583256227_166l20"
                          HEIGHT="146"
                          WIDTH="2466"
                          VPOS="1693"
                          HPOS="3358"
                          CONTENT="pour le montant de cottons que m. Jonathan scoit afire sus"/>
               </TextLine>
               <TextLine ID="region_1637583256227_166l21"
                         BASELINE="3346,1882 3469,1880 3592,1876 3715,1874 3838,1872 3961,1872 4084,1870 4207,1870 4330,1868 4453,1868 4576,1866 4699,1866 4822,1864 4945,1862 5068,1860 5191,1858 5314,1854 5437,1852 5560,1847 5683,1842 5806,1836"
                         HEIGHT="118"
                         WIDTH="2491"
                         VPOS="1782"
                         HPOS="3330">
                  <String ID="string_region_1637583256227_166l21"
                          HEIGHT="118"
                          WIDTH="2491"
                          VPOS="1782"
                          HPOS="3330"
                          CONTENT="vous dont ie vous de mandeexcuse n'ay fait mes devoirs pour"/>
               </TextLine>
               <TextLine ID="region_1637583256227_166l22"
                         BASELINE="3346,1980 3469,1975 3593,1972 3717,1968 3841,1965 3965,1962 4088,1960 4212,1959 4336,1958 4460,1956 4584,1954 4707,1954 4831,1952 4955,1950 5079,1948 5203,1944 5326,1941 5450,1936 5574,1931 5698,1925 5822,1918"
                         HEIGHT="144"
                         WIDTH="2508"
                         VPOS="1850"
                         HPOS="3329">
                  <String ID="string_region_1637583256227_166l22"
                          HEIGHT="144"
                          WIDTH="2508"
                          VPOS="1850"
                          HPOS="3329"
                          CONTENT="avoir de lettres a veue et pour cette raison la ie vous en remette"/>
               </TextLine>
               <TextLine ID="region_1637583256227_166l23"
                         BASELINE="3350,2066 3465,2064 3581,2062 3697,2060 3813,2058 3929,2056 4044,2054 4160,2052 4276,2050 4392,2047 4508,2046 4623,2044 4739,2042 4855,2039 4971,2036 5087,2034 5202,2032 5318,2030 5434,2028 5550,2026 5666,2024"
                         HEIGHT="156"
                         WIDTH="2349"
                         VPOS="1934"
                         HPOS="3334">
                  <String ID="string_region_1637583256227_166l23"
                          HEIGHT="156"
                          WIDTH="2349"
                          VPOS="1934"
                          HPOS="3334"
                          CONTENT="deux cy incluse payable le premier avener chacque de "/>
               </TextLine>
               <TextLine ID="region_1637583256227_166l24"
                         BASELINE="3358,2166 3478,2164 3598,2162 3719,2160 3839,2156 3960,2154 4080,2151 4200,2148 4321,2145 4441,2141 4562,2138 4682,2135 4802,2131 4923,2128 5043,2124 5164,2120 5284,2118 5404,2114 5525,2110 5645,2108 5766,2106"
                         HEIGHT="162"
                         WIDTH="2440"
                         VPOS="2034"
                         HPOS="3342">
                  <String ID="string_region_1637583256227_166l24"
                          HEIGHT="162"
                          WIDTH="2440"
                          VPOS="2034"
                          HPOS="3342"
                          CONTENT=" £170:- ensemble £300:-:- un sur que storte et me "/>
               </TextLine>
               <TextLine ID="region_1637583256227_166l25"
                         BASELINE="3348,2262 3471,2260 3594,2256 3717,2254 3841,2250 3964,2248 4087,2244 4211,2242 4334,2238 4457,2234 4581,2230 4704,2227 4827,2224 4950,2220 5074,2215 5197,2210 5320,2206 5444,2202 5567,2196 5690,2190 5814,2184"
                         HEIGHT="170"
                         WIDTH="2501"
                         VPOS="2114"
                         HPOS="3331">
                  <String ID="string_region_1637583256227_166l25"
                          HEIGHT="170"
                          WIDTH="2501"
                          VPOS="2114"
                          HPOS="3331"
                          CONTENT="sur john ledcombe dont les deux premieres sont accepte es mains"/>
               </TextLine>
               <TextLine ID="region_1637583256227_166l26"
                         BASELINE="3350,2362 3471,2357 3592,2352 3713,2348 3834,2344 3955,2339 4076,2336 4197,2332 4318,2328 4439,2326 4561,2322 4682,2318 4803,2316 4924,2310 5045,2307 5166,2303 5287,2298 5408,2292 5529,2287 5650,2280 5772,2274"
                         HEIGHT="174"
                         WIDTH="2457"
                         VPOS="2199"
                         HPOS="3331">
                  <String ID="string_region_1637583256227_166l26"
                          HEIGHT="174"
                          WIDTH="2457"
                          VPOS="2199"
                          HPOS="3331"
                          CONTENT="de monsr. Rustus Beck vous priant d'en procurer le necessaire"/>
               </TextLine>
               <TextLine ID="region_1637583256227_166l27"
                         BASELINE="3340,2454 3460,2450 3580,2446 3700,2440 3820,2436 3940,2432 4060,2428 4180,2422 4300,2418 4420,2414 4540,2409 4660,2404 4780,2400 4900,2396 5020,2392 5140,2386 5260,2381 5380,2376 5500,2371 5620,2366 5740,2360"
                         HEIGHT="182"
                         WIDTH="2432"
                         VPOS="2305"
                         HPOS="3321">
                  <String ID="string_region_1637583256227_166l27"
                          HEIGHT="182"
                          WIDTH="2432"
                          VPOS="2305"
                          HPOS="3321"
                          CONTENT="et m'en crediter en compte let donner vre advis ayant reccu"/>
               </TextLine>
               <TextLine ID="region_1637583256227_166l28"
                         BASELINE="3340,2536 3463,2527 3587,2522 3711,2516 3835,2510 3959,2506 4082,2500 4206,2497 4330,2494 4454,2490 4578,2488 4701,2484 4825,2482 4949,2478 5073,2476 5197,2472 5320,2468 5444,2464 5568,2460 5692,2454 5816,2450"
                         HEIGHT="191"
                         WIDTH="2506"
                         VPOS="2362"
                         HPOS="3324">
                  <String ID="string_region_1637583256227_166l28"
                          HEIGHT="191"
                          WIDTH="2506"
                          VPOS="2362"
                          HPOS="3324"
                          CONTENT="cette la mienne il n'ya rien a faire pr ioy dans les manufactu"/>
               </TextLine>
               <TextLine ID="region_1637583256227_166l29"
                         BASELINE="3356,2618 3475,2616 3595,2614 3715,2610 3835,2608 3955,2604 4074,2600 4194,2596 4314,2592 4434,2588 4554,2584 4673,2578 4793,2574 4913,2569 5033,2564 5153,2560 5272,2554 5392,2551 5512,2546 5632,2542 5752,2538"
                         HEIGHT="195"
                         WIDTH="2432"
                         VPOS="2460"
                         HPOS="3338">
                  <String ID="string_region_1637583256227_166l29"
                          HEIGHT="195"
                          WIDTH="2432"
                          VPOS="2460"
                          HPOS="3338"
                          CONTENT="et pas moyen seulement pour en profiter l'intrest oultre"/>
               </TextLine>
               <TextLine ID="region_1637583256227_166l30"
                         BASELINE="3336,2718 3456,2713 3576,2709 3696,2705 3816,2701 3936,2698 4056,2694 4176,2690 4296,2686 4416,2682 4536,2680 4656,2675 4776,2670 4896,2666 5016,2662 5136,2656 5256,2651 5376,2646 5496,2640 5616,2633 5736,2626"
                         HEIGHT="182"
                         WIDTH="2433"
                         VPOS="2560"
                         HPOS="3319">
                  <String ID="string_region_1637583256227_166l30"
                          HEIGHT="182"
                          WIDTH="2433"
                          VPOS="2560"
                          HPOS="3319"
                          CONTENT="fautte sorte et beacoup moindre que du passe comme tout "/>
               </TextLine>
               <TextLine ID="region_1637583256227_166l31"
                         BASELINE="3356,2804 3477,2802 3599,2800 3721,2798 3843,2796 3965,2794 4086,2790 4208,2786 4330,2783 4452,2779 4574,2775 4695,2770 4817,2766 4939,2762 5061,2758 5183,2754 5304,2750 5426,2746 5548,2742 5670,2738 5792,2734"
                         HEIGHT="179"
                         WIDTH="2472"
                         VPOS="2644"
                         HPOS="3337">
                  <String ID="string_region_1637583256227_166l31"
                          HEIGHT="179"
                          WIDTH="2472"
                          VPOS="2644"
                          HPOS="3337"
                          CONTENT="vos draps que m'avez envoyez ils ne sont pas a l'advenant "/>
               </TextLine>
               <TextLine ID="region_1637583256227_166l32"
                         BASELINE="3350,2902 3467,2899 3584,2896 3701,2892 3818,2890 3935,2886 4052,2883 4169,2880 4286,2876 4403,2872 4521,2870 4638,2866 4755,2862 4872,2860 4989,2856 5106,2854 5223,2852 5340,2849 5457,2847 5574,2846 5692,2844"
                         HEIGHT="169"
                         WIDTH="2374"
                         VPOS="2754"
                         HPOS="3334">
                  <String ID="string_region_1637583256227_166l32"
                          HEIGHT="169"
                          WIDTH="2374"
                          VPOS="2754"
                          HPOS="3334"
                          CONTENT="du prix ef ie ne veu plus aucunne marchandise ie suis "/>
               </TextLine>
               <TextLine ID="region_1637583256227_166l33"
                         BASELINE="3610,2982 3719,2982 3829,2982 3939,2980 4048,2979 4158,2978 4268,2976 4377,2974 4487,2974 4597,2972 4707,2971 4816,2970 4926,2970 5036,2970 5145,2970 5255,2970 5365,2972 5474,2972 5584,2976 5694,2978 5804,2982"
                         HEIGHT="191"
                         WIDTH="2225"
                         VPOS="2860"
                         HPOS="3595">
                  <String ID="string_region_1637583256227_166l33"
                          HEIGHT="191"
                          WIDTH="2225"
                          VPOS="2860"
                          HPOS="3595"
                          CONTENT="voortsgegaen onder couvert van Dh: Broeckmans"/>
               </TextLine>
               <TextLine ID="region_1637583256227_166l34"
                         BASELINE="3104,3150 3161,3146 3218,3144 3275,3140 3332,3138 3390,3136 3447,3134 3504,3132 3561,3130 3618,3130 3676,3128 3733,3128 3790,3126 3847,3126 3904,3126 3962,3124 4019,3124 4076,3124 4133,3124 4190,3124 4248,3122"
                         HEIGHT="213"
                         WIDTH="1175"
                         VPOS="3000"
                         HPOS="3087">
                  <String ID="string_region_1637583256227_166l34"
                          HEIGHT="213"
                          WIDTH="1175"
                          VPOS="3000"
                          HPOS="3087"
                          CONTENT="Brussel goevaert ververs"/>
               </TextLine>
               <TextLine ID="region_1637583256227_166l35"
                         BASELINE="4650,3124 4704,3124 4759,3124 4813,3124 4868,3124 4922,3126 4977,3128 5031,3130 5086,3131 5140,3134 5195,3134 5249,3136 5304,3138 5358,3139 5413,3140 5467,3140 5522,3140 5576,3138 5631,3137 5685,3135 5740,3130"
                         HEIGHT="225"
                         WIDTH="1125"
                         VPOS="2981"
                         HPOS="4632">
                  <String ID="string_region_1637583256227_166l35"
                          HEIGHT="225"
                          WIDTH="1125"
                          VPOS="2981"
                          HPOS="4632"
                          CONTENT="Adj 18 Ditto 1707"/>
               </TextLine>
               <TextLine ID="region_1637583256227_166l36"
                         BASELINE="3348,3316 3467,3307 3586,3301 3705,3296 3824,3292 3943,3290 4062,3290 4181,3290 4300,3290 4419,3292 4538,3294 4657,3296 4776,3299 4895,3302 5014,3304 5133,3306 5252,3308 5371,3309 5490,3310 5609,3308 5728,3306"
                         HEIGHT="211"
                         WIDTH="2412"
                         VPOS="3162"
                         HPOS="3333">
                  <String ID="string_region_1637583256227_166l36"
                          HEIGHT="211"
                          WIDTH="2412"
                          VPOS="3162"
                          HPOS="3333"
                          CONTENT="naer dat ick ghisteren op ul. de libertijdt hadde ghebruyckt"/>
               </TextLine>
               <TextLine ID="region_1637583256227_166l37"
                         BASELINE="3356,3396 3477,3392 3599,3388 3721,3386 3843,3384 3965,3382 4086,3381 4208,3380 4330,3382 4452,3382 4574,3384 4695,3386 4817,3388 4939,3390 5061,3393 5183,3396 5304,3400 5426,3404 5548,3407 5670,3411 5792,3414"
                         HEIGHT="129"
                         WIDTH="2468"
                         VPOS="3298"
                         HPOS="3339">
                  <String ID="string_region_1637583256227_166l37"
                          HEIGHT="129"
                          WIDTH="2468"
                          VPOS="3298"
                          HPOS="3339"
                          CONTENT="van te trecken soo compt mij heden poss mania cat herina "/>
               </TextLine>
               <TextLine ID="region_1637583256227_166l38"
                         BASELINE="3368,3482 3488,3476 3608,3470 3728,3468 3849,3464 3969,3464 4089,3464 4210,3464 4330,3466 4450,3468 4571,3471 4691,3474 4811,3478 4931,3482 5052,3486 5172,3491 5292,3494 5413,3498 5533,3500 5653,3504 5774,3506"
                         HEIGHT="157"
                         WIDTH="2439"
                         VPOS="3386"
                         HPOS="3351">
                  <String ID="string_region_1637583256227_166l38"
                          HEIGHT="157"
                          WIDTH="2439"
                          VPOS="3386"
                          HPOS="3351"
                          CONTENT="van haelen den brief van Joff uk dochter van 16 cour ten"/>
               </TextLine>
               <TextLine ID="region_1637583256227_166l39"
                         BASELINE="3352,3564 3472,3560 3593,3558 3714,3555 3835,3554 3956,3552 4077,3552 4198,3554 4319,3554 4440,3556 4561,3558 4681,3560 4802,3563 4923,3566 5044,3569 5165,3572 5286,3574 5407,3578 5528,3580 5649,3584 5770,3586"
                         HEIGHT="111"
                         WIDTH="2453"
                         VPOS="3525"
                         HPOS="3334">
                  <String ID="string_region_1637583256227_166l39"
                          HEIGHT="111"
                          WIDTH="2453"
                          VPOS="3525"
                          HPOS="3334"
                          CONTENT="handt stellen met sogftigh isonden vlaems wisselghetde"/>
               </TextLine>
               <TextLine ID="region_1637583256227_166l40"
                         BASELINE="3346,3658 3467,3653 3589,3650 3711,3646 3833,3644 3955,3643 4077,3642 4199,3642 4321,3642 4443,3643 4565,3644 4686,3646 4808,3648 4930,3650 5052,3652 5174,3654 5296,3656 5418,3658 5540,3660 5662,3662 5784,3664"
                         HEIGHT="114"
                         WIDTH="2471"
                         VPOS="3565"
                         HPOS="3329">
                  <String ID="string_region_1637583256227_166l40"
                          HEIGHT="114"
                          WIDTH="2471"
                          VPOS="3565"
                          HPOS="3329"
                          CONTENT="inghe volghe mijne quittantie aen haer ghegeven het is"/>
               </TextLine>
               <TextLine ID="region_1637583256227_166l41"
                         BASELINE="3358,3752 3480,3746 3603,3742 3726,3738 3848,3734 3971,3730 4094,3728 4216,3726 4339,3726 4462,3724 4585,3724 4707,3724 4830,3726 4953,3728 5075,3730 5198,3732 5321,3736 5443,3740 5566,3744 5689,3749 5812,3754"
                         HEIGHT="149"
                         WIDTH="2487"
                         VPOS="3645"
                         HPOS="3342">
                  <String ID="string_region_1637583256227_166l41"
                          HEIGHT="149"
                          WIDTH="2487"
                          VPOS="3645"
                          HPOS="3342"
                          CONTENT="mij leedt dat sulxx qgeschiedt it bidde ghelieft naer te seghen"/>
               </TextLine>
               <TextLine ID="region_1637583256227_166l42"
                         BASELINE="3338,3860 3459,3851 3580,3842 3702,3836 3823,3830 3945,3826 4066,3822 4187,3818 4309,3816 4430,3816 4552,3816 4673,3816 4794,3818 4916,3820 5037,3822 5159,3826 5280,3830 5401,3834 5523,3838 5644,3844 5766,3850"
                         HEIGHT="170"
                         WIDTH="2458"
                         VPOS="3712"
                         HPOS="3323">
                  <String ID="string_region_1637583256227_166l42"
                          HEIGHT="170"
                          WIDTH="2458"
                          VPOS="3712"
                          HPOS="3323"
                          CONTENT="aen den persoon die den brief in handen sal hebben dat hir"/>
               </TextLine>
               <TextLine ID="region_1637583256227_166l43"
                         BASELINE="3340,3958 3461,3947 3583,3938 3704,3932 3826,3926 3947,3922 4069,3920 4190,3918 4312,3916 4433,3916 4555,3918 4676,3918 4798,3920 4919,3922 5041,3924 5162,3926 5284,3928 5405,3930 5527,3932 5648,3932 5770,3934"
                         HEIGHT="152"
                         WIDTH="2462"
                         VPOS="3831"
                         HPOS="3324">
                  <String ID="string_region_1637583256227_166l43"
                          HEIGHT="152"
                          WIDTH="2462"
                          VPOS="3831"
                          HPOS="3324"
                          CONTENT="hem ghelieft weder te senden de colchester bayen ghelden"/>
               </TextLine>
               <TextLine ID="region_1637583256227_166l44"
                         BASELINE="3346,4058 3464,4049 3583,4040 3702,4034 3820,4030 3939,4026 4058,4022 4176,4020 4295,4020 4414,4018 4533,4020 4651,4020 4770,4022 4889,4022 5007,4024 5126,4026 5245,4028 5363,4030 5482,4032 5601,4034 5720,4034"
                         HEIGHT="197"
                         WIDTH="2408"
                         VPOS="3924"
                         HPOS="3329">
                  <String ID="string_region_1637583256227_166l44"
                          HEIGHT="197"
                          WIDTH="2408"
                          VPOS="3924"
                          HPOS="3329"
                          CONTENT="ƒ44:- a ƒ12 carseyen bayen en frisaerden sijn oock seer"/>
               </TextLine>
               <TextLine ID="region_1637583256227_166l45"
                         BASELINE="3318,4170 3438,4164 3559,4158 3679,4154 3800,4150 3920,4146 4041,4142 4161,4140 4282,4138 4402,4138 4523,4136 4643,4136 4764,4136 4884,4136 5005,4136 5125,4138 5246,4138 5366,4140 5487,4140 5607,4142 5728,4142"
                         HEIGHT="204"
                         WIDTH="2444"
                         VPOS="4028"
                         HPOS="3302">
                  <String ID="string_region_1637583256227_166l45"
                          HEIGHT="204"
                          WIDTH="2444"
                          VPOS="4028"
                          HPOS="3302"
                          CONTENT="goeden coop hebbe oock seer schoone gheperste ende"/>
               </TextLine>
               <TextLine ID="region_1637583256227_166l46"
                         BASELINE="3338,4266 3453,4268 3568,4268 3683,4268 3798,4266 3914,4266 4029,4264 4144,4262 4259,4258 4374,4256 4490,4253 4605,4250 4720,4248 4835,4246 4950,4246 5066,4244 5181,4245 5296,4246 5411,4248 5526,4252 5642,4258"
                         HEIGHT="147"
                         WIDTH="2336"
                         VPOS="4156"
                         HPOS="3323">
                  <String ID="string_region_1637583256227_166l46"
                          HEIGHT="147"
                          WIDTH="2336"
                          VPOS="4156"
                          HPOS="3323"
                          CONTENT="noordise maeckens van alder hande prijssen oock"/>
               </TextLine>
               <TextLine ID="region_1637583256227_166l47"
                         BASELINE="3350,4350 3463,4350 3576,4350 3689,4350 3802,4350 3915,4350 4028,4350 4141,4348 4254,4348 4367,4346 4480,4346 4593,4344 4706,4343 4819,4342 4932,4340 5045,4340 5158,4338 5271,4338 5384,4336 5497,4336 5610,4334"
                         HEIGHT="124"
                         WIDTH="2291"
                         VPOS="4244"
                         HPOS="3334">
                  <String ID="string_region_1637583256227_166l47"
                          HEIGHT="124"
                          WIDTH="2291"
                          VPOS="4244"
                          HPOS="3334"
                          CONTENT="spaensche en voorts alle andere goederen ick sal"/>
               </TextLine>
            </TextBlock>
         </PrintSpace>
      </Page>
   </Layout>
</alto>
