6269 4449
871 10 2302 166 edat nu eena  moete laeten ra bitteren gelieft een op

864 135 2287 95 te geven een notitie en nu meroi van alle de laece

851 201 2300 114 ick voor ve reken & ten onderen hebbe gehadt met de

861 239 2312 117 lenghde en prijssen uyt genoemen de 4 x dne s mangelar

864 306 2235 130 heeft naer hem gehouden. hebbe ue het selfde met mijn

838 373 2336 163 vodrige noch gevraeght blijve met affectie en offres van

852 478 294 112 dienst

2083 486 895 172 Ady 2 meert 1309

643 541 743 151 mechelen jodoghe

798 605 2331 202 de ue van gisteeren hebbe wel ontfangen en dienvolgens

810 741 2208 165 sal den bay op ue stael door den verver vervacken

829 853 2273 166 doen verven, maer soo lanck den vorst continneert

809 1015 2326 127 en can sulckx niet geschieden de 6 roode en 6 houve

818 1082 2275 157 carseyen die ue mij oordonneert sende ue tegens morgen

822 1208 2168 149 met de vroeghwaegens a l'ordinair in een paxke

813 1322 2137 200 gemerckt N.T. bedraegende n p saemen als de

816 1440 2218 210 voorgaende a ƒ 27:15 wisselgelde ƒ 333:- waer voor

797 1518 2303 242 my gelieft te crediteeren. het is wel ue my van tijdt

835 1666 2219 229 tot tijdts, iets op reken sal remitteeren en vernies

816 1790 2356 193 ue geen brefkens en gelieft te maeken oft te accepteeren

807 1883 2237 208 ben daer mede bij gevolge van jde wel te vreden

804 2026 2356 220 maer ue hadde mij de eerste partije geconditioneent

797 2157 2244 231 contant te betaelen. soo dat het wel redelijcke

821 2299 2276 168 waere ue iets geliefde te remitteeren om voorrer

784 2416 2162 175 kennisse te machen vermips ick ue nu over

806 2557 2279 169 de ƒ2000:- crediteere ende het de eerste rijte

816 2636 2230 204 is van saemen te handelen ue sal bij gevolge

812 2776 2271 168 van correspondente ondervinden dat ick ue van

806 2893 2203 163 alles sal connen fournieren en soo goeden coop

803 3056 2137 147 al oft ue het selfde van Engelandt advoiner

794 3143 2052 191 ordonneerde geconsidereert den intrest vant

803 3240 2179 184 cappitael oock dat onder ons alles altidts

777 3389 2399 158 sal gecreet blijven soo als ue mij gerecommandert

750 3509 1300 179 heeft sijnde van herden

2380 3591 656 171 ady 11 d.

677 3626 1341 176 London Seanen et Steckeul

832 3720 2352 156 ie suis encor sans l'honneux de vre responce a les miennes du 28 san ies

841 3859 2279 105 avec vre lettre a veu sur bohn Buker de  £10:-:- et 7 du passé auce

835 3921 2306 107 remisse de  £130:14:- sur john mead du 29 janvier Trences dont

828 3998 2342 113 cy incluse la seconde. &'hiver commence a cesser et les glaces sen

808 4094 2336 120 pont tellement a que i'espere que nous aurons a attendre au

844 4128 2319 130 premiers jours du convoy pour cetter d ie ne doubte poince

800 4226 2375 130 ou vous auvez pour le present m'on ordre complet pour les

822 4325 2306 47 dr ap 4 n Balle et que l'auras   pramieres nouvelles -

3356 13 2413 130 de hanillhond er sacturer la les condrserments de d rout jespere

3268 104 2622 119 que vous n'aurez chargez q vrn ballot dans chacque vaisseaux a

3359 184 2534 105 l'ordinair pr les vents contraire il nous manquent dinerses portes e

3251 232 2557 145 tant p ostende que p. hollande que nous attendons avec impatience

3353 328 2423 99 car ie ne scay a quoy me regler iusques a present. celle pour vous

3355 356 2430 146 re mettre lettres du 18 janiter sences et jours sur mons. Daniet

3354 454 2443 124 hays in London de  £180:-:- dont il vous plaira d'en procurer

3360 528 2442 101 le payement et me crediter ensuitte. nenegigez pas de m'envoyer

3358 551 2530 135 p. la premiere flotte mes draps et ayes bon esgard pour les chargere de

3353 641 2414 130 dans des bons rapeaust et ie de brancs Batteliers a vous connue

3369 739 2449 111 et m'en  donner cit nladris et connossements Dieu vreulle nous

3240 737 2638 180 faire la grace de les conduser au bon port ie vous salve et suis

5777 898 81 88 1on

4906 880 680 112 ady 4 meert 1709

3223 878 1138 186 London & eDorpere

3369 965 2394 141 sedert mijnen laesten van 25 part is het vriesende weder ontwaecht

3361 1035 2339 160 soo danigh dat n iet te twerffelen is oft alle risieren sullen in

3358 1106 2381 153 weynige daegen wederom vaerbaer worden den wint is vlack

3345 1198 2432 154 aen het suyden en westen soo dat nu din a vaer daeghen brieven

3355 1275 2410 136 van Engelandt te gemoet hebbe gesten doch tot dato heden te

3355 1337 2426 152 vergeefs soo over hoslandt als ostende enen welverhoepe p

3357 1398 2411 149 eersten sullen op schieten om kennisse te moogen hebben wat

3353 1487 2442 117 costij is gepasseert ick en twijffele niet oft ue sal mijnordre voor

3352 1553 2439 124 de laeckens voor nu compeet hebben oock op gepackt ende

3350 1618 2424 132 datter p eersten convoj nu sal wordengegeven voor de made

3338 1719 2436 100 mets het nu soo lange geteden is ende dat ick met die occasie

3361 1789 2442 128 de goederen spoedigh door hodts hulpe sal connen becommen

3336 1837 2567 146 en gelieft geen packen afte laeden als met cloecke schepen en

3310 1918 2499 144 evaere behende schippers en maer een pack in een schipooct

3350 1990 2548 145 prompt advies en conhossement soo als ve p mijne voorlge hebbe j

3344 2068 2450 143 gerecommandeert hebbe advies van Brugghel dat het fregatie

3346 2143 2542 144 van Jan Claessens op 17 past. ostont naer costj te vertrecken soo d

3345 2224 2519 131 niet twijffele oft sal voor nu daer wesen voor dat d'eere van ue

3344 2293 2554 108 antwoort becomme soo weete niet voorders te melden. ingesloten

3350 2368 2424 124 dan remisse van 18 Januari V70s dop monsr. daniel hays in

3342 2451 2385 123 London van  £170:- waer voor gelieft de betaelinge te

3341 2501 1665 186 besorgen en mij te crediteren die Blijve

4952 2606 550 171 adij 8 ditto

3334 2602 1244 191 ottervam Jacques Meyers

3339 2762 2473 195 met het afsterven van matante ue bemende waer in verhope ve sich

3333 2918 2411 88 beginte l schicken, ende door godts wille alles over te passerten soo is

3343 2991 2487 89 on beantwoort gebleven ue aengenaeme de dato 18 sber alsoo het weynigh

3343 3002 2387 121 preserie de defferentie in de laeste gesondene oncost

3333 3106 2492 114 treken en twwijffele niet tft te sal sedert hebben met mij geredresseert

3355 3179 2453 107 want dat hebbe te m notittie aen gewesen doch wat ue gellieft daer bij

3332 3235 2557 130 te segghen wegens de provisie en can niet meer dan voor 3 packen

3337 3319 2456 108 gerekkent worden alsoe de twee bay paxkens maer een en wesen

3347 3416 2427 81 en sulcxx met het op packen maek p labus is toegecommen staende by

3344 3461 2463 103 factuer maer voor een pack in reken. gelijck het desseen geweest is

3337 3501 2557 156 re commandere ul voorts ganck voor de twee ingeleyde op London

3341 3603 807 132 en Blijve en haeste

5047 3633 590 187 adij 5 ditto

3225 3678 1063 212 Mons p f maille

3330 3765 2463 167 pour responce a l'honneur de la chere vre du 2 du court ie n'ay pas

3329 3897 2527 140 oublie de vous marquer les prisx des super fins draps double presse car

3316 3994 2522 113 i'ay dit que ceue touts dont ie vous en ay envoyee les eschantillions sont

3336 4048 2489 137 alon escu l'a outtre que ilen aes de mesme couleures a 36 pattars et

3345 4133 2473 127 112 la et que y. q n'avoit qu'la me marquer de quet prix que vous

3331 4218 2495 115 en sau haitte alusse aes couleures, car il m'est n possible de vousen

3322 4314 2488 59 voyer touts mes eschantillions puis que len ay bre partie bien de
