6126 4434
1974 57 583 138 26 July 1708

559 77 802 157 Seeds Thomas Pease

749 160 2197 167 hebbe u op 12 courant laigo geschreven ende geremitteert

771 325 2240 118 brius van 15 d sos op henrij funese in london van ste £90-

763 363 2234 165 dat ue p desen confirmeren verhoepende ue gromt gal

774 504 2217 138 sijn terhant gecoemen bj faute ingesloten den seconde

774 585 2346 175 brief nu hebbe eerst becoemen ue aengenaemen van 26 pact

752 718 2301 136 het is ander mael wel dat ue voor mijne commissie het poe

763 812 2310 133 digh sal besorgen ende goede precautie nemen om goet sorde

763 907 2332 159 mint te senden ue antwoort alleen den mijnen van 25, hebbe ul

777 1016 2310 132 op 14 d. oock gep als ck largo met mijnen voorgaenden van 12 court hebbe

766 1138 2328 64 te hennengegeven ul en maeckt geen mentie dat ul. beter soorte en van beter

755 1161 2328 114 breede geierfde laeckens sal senden dat mij verwondert want gelyck u. hebbe

768 1228 2282 119 geschreven ten sij dat die van beter qualitijdt sijn als de geene die nu hebbe

739 1311 2258 116 ontfangen soo en begere poitief niet te hebben oock de gecierfde carseyen

761 1400 2346 92 want soude die voordk reken moeten laeten tot m. gover no ik en can

758 1462 2325 89 st ampelder oft duydelycker schrijven daerom gelieft ul messures naer

771 1523 2334 102 advehant te nemen en ist laecken dat het deselfde soorte is die N nt

749 1620 2344 101 gereedt heeft niet aft te schepen want ick en sich geen occasie van die nu

690 1649 2401 133 hier hebbe te connen debiteren om de slechte qualitijt ende de smalte gelieeft

748 1763 2349 87 oock te letten dat ider pack laeckens en eder pack van de gevergde carsegen

766 1813 2352 104 met twee advij witte carsegen worden opgepachten de soeges loften dat men

766 1881 2303 80 aen het geverft goedt niet en can sien oft aen commen omdat de geveerde

748 1946 2279 113 wederen en hollandt niet mogen passeren ul. assureert mij altijdts dat de

740 2021 2312 104 goederen soo goet coop wesen als ul mijn ordres sende ende naer dat uen

742 2102 2343 88 elsde goederen dan hebbe ontfangen ende dat reden vende van daer over te

766 2175 2334 82 claeghen, dan repliceert l datie danten tijde dierder in prijs waeren het

749 2219 2355 99 eerste paexke carseyen dat ul. mij gesonden heeft van 20 p was goede soorten

760 2296 2349 96 mack het laeste niet tot . governo de dosijnen hebbe noch meest alle en

746 2352 2361 96 ick en can op de goederen die ul. mij gesonden heeft niets avaneeren maer

756 2440 2340 85 moet die tot schaede vercoopen ick en hebbe geene dosens nochte andere

756 2509 2348 88 goederen noodigh buyten de gevertde laeckens en carseyen die ul. geordoneer

739 2563 2361 77 hebbe ick sluyte en vertruwe dat ul. mij dan wel en goeden coop engevolge

738 2634 2367 91 belooften ik dese occasie sal bedienen dat dan te gemoet sien en soo Blijve

550 2690 1041 158 Mechelen wed. betram

2100 2696 572 161 Adij 27 d

771 2833 2198 174 tot antwoort op ue van gisteeren. ick hebbe ue imers

713 2969 2296 126 den prijs voort alderminste 42p geschreven. ue moet my

724 3036 2316 192 gelooven en can die niet mindergeven want die soorte

697 3142 2305 191 en hebbe noeyt minder als 45 a 48 s vercoght en wille

737 3261 2283 210 dit mij doen ter considerate dat ue het gheel paxke coopt

721 3370 2159 204 ick en sal den intrest vant copitael daer niet op

738 3498 534 138 wanceeren

568 3608 1129 166 Mechelen de wed. Betram

2481 3625 395 153 adj 28 d

771 3748 2365 141 ick sien bij ul aengenaeme van gisteren dat ul. niet meer en gelieft te geven

755 3848 2376 95 voor het paexke geperste laeckens n3 ick moete patientie hebben ul. moet

768 3902 2370 101 voorsecker en geassureert wesen dat d paescke geperste laeckens sijn ende dat die

754 3988 2352 74 yo: duer op vercoope de soorte die men ul. laet voor 36 a 4 st maerdonnert

761 4033 2349 91 die ick ul. insgelycke presentere te leveren en d van die sorte shael

774 4112 2361 83 boucken te senden ingen alle hetagh gelieft dh dk. son gelieft indaghtigh

764 4174 2370 94 te weden dat de stael boecken die uk mij weder gesonden haeft fierte hebbe

759 4234 2318 86 gepresenteert tot 42 doch dat aen hem hebbe cont gesteken stort pac

721 4298 2373 77 n 8 en gevraeght 45 stuyvers en niet tegenstaende aen u nu

3366 20 2367 91 wille laeten voor 43 miett valbe als elyt aeh de ssecken ieten condt

3372 107 2352 67 sien soo sien wel dat het te verheefs s al het gene dat ul in sinceriteedt

3341 130 2434 84 die n aen gaende schrijve ick soudederven het jansch pack verwedden dat u.

3326 179 2443 96 die quale tijdt van nogmandt in Antwerpen sult coopen tot den piys als ul

3337 248 2397 80 dat hebbe gepresenteert ick segghe  by waerhejdt dat soo oest det pack

3362 308 2343 64 geperite Laeckens als de spaensche die ul. hebbe gesonden door gaens een

3359 362 2418 75 schelinck meer vercoope pr a ende dat dit niet uyt ander reden gedaen

3360 391 2373 82 hebbe als om ul. calaindisse te mogen hebben en aen volte thoone n et g

3364 458 2428 70 sij niemand soo goeden coop condt bodient worden en als alle dese redenen

3357 474 2379 109 en de preuevet die s nu gehadt heebt ende spaensche laeckens  noch

3366 545 2355 85 geen safisfactie en connen geven wegens mijne senceritijdt met de

3358 549 2404 148 welcke igh vlaintrest soecke soo moete pattentie hebben ick hebbe oock

4215 644 1545 67 essen ter bayen colchester bagen carseyen van

3368 636 836 103 schoon sortiment vand

3365 716 2437 89 stanstiel en Abram Riley andere gemene Bayen van alderhande gewachten

3363 760 876 129 ick bben in alle occasien

3587 824 68 84 d

3178 836 1121 188 Leuven Adriaen Everaerts

5053 861 573 166 adij 28 Julii 1703

3365 979 2381 156 become heden ul aengenaeme van 26 deser met den staelboeck vande gevertde

3361 1076 2425 99 laeckens wederom siende dat ul daer van present geen noodigh heeft can echter

3370 1141 2428 61 p. occasie te passe comen den bode wyns heeft mij comen segghen dat ul staelen

3348 1177 2441 117 soude senden van spaeniche sachens naer dat in jnen briefal wach was

3348 1251 2416 99 doch ick en coste het met doen alsoo mijn staelboecken ujt waeren ick

3348 1334 2395 70 hebbe al. soo dich maels staelen gesonden en echter noydt eten ul connen

3363 1348 2404 102 ver coopen niet tegenstaende om ul. te thoonen dat alles wilte doen wat

3348 1439 2428 92 mij en de werelt mogelijck is om ul. calandise te mogen hebben soo sende

3354 1472 2422 99 ul ingesloten stael boecken van de nieuwste mode coleuren spaensche

3342 1536 2456 108 Laeckkens van alle prjssen soo schoone sortiment als ul sien can met de prijsee

3341 1619 2435 93 daer by genoteert verhopende dat ul nu ten minsten iedts sal aenitaert

3334 1687 2407 40 bidde mij de staelen soo haest mogelijck weder te senden want hebbe die

3353 1696 2444 110 dae gelijckx in mijn packhuys noodigh hebbe oock de schoonte geperste

3354 1801 2431 64 van allle colenven  die men inde werelt vinden can oock carseeyen

3349 1850 2440 71 de alderbeste van Abram Riley en stanstield deventer en colchester bagen

3363 1901 2443 87 van alle pripsen oock bayen  alle gewwichten en alle goederen in abondantie

3342 1952 2401 92 tot  dienst u moet sehe wesen dat ul niemand beter coopen can

3331 2004 992 128 dienen als dck die Beuve

3194 2082 1191 195 Brussel francois vanden recke

5071 2159 737 177 Adij pm Augusti 1703

3362 2220 2427 221 ick hebbe beyde ul. aengenaeme van 23 meij en 30 pasto wel ontfangen. met ul

3340 2358 2451 202 laesten een briefken op twee a drij daeghen sicht op le S. Pietro Broly van

3349 2436 2431 191 tweehoudert guldens wisselgelde waer voor het noodigh sal besorgen en ul. in

3349 2494 2433 219 reken crediteren de nieuwe goederen sijn van oner veerthier daegen

3354 2598 2445 178 geariveert en hebbe present inde 10 gesloten packen in huys soe ditert

3359 2679 2431 176 van alles goet sortiment genoech sal vinden ingenalle ul. gelieft nier te

3349 2746 2389 186 comen soo van carseyen gemeyne en oock van de alder beste soorten als

3332 2817 2415 162 Abram Hilley en stanstie d tagen van alle gewichten oock colchester

3351 2901 2444 205 tayen endcienter spaensche nieuwe mode coleure laeckens t superfijne

3351 2973 2448 189 ende gemeijne van alle prissen oock geperste en noortsche voorts alder

3349 3057 2463 180 hande goederen. ul. magh seeker wesen dat ul. niemandt beter coop en

3342 3146 1921 135 sal bedienen dan ick die naer groetene blijve

3188 3175 678 165 Lier Henneus torfs

4701 3222 653 152 Adj 8 ditto

3327 3304 2436 178 hebbe de ue van gisteren wel ontfangen met een acceptatie

3349 3445 2384 120 van Aot de wed. gois van ƒ278 cour. gelde die mij de selve heeft

3337 3501 2468 171 befaelt ditto ƒ 268 cour. sijn ƒ 238:13½ wisselgelde. ick moeth hebben

3327 3597 2440 168 voor ue acceptatie van 20 februam  200 wisselg. die ue hier

3324 3712 2370 130 ingesloten met quittantet wedersende soo dat aen s van

3300 3841 2460 115 de emys maer ƒ 38:13½ en hebbe coptien betaelen en ue abus

3342 3910 2361 147 heeft van te betaelen ƒ 40 —  op 26 Augusii valt noch een

3338 4034 2413 125 van ƒ200 en op 26 sber een van ƒ 300 die oock in handen

3323 4155 2279 95 hebbe als ue overcoemt sal ue ten uytersten wel en

3355 4216 1484 153 goeden doop dienen ete blijve
