6225 4452
2294 64 275 119 11 sber

645 81 929 169 Londen &vinus de dorpere

834 89 2347 180 hebbe ue 14 past geschreven ende versocht te trecke in amsterdam de be

846 202 2203 143 taelen 1 £200 op unes in gvalle ue tot  33:6 conde te rechte come

831 284 2330 174 en alsoo nu sedert differente maelen van cost sijn gearriveert et geen

835 381 2295 128 antwoort van ue become soo dencke sulckx niet en is geschiet in welcke

831 470 2327 139 gevalle oock maer op mij in antwerpen te betaelen cont trecken met het

838 559 2283 138 gene ue p st van des bourse te goet comt soo als ue p mijnen baeste

818 656 2289 137 van 5 hebbe versocht te doen hot sij op sicht oft doshel uso soo alue

832 709 2306 133 tot mijne meeste advantogie oordeele en conde doen want mets ue ne

821 788 2308 172 soo lange indes bourse is soo sal ue positest n remitteren door

862 875 2302 161 dien geene coorte brieve te become wesen en dotbal es  aner

821 963 2272 145 als N 3:9 mits maer eenen trecker is en van hollant re sene

830 1058 2169 201 geene brieven tot avantagie conen op gesocht woorden den

837 1164 2291 150 cours in binco op amsterdam is 2 persente avance voorrez

831 1248 2320 144 treckes doorde menighveeldige penninge daer daer noodagh mese

847 1315 2284 189 voor de graener vrase sulckx sal blije contioueeren want de

819 1432 2195 156 graene daegelijckx noch in prijs augementeren  ende dat

797 1514 2312 141 lemtroillieert de cours van wissel op alle quartiren met het

810 1611 2281 161 aenstaende winter faisoen en sal voorders geene goedere meer

821 1674 2239 181 noodigh hebbe ten waere een partie colchefter bayen soo als ue

814 1765 2136 150 hebbe geschhreven ue van herte groetende soo blijve in uste

2249 1886 483 115 11 sber 1708

653 1870 982 160 Lalletax Thomas martin

809 1928 2324 174 Je ie doute pas ou le meinne du 5 du court vs sera bien parve pas

819 2013 2246 105 a la quelle jp one refere en cas que la condition vs agrie sur quil pied

799 2091 2224 91 ie vs ay ordonne d'eschepter £100 p de carisces de N 36 a 3 et en

801 2152 2294 119 tanu2 ballots aussij 2 baltot, chacque de 80 p de bayes & 48 a

806 2229 2320 132 50 vs le pouvois faire et m'envoyer p le premder convoy de rolser

805 2302 2201 140 dam aussij encor un ballot de finaes baye de  36 a  38 langie

810 2389 2335 148 de famuel lord de to p je seray attendant au premiarg vre repone

823 2484 2325 150 p me gouvener a l'advenant autrement je perderois temps p don

814 2539 2228 128 ner cetteoma commission a mes amis ordinaire con jay besoeng de

806 2631 1262 136 cette assortement au plus ves je suis

642 2654 2503 230 MIck en twiffele niet oft mijnen van 5 deser sal ue wel sijn ter hant ge

775 2772 2284 129 comen aen den welcke ick mij gedraege ingevalle ue met de conditie

818 2854 2365 129 te wedenis die ue met den selve hebbe voor gedraegen ende daer op geordon

813 2930 2362 126 neert in te coopen 1oo p van de olderbeste carseyen van  36 a 33 te pack

803 3010 2302 143 in 2 packe ider 50 oock 2 packe joa bayer van  48 a   met

796 3103 2274 120 minder van ider pack to P soo can ue sulckx int werck legge en

810 3180 2324 128 eerste affectueeren en met tot hulsck convoij voor rotterdam afflaeden

819 3292 2330 87 en daet noch bij doen een pack van 40 p super fijne bayen van 6 36

818 3358 2317 100 a  38 van Jamuel lord ick ben afferachtende met den eersten ue

809 3416 2355 118 woort om diens volgens mijne mesieter te nemen andersints soude ik

812 3538 2299 94 verlieden om dese mijne compissie am pijn ordenaire vrinden te dende

835 3573 2124 125 wat ick dat sordiment op eerste noodigh hebbe blijve als vooren

2231 3660 481 148 12  s6er

648 3651 843 174 Leeds Thomas ges pease

807 3713 2374 166 Ingesloten remises  £100 op Chevallus fumise waer voor gelieve het nn

806 3840 2368 128 digh te besorge in m te crediteren ben verwonder geene van ue aengenaem

807 3907 2312 105 en hebbe become ue doet geet qualijck mij soo een vacl te bedenen hebbe

793 3969 2390 105 j n leven noyt geen slechter sorte van carseyen gesien als die int waeter

798 4071 2384 98 ken soo sijn die sien a8 gerden lanck ick en can ue gesonde goederen

803 4160 2274 114 blijve voors gegaen onter couvert van jouffannt de weduwe

822 4255 551 115 Broeckmans

3243 69 776 141 Leeds Janes Ibbeton

4840 80 705 127 12 gber 1709

3382 160 2433 147 ue aengenue me van 17 grassato hebbewel ontfange het gart heer soo

3375 246 2477 104 ellendighs dat van ue gesordene pake ch et een en hebbe ont poc

3391 336 2464 103 in dat de meeste bage packe van vroilden jaer noch gesloten sdae

3389 446 2399 93 weert op voorsechert dat ick meer geelt aen den intrest toegeven

3405 515 2436 108 als iet op de goederen can winnen en dat ick maer alleen sock

3388 589 2469 133 de negotie te ordertouwen en soo wy niet th te doen alsongonoe

3365 642 2475 207 geljck is want men soude naer met dese tjden einenen in

3389 762 2394 130 gesloten remises van 0 op ste valur famese bl

3390 827 2301 186 voor geleeve tet noodigh te besorgenen mij te crediteren

3395 996 247 139 blijve

4888 995 553 151 15 sber 1703

3279 1046 927 178 Brussel vanden Block

3385 1034 2420 243 en hebbe noyt d'heere gehadt ue te schrijven oft het gelaet van

3380 1174 2449 155 comen kennisse te maecken dat echter geene doen soude ende

3373 1248 2469 166 tot dien eynde neme de libertjt ue eens mijns denst te presentere

3379 1322 2483 207 mits het winter jacsoen aen comt soo en twijfele niet oft ue sa

3384 1425 2421 177 al eens over comen en een sortimentie noodigh hebbe had is

3370 1505 2406 184 mu sal veel daer over te schrijven ick versoecke maer soo

3359 1608 2496 171 veel goetheyt te hebbe eens naer te comen ende sal ue oo

3377 1704 2469 176 ment van alle goederen laeten sien dat diergelijcke inslante

3373 1797 2382 162 niet te becomen is oock soo goeden coop bedienen al ue by

3373 1901 2492 145 ie mons inde werelt soude connen bedient woorden waer op moght

3372 2012 1020 145 staet maecken en dat ben

3384 2054 1797 153 woone int hiddoonp recht over de posterye

4836 2175 506 143 1j sber 1709

3281 2131 735 182 Brussel C Segers

3368 2204 2386 178 en twijfele niet oft jouffas ue beminde met haer geselschap 2s

3354 2308 2458 162 heden vertroeken en sal achtervolgens voor desen minen breet

3375 2405 2458 156 geluckeghlijck sijn gearriveert de 6 bayen daer haer aleen hebbe

3376 2476 2462 148 connen parseaderen bij mij te coopen hebbe gisteren p beurtsan

3361 2563 2465 155 af gesonden in een poxke gemerckt ES ende bedraegende als an

3355 2691 2479 122 den voit deser hadde geerne gehadt ue bemende eenige startre

3350 2721 2495 161 swaere sijne bayen tot een gpreev hadde mede laeten packe hebbe

3349 2866 2461 106 die tot ƒ 13:10 minder dande & plaeten en ben seeker die sijnder

3360 2917 2368 135 en beter wesen uls die ue bij andere gecocht heeft oock dat ick

3330 2930 2527 182 schoonden sortiment van alle goederen by mij hebbe als mantwere

3340 3057 2514 150 pen te becomen is ick doen alle wat ick can en even wel enwile

3324 3152 2454 119 het niet lucken het beste goet moet even wel naer proportie

3350 3171 2504 176 costen jouf: ue beminde heeft mij gesst ue rap port te doen en dat ue

3338 3277 2427 168 haest noch eens sal over comen middelertijt icks van uue dienst

3344 3360 2483 156 voor valende en gelieft maer te commanderen sal asie soe

3347 3453 2496 142 op aso0 te trecke doch present is een ider verlegen ende en

3336 3544 2444 134 can men niet ten nicht en comen het gelt dat ue mj ter huyt

3320 3613 2491 191 hadde gestelt om volnarinckx te betaelen hebbe aen soal ue

3327 3691 2436 198 bemnde behandight alsoo met hem niet en hebbe connen ten

3347 3832 1944 120 rechte comen ick groe ue van herte en blijve

4796 3895 511 140 5 sber 1703

3255 3909 1276 148 Brussel Pico las vander borcht

3344 3947 2496 159 Ick hebbe ue aengenaeme van 13 court wel ontfange doch en heb

3329 4053 2499 110 te mijn leven niet meer gescepreneert gewest als wederom clachte

3328 4179 2487 65 te vernemen daer ick ue als eern lijck man en misener

3358 4217 2483 122 tijt van alle mijn bester packe en goederen gerieft hebbe da

3333 4302 2433 91 oock beter ioop als iemant anders tot den dagh van heden
