6225 4452
886 92 2353 109 voorgaende weeke den beurtman op bergen op soom binnen gaet

881 132 2285 198 sijn wegh genoemen wat oncosten dat sulckx can menaereren

874 222 2296 194 oft een alleen oft alle du te saemen vertrecken en can niet

889 302 2293 229 luytrenden wat aen gaet dat ue de lenghde der goederen wel

899 441 2307 164 can redveeren ende dat ue die soo can aengeven datter tie

868 485 2228 188 swaerighet can wesen dat can ick oock wel doen men

859 596 2370 227 sulckxen is mijn intentie niet ick laete dat aen ue contuite

867 709 2256 169 om te sien wie my het beste bedient want I chuanes die

859 826 2370 160 de comisten inspannen en vallen maer op luyden buyres

863 977 2228 142 sants en die daer present wesen comen hien daer voor

858 1057 2339 156 behoeden ick ben aengaende die affairen oock wat se

873 1136 2271 215 formert ende daer passeert al wel dat de comesen niet

868 1262 2330 137 muycken oock dat ickk acostij hadde connen present weer

874 1369 2344 184 als de voorgaende affairent sijn voor gevalen ick verseckere

893 1435 2339 219 uewel dat die op een andere maniere soude syn el geloopen

839 1569 2361 156 de intentie van de regeringe en is niet de coopleyden te

871 1694 2346 171 patibileeren maer ter contratie. de fauliteren en tot gael

861 1789 2358 149 woor ons swaer genoch dat wij op van andere moeten oen be

869 1880 2264 198 dienen daer wij dacituatie engelegentheyt van de nature

863 2025 2232 155 hebbe om ean ander met te moeten moegelijck vallen

874 2162 2237 138 ue groetende soo blijve ue afwachtenghe vange pas seerde

2271 2225 368 132 25 sber

718 2242 1137 144 Brussel de wedetue vanderborcht

876 2290 2368 166 ick hebbe ue aengenaeme van gisteren wel ontfange ende diens volgen

873 2428 2308 122 soo hebbe heden op sicht op ue getrocken de geordonnende rijf

867 2500 2351 140 hondert guldens wisselgelde aen d' ordre Jou de wed Broeckmans

875 2600 2305 127 die versoecke conformt gelieft te verheeren ben ue vanserte

870 2694 2327 138 danckbaer voor soo goede betoelirge en verscetere  wat dat

885 2778 2314 146 van ue dinst magh voortallen dat ick ue altijts too trous en

884 2872 2351 153 eerelijck sal dienen als ue van imant in de werelt soude conse

889 2977 2326 137 rouhaitteeren hebbe wederom een versche gartge sijne san

878 3076 2350 167 van alle gewechte gecregen oock super fijne soo stacke dar

877 3176 2366 192 teyen dat ue in lange jaenen diergelijcke niet gesien o heet

892 3305 2337 140 oock 2 a 3 packe superfijne on mindere one uw mode couleur

881 3412 2357 158 paens ote laeckens vooarts hebbe deventer bayen en sijne flancl

887 3499 2322 153 engedieperde nevens teperste laeckens en alle goederen in

885 3547 2354 180 abondantie hot ue dinste ick en twiefele nier oft ue sal noch

883 3666 2360 168 eenigh provisie os voorden winter noodigh hebben ick rece

863 3778 2298 187 mandere my in ue goedegenegentheept in naercordiaele

858 3830 2377 277 groetenisse soo blijve neven aenghetvel ue famellu voord

871 4020 299 216 altijts

4784 83 408 131 25 sber

3272 77 799 187 Brussel A dewittes

3391 116 2394 252 Ick hebbe ue aengenaeme van 23 deser wel ontfange het is

3391 232 2431 202 my lief te sien dat de goederen ue wel sijn terhant gecomen

3409 316 2452 215 ick ben seeker dat ue daer by contentement en goede avan

3392 405 2470 199 tahe sal vinden soo daenigh dat wij te saemen meerdeer

3429 500 2410 226 suilen handelen want weest verseekert dat ue emart

3403 601 2412 218 in de were beter coopen can oft en sal bedienen

3414 722 2383 222 waer aen niet en sal manckeren in alle occasien

3408 847 2415 153 ue het selfde te bethoonen hebbe het abus inde ge

3405 946 2332 150 sondene facture gereflacteert soo dit die bedraight

3385 1060 2473 166 ƒ 880:15 ¼ ue sent mij daer voor 2 briefkens een op 6 en

3395 1146 2443 175 aen op 8 maerden ider van 480 waer in ue mede abas

3383 1296 2484 117 heeft moetende maer ider sijn van ƒ440 daer en is niet

3402 1356 2470 176 aenselegen sal daer onder de ƒ440 noteren inde plake

3424 1455 2350 178 van ƒ480 wat aenjaet de carmosyne flanelle ue

3373 1584 2400 152 nant in de wetelt en can die minder can 24 stide

3379 1707 2472 139 jasier fijne doen verven want de verve beswaert te veel

3394 1786 2470 165 alsor u die wel doet doorverven oock poetende fla

3395 1896 2399 142 alte mael daer toe yt gesocht wesen op datter geen

3375 1991 2487 190 banden men sijn anders soo vallen die met strepen hebbe

3380 2112 2490 175 sedert mijn colchester bayen gecregen gelieft ue oock een

3388 2229 2481 190 ge geverfde oft eenigh ander sortiment van goederen

3398 2320 2467 174 bayen oft carsegen versoecke mij maer altijts te commande

3400 2449 2423 124 ren sal ue soo wel dienen al oft ue hier present waere

3397 2536 2415 154 versoecke het selfde aen mons haegere ende de vrinder

3387 2597 1159 171 te seggen ende dat ick ben

3279 2671 865 222 halle N. van den berge

4750 2710 404 176 26 sbe

3387 2813 2457 160 ue aengenaemen van 13 en 22 deser hebbe wel ontfange het goet dat

3391 2876 2480 192 ae my ordorneet sal ue het gene gereet is tegens wondagh toecomende

3391 2965 2426 172 eenst met het beurtschep afserden om dat men seght dat de legers dese

3397 3047 2469 166 recke naer de garnisoenen sullen trecken ende dattor dun minde erij

3380 3119 2480 159 onder wegen voorde vollers ende de tartyen sal wiser was voo intentie te

3383 3176 2480 179 te doeren maer hebbe goet gevonden te wachten om alle voor vallende perijckel

3403 3243 2458 216 te ontgaen immens ick doen is alles voor ue ses ra al oft het mijney

3378 3336 2499 179 gen waere wat aer gaet een frisaert op pelblaysel te doer verve ick wenste

3387 3429 2479 167 wel dat ue mij seleefde een staeltier te sende en wegens het stael nj t

3383 3509 2491 155 geloove dat dat maer brensche rege in moet sijn voor cap osten voor

3375 3591 2466 155 soldaeten oock den dobbelen rooden bay dat ue daer medegeliefs te

3394 3657 2379 172 vraege die soorte van neneston gelick ue noch hebbe gesonden

3389 3727 2437 115 van de 2 stacken die sor aubeminde hier heeft uytgesocht sijn

3379 3818 2498 174 mendere soorte eede die synroct averst ende ge haet ik verhoope

3395 3890 2429 202 dat i ue beminde even wel noch al eens sal overcomen ick

3378 3999 2457 209 poete ue beyde van herte ende ue famillie gelycke ovek mijn huys

3405 4084 972 185 vrouwas doende ende blijve
