6264 4467
865 82 2048 157 soo sal intrest hebben en drij schepen te weten in

869 176 2168 116 Aederd Hell. Suis parker en John hariwood doch dat en

855 244 2286 146 cun precies niet meeden dat salve ant lossen moeten

855 343 2302 192 ondervinden. de mercken moeten wesen. I.M. ve en gelieeft

869 447 2296 189 het mij dan maer te adverteren mijne vrienden tot london

844 536 2191 212 sijn seer geabuseert int aflaeden by provisie in suis

862 642 2315 225 parker 10 22 N°5 ende in aedere helloft in John Herwood p

857 735 2309 203 N°7 waer van hier onder notitie tot de declaratie. soo ul

838 853 2325 198 noch eenige verdere packen van dat merck cont ont de cken

852 973 2314 216 op ue advies salcito den in hout te adviseren gelieft eens

860 1062 2214 194 te melden wat occasie costij is om opt beste moogelijck de

832 1169 1618 184 packen te versenden en soo Blijve

1129 1288 1089 218 4 met 25 colchester bayen

908 1302 396 166 a14 N°5

2240 1313 953 216 saemen 26 p onder de ƒ140:-

1510 1412 688 130 1 cotton vrapper

909 1637 1132 220 M N7 met 26 witte bayen

1427 1703 1768 215 10 witte flanellen  saemen 37 p onder de ƒ110:-

1447 1859 634 137 1 cotten vrapp

2390 2130 587 192 25 mey 1709

634 2094 779 251 Lussen de onder

821 2254 2121 190 de ue van gisteeren otfangen en achter volgens soo

822 2358 2296 205 hebbe ue desen morgen met de vroegh waegens gesonden

831 2509 2323 173 een buyn blouw quaerien N184 ƒ 23 ½ a 31¼ a ƒ 2:5 ƒ30:6¼

832 2595 2222 175 wisselgude in alles dat ue den noodigh hebben en

824 2715 2244 200 versoeke maer mij altijdts te commandeeren, en ick sal e

834 2862 2143 183 prompt en goeden coop bedienen. ick hadde al

823 2961 2290 189 antwoort verwaght over het bruyn spaens sacken daer

829 3080 2331 183 supvrouw ue huysvrouwee een staeltien van heeft mede

808 3213 2347 222 gedraegen. sij heeft mij oock beloeft met mons ue soon

833 3358 2334 145 eens naer te coemen. seyt verseekert dat ue in hollandt

837 3453 2301 163 soo geen sortiment en sult vinden want hebbe present

826 3573 2148 158 too schoone partje van alderhande goederen by

830 3680 2272 163 malhanderen als noch mijn leven gehadt hebbe

848 3810 1881 206 tot ue dienste. ick groete ue en blijve

2351 3952 563 187 ady 25 d

641 3950 863 207 Mons Hauchain

835 4071 2302 203 i'ay bien receu la chere vre du 20 du court auce vre lettre de

851 4219 2246 133 change a trois jours de veux sur le S. Jean Benthuys. a

845 4320 2121 78 hand de deux tkents vingt sent florens it pattars de

3412 0 2337 198 rnse et

3394 176 2446 144 mon devoir il rat ½ pets de perte et encor n'at il point d'occaas

3411 231 2460 159 pour de si pettittes lettres ie vous envoyee ay incluse on extrait

3396 373 2401 141 de nre compte courant p. ou il fautt necessairement gue

3393 440 2397 155 N.4 sabuse ie m'estonne que iq ne m'a rien ordonné depuis

3396 518 2468 170 si long temps ie veu bien croire que la debite ne va point

3387 628 2391 186 comme du passe cependant dans re boutuque il manque

3394 735 2437 145 de temps en temps quelque chose. soyez persuade que parsonne

3404 837 2388 173 au monde ne vous servira pas a mellieur marche que moy

3383 940 2497 208 i'ay pour le present assortiment de toutte sorte de marchan

3384 1064 2497 185 dises tant d'Angleterre que de nre fabrieque drap s 3600-

3369 1157 2404 148 noirs  bleu et escarlats dhollande. aussiy   de dammes

3371 1298 2438 133 superfins et communs dun 11  a a vre service. ie livre

3376 1351 2491 209 pour le present beaucoup de draps d'Angleterre couleur a la

3361 1457 2513 219 mode de bas prix de 36, 42, a 48 pattars a  sa vre 4. oma

3372 1602 2457 146 besoing ou de quelque aultre chose ie vous prie me commant

3383 1682 1671 186 der et croire que ie suis veritablement

3257 1808 819 189 Leuven Buys

4862 1821 727 187 ady 27 mey 1709

3383 1960 2392 181 Ick hebbe ue aengenaeme van 22 court wel ontfacg en geerne gesien

3380 2049 2445 158 ue het half swert drap de damme met den rooden baij wel was geworden

3356 2163 2506 128 doch het compt mij wonder voor dat ue gelieft te segghen bedroogen te

3363 2237 2438 173 sijn sulcx en hebbe mijn leven noydt gedaen nochte pretendere

3350 2390 2457 133 aen niemandt te doen. hebbe het drap de damme ende den baey selfo

3350 2458 2481 182 op een gerolt doch wel geconditioneert en geverft genonden doch is het

3364 2580 2466 113 merschien omdat ue een faute in het drapdedamme gesien heef ende

3355 2680 2475 165 dat ue van meyninge is dat het het verseert stuck soude wes en omdat

3349 2795 2348 168 ue mij seyde dat met de fauten niet te begeeren ue gelieft te

3353 2857 2439 166 weeten dat genonden hebbe dat in beyde de stucken in ider een

3360 2990 2483 167 faute is ende dat ue het selfde hebbe gesondene dat ue heeeft veyt gecosten

3339 3077 2485 169 en voore  faute rabattere ick ul ve moet seecker wesen dat ue

3349 3207 2466 149 ent landt tot soo eenen prijs sulcke goet niet en sal vinden dander

3362 3350 2453 111 quaertien dat ue niet gelieften heeft hebbe hier en stadt tot ƒ12

3343 3399 2410 202 p a vercoght soo dat ue laete considereren oft ick veniersin

3330 3508 2388 174 sin ceritijdt en als eenen vriendt bediene. oock alser iets is dat

3329 3661 2512 124 naer ve contentement niet en valt gelieft mij dat altijdts maere

3344 3755 2469 115 weder te senden den baey heeft mij seer goet gedocht te wesen voor

3336 3835 2457 193 sijn geldt want is a 60 lanck en redelijck dick al oft het een

3330 3956 2431 144 baey wan  48 was. ick en can niet meer segghen als dat ick

3347 4065 2444 189 pretendere ue in alles wel goeden coop en met sinceritijdt te

3344 4198 2445 147 bedienen en alser iets van ul dienst voorgalt gelieft mij

3336 4291 2304 100 maer te schrijven sal het expres doen gereedt maecken
