6046 4407
765 41 2354 124 tot den selven prijs sijn in ghecocht, maer weghens de colchester

753 110 2344 108 bayen het malheer is niet aen boort maet door ul. packers -

771 188 2361 130 faute by comen door dien de vrappers niet ghecrencht en sijn

751 260 2366 136 sende de bayen daer te midden intgne packt alle verduft dede

763 326 2284 147 soo benorden in presentie van luyden die daer insghelijck

766 431 2316 117 attestatie onderr eede sullen van passeren ick ben paraet

774 508 2335 140 vl de Ballance te remitteren doch moete dien aen gaende

747 587 2382 148 satisfactie hebben alsoo het meer dan in reden bestaet hebben

739 643 2354 179 de cottons daer ul van hebbe gheschreven de maete in hun

745 747 2335 151 selven ghehadt soo hebbe die verlooren want op de looden

757 826 2221 132 en standt gheen ardere lengede als op de facture wat

749 907 2314 142 aenghet het pack  note met 30 flanelis ul. en brenght

738 979 2400 155 niet anders in recken. als 1607 g a ƒ1:2: grooten ende ick hebbe

740 1053 2297 155 alsoo conform   de de helft van het pack op een

734 1114 1698 190 Timpeles provisie overghelaeten Blijve

551 1218 1005 237 London John Cong

2296 1286 627 192 Adj 15 xber 1707

747 1390 2351 206 Ben verwondert te sien bj ul aenghenaeme van 21 past dat ul

758 1529 2294 119 mij is sendende staelen lacturen en conossement van twee

765 1616 2355 115 packen met roode en blouwe cloths ick ben ul verobligeert

753 1645 2363 152 voor ul. obligatie en gheneghen tijdt en vinde mu ghenoodt

756 1747 2369 146 =saeckt isk die hier inghesloten wederom tesenden op dat

748 1840 2396 165 ul gheen preiuditie daer bij saude connen lyden ende daer van

727 1890 2417 195 blandere vrienden occasie soecken want en hebbe present

723 2028 2406 118 gheene soorte van manufacturen noodigh de occasie bj mij

728 2095 2380 133 voor vallende sande dan de libertijdt ghebruycken e al

746 2196 2387 146 voorens daer toe mijn ordres senden ick groete uk en blijve

984 2264 200 104 m

538 2267 1335 207 RRrotterd Jacques Reyers

2442 2340 655 172 Adij 15 Ditto 1707

775 2462 2371 135 beyde ul aenghenaeme van 18 past en 13 court hebbe wel ontfangen

763 2543 2271 128 bjul laesten sien dat wederom eenighe hulsche schepen

760 2625 2381 163 costij salvo waeren onder anderen no 28 met Thomas Burell

752 2740 2409 147 ende dat ne 29en 30 in George wood house noch achter waeren

743 2787 2169 143 die verhope mede sal wesen ghearineert voor nu

745 2907 2396 159 inghesloten de notitie van declaratie voor dese drij pack

758 2972 2366 158 doch ick wenste wel dat ul die coste doen lossen en bijek

763 3064 2399 184 voor eenighen tijdt ophouden op conditie van het tenelieu

741 3170 2406 135 van trans ito te connenghen ieten alsoo dien aengelende

739 3233 2400 188 eerst gherne antwoort hadde van mr bbetson van wie die

751 3300 2409 188 sijn afghelaeden hebbe hem daer over largo gheschreven

731 3440 2394 157 dat in gheualle die goederen van de qualitijdt sijn ghelijck

751 3529 2267 140 van hem cortelinckx hebbe ontfanghen dat de selve

755 3639 2400 126 voor sijn recken. sullen Blijven het is al een gheruwjn

742 3718 2406 175 tijdt gheleden en echter gheen antwoort becomen soo dat

769 3776 2342 192 die packen niet gherneerewaers en soecke voor aleen

757 3885 2346 144 ny malchanderen dien aengaende verstaen on alle

745 3947 2316 171 disputee te cuiteren ghelieft de ingheleyde voor

747 4060 2177 203 enghelandt voorts ganck te doen ghenen en

751 4189 2079 160 af wachtende uk. antwoort soo blijve

3370 60 2325 142 no 28 met 27 witte bayen ieder a 65  weert ƒ 500:-

3470 134 2275 104 no 29 met 27 ditto- ieder a65-- weert £„420:-

3481 222 2179 126 n°. 30 met 34½ ditto .. ieder 65- weert -- „600:-

3162 278 1103 199 Brussel den heere hulft

4813 279 787 202 Adij 14 xber 1767

3363 415 2481 224 hebbe heden onder wegh geweest naer brussel om mij andermaer

3357 529 2408 179 aen ue Edmog te presenteeren, ende de laeke onter toinen

3380 662 2265 177 te recommandeeren in het vertrouwen op ue dmoge

3358 742 1887 168 conste ende genegenthent alreede genooten

3339 838 2351 174 het malheur is voorgevallen door het renverseeren van

3380 964 2387 144 de chaise dat met een cleyn ongemack ben genootsaeckt

3371 1057 2410 195 weder te keeren en met dese wejnige bij ue mog ingressie

3373 1187 2298 165 te versoeken voor Dhr de Bie ende van laer mede

3378 1271 2335 178 dienende etelmoeniers in hoepe aen ue ed. moge niet

3361 1377 2225 172 on aengenaem sullen voorcoemen om van gemelde

3237 1450 2459 156 saeke aen ue ed moge vordere kennisse te geven ende

3364 1566 1095 182 protentie te versloehen

3372 1646 2430 199 het is om de groote conscquentie voor het publieg ende

3261 1749 2506 202 welvaeren van den cfrmen die van soo lange tijden

3351 1893 2395 144 sonder last oft oft der stadt door perticuliere met

3360 1984 2284 184 hunnen persoon iver arbeyt ende capitael altoor is

3380 2070 2341 210 gemartineert ende den wegh van vrijdom daer vann

3371 2205 2083 135 op engestelt wesende soude moeten deeliveeren

3383 2297 2319 178 dit alles wersche ende bidde bij ue ed. mogs magh in

3385 2416 2245 159 consideratie coemen ende bij alle de keeren onser

3377 2531 2360 157 regeeringe en slugte met offer mijns oit moediger dienst

3391 2636 1206 157 en blijve met respect te

3181 2734 1049 202 Leeds Coames Ibbetson

4913 2810 825 178 Adj 22 Ditto 1707

3395 2890 2447 182 ick hebbe ul differente reysen gheschreven over de drie packen

3399 3024 2439 106 bayen & n° 28 129.30 en noet teghenstaende datter gheen posten

3387 3088 2460 126 p resent van enghelandt ons en manckeren sooen hebbe echter

3365 3174 2504 134 van ul gheen advies oft antwoort op de mijne dien aengaende

3349 3243 2500 107 dat mij dervremt voor comt daer sijn eenighe schepen van

3370 3319 2450 133 hult godt lof inde maese wel gheariveert in waer made

3381 3395 2367 141 een pack d'andere twee moeten sijn achter ghebleven

3365 3480 2447 116 want en verneme daer niets van het eene hebbe gheorde

3349 3553 2459 138 neert aen te gienen aen Th Jacques meyers aen me v

3372 3650 2469 102 vriendt de conossementen heeft toe ghesonden en bohem op

3372 3706 2444 133 te handen tot dat van u antwoort sal hebben tecomen

3375 3775 2459 154 uk en moet niet qualijck afnemen dat op die voedt oor

3379 3882 2377 108 gaen want ick en hebbe mijn lenen gheen slechter

3337 3965 2501 136 goederen ghesien als nu een jaer continuel hebbe ontf

3287 4067 2542 121 langhen onder andere oock twee packen car laten

3268 4111 2574 167 die van ul. heer laest over sijnde hebbe oner ghenom

3337 4257 2339 88 =en en niet en can ecoopen daerom is het
