6225 4452
905 14 2008 158 o dee d reven bnste eat n alse n hen

876 127 2323 172 hebbe eenige t int waerer vesteecken ende doen krimpen

866 230 2347 176 soo dat nu verhandel en maniere hebbe ondervonden he

848 355 2350 136 is niet genoech dat men op soo eene maniere ijne

881 400 2325 192 vrienden bedient ende ick pretendere hier over satisfactie

869 511 2328 203 want dat en is geen leverbaer goet veel men beterel oorte

860 647 2341 182 soo als ue hebbe geordoneert te senden onse correspon

870 746 2320 141 dentue saemen sal haest op soo een manier ten ejnde

867 839 2274 154 wesen ende ick en verwordere mij nu niet dat veell

861 1003 2208 157 vrienden indese quartieren vave claeghen ick

877 1086 2261 150 verwaghte hier over ue antwoort vant ingenable

869 1192 2145 152 ue gelieft sal ul attestatie van dit mijn schrijven

839 1313 1590 171 door de berejders en andere toesenden

694 1440 2329 195 Rotterd John vanderheyden ady 6 Juniu 1709

875 1584 2228 151 ue aengenaeme 30t pr3en 7 pasto. sijn mijt sijnen tijde wel

878 1670 2282 218 geworden achter volgens oock de twee packen N n°13 en 14 daer

878 1786 2319 218 bij vermelt met de oncostreken die hebbe naergenen, doch

863 1905 2203 177 wederom inde weerde daer by abus genonden. ue te

859 2026 2219 196 weert ƒ 1900:- ende en moet maer wesen 1600 soo dat ue

852 2129 2350 176 alleen hebbe gecrediteert ƒ 88:10- vande voorgaende reken

1538 2232 106 73 £

866 2226 2187 169 op de dre packen 11n°8:9.10 daer ue van de erreuren

869 2389 2329 136 hebbe aen gewesen en heeft ue mij noeydt verders mentie

859 2460 2294 208 gemaeckt hebbe ue alleen daer voor gecrediteert ƒ 122:10 -

858 2582 2251 192 ingevolge mijne gesondene notitie soo dat ue debet ben te

877 2709 2320 138 saemen ƒ 211:6 mits de schaedelycke wissel soo en remitere

874 2806 2316 175 ve niet dencke niet ue daer op aen cost en verwachte

885 2899 2100 200 p eersten wederom met het hulsck convoyeenige

867 3016 2335 153 spacken versoeckende mij ten arrivemente daer van

855 3117 1671 221 gelieft advies te geven en soo Blijve

2363 3223 652 209 adj1 d.

723 3234 1526 245 Leyden Jacobus Le Beuff

784 3391 2400 236 ve aengenaeme van 26 meert en 9 April laest sijn my

874 3571 2248 133 wel geworden oock het paxke IM n°5 waervan aenstans -

889 3668 2316 146 het laecken n°3170 in genolge ue ordre aensr. Joseph vander

857 3773 2274 151 Borght op Brussel is versonden nu becomme de ve van

871 3886 2326 118 4 cour tot antwoort daer is noch niets van ue goederen

879 3999 2233 130 sedert vercoght sal  oncost rekeninghe als oock een

887 4129 2319 151 quote rekenicour van vercoop tot dato heden p naeston

870 4211 2140 140 ue toes enden met notitie wat van ue goederen

883 4286 2248 112 noch onder mij hebbe den tijdt manckeert mij anders

3406 0 2409 189 en de ia heaer heve sellene de ple seorie moveroy

3396 158 2363 115 =baer om het brieyn cou leer dat ue van den eertten instant

3397 239 2421 103 hebbe ges oock 10 het soo difficiel met de carmosine om de

3394 309 2439 149 varierndt van de couleuren dat als men 20 p. bj malkanderen

3403 442 2202 136 heeft men nauwelscket de goustie der menschen can

3393 556 2471 122 voldoen. het debiet is seer slecht ende daer bij andere

3389 659 2347 129 sat den het afmet lasspen om te accomoderen het

3400 703 2451 198 gene mijne gewoonte niet en is oock worden de princip

3371 826 2452 141 taelen en dinckeliers van Brussel en Antwerpen van

3392 911 2458 185 costie advoitur voorsien ende doen bradeert resens d'ander

3386 1035 2366 150 soo dat het niet wonder is datter weyn ich passeert ick

3381 1133 2464 180 doen genoechsaeme devoiren ende ten sio niets veyt profeijt

3363 1253 2461 200 maer om mijne calanten van alderhande sortiment te

3368 1365 2464 152 connen gerieven die present den intrest vansijn caspitael

3375 1460 2347 169 monse negotie wilt considereren de magh daer

3364 1600 2498 158 scheyden o want ick magh ue segghen dat tytstaende

3370 1680 2434 168 schalden hebbe al over de twee jaeren geleden ende dat

3369 1795 2443 165 aen luyden die goet wesen en voor desen altijdts contant

3388 1936 2427 120 betaelt hebben daer sijnder van alle canten te veel die

3367 2053 2335 152 sick met de negotie bemoeeten ende daer toe is het

3377 2152 2479 145 de biet te clejn het gene oorsaecke is veele tot schaede

3380 2236 2384 158 vercoopen om contant geldt te hebben ende een ander

3369 2351 2384 149 moet het sijn uytstaen en derven gelieft ue van ue

3390 2439 2261 191 goederen te disponeren sal altoos ue ordre volgen

3379 2565 2428 183 leyningho ont hout sich al hier hebbe mij daer naer

3369 2667 2481 219 geinformeert en men secht den selven te sjn veracorder

3358 2777 2471 169 met sijne crediteeren voor 15 pet. hebbe ins geljckt in

3361 2936 2459 145 lange van den Boedel van Buck niets vernoemen hoe

3367 3042 2440 132 het dh vanden Berghen daer mede schreckt te stellen

3369 3165 2475 176 sal morgen occasie soecken om ue inclose met de voerluyen

3367 3224 2479 162 op herentals voorts ganck te geven en naer mintheme

3375 3336 1918 155 groetensse soo Bljse in alle occasien

3244 3419 1257 204 mid delburgh Roekens en Boost

4848 3477 737 200 Ady 7 Junii 1709

3360 3590 2195 139 tot antwoort op ue van 4 deser. ingeslooten het

3349 3675 2364 213 connossement aen ue ordre geindorseert. doch op hollandt

3339 3822 2458 148 en ostende en sende die noeyt. de schippers en macken daer

3351 3895 2363 189 over geen diffscult eijdt reffecteere ue notitie wegens de

3353 4011 2357 134 oncosten die sijn tot rotterdam op den selven voer

3353 4130 2474 161 doch uys genomen tholl dat vrj considerabel is op soo vier

3343 4272 2450 111 packen £1:10:6 het is faciel dat u costy gein soerghet is
