6133 4461
798 99 2390 129 en ont ea r voir les e vostres que iatt dois dmellieur

773 159 2408 136 et it ils estoinnt si estonne si bien que moy que re

780 240 2201 194 ne scavois que dire ils ne les ont voulu vou o

777 350 2321 183 achepter a mil prin car elles sont in comparable

772 476 2396 137 moindres que les aultres dont ie vous parle il me

724 567 2373 216 fault croire que vous ne vousy connoisses pas

757 643 2384 217 quant vous m'envoyez telle sorte & ne vous foult

795 793 2354 192 pas vous imaginer que ie surs difficil oy que ie

793 953 2364 144 ven faire d facont par la chose est comme

765 1051 2366 168 1'ayt l' honneur de vous marquer. ie veu bien

746 1167 2396 143 faire compissence et vous preferes aun aultres

762 1253 2309 184 mais auparavant il fault que y trouve mon

771 1388 2408 116 compt auttrement vous meme ne me lepouriez

748 1471 2357 220 Itat consieles. mr John firth me marque que

726 1627 2461 150 les ballots N4 ett5 sont charge dans le vaisseau

754 1727 2357 134 de sonas an Bagwell ie voudrois bien quils

777 1840 2367 173 fervient chez vous car ie ne seayie que j'en seray

750 1938 2424 188 de mavre puis que ie m. magine que ie sera

763 2084 2304 179 en cor de la mesine sorte comme i'ay desia

761 2172 2441 221 receu. il n'est pas necessaire comme ie  may

719 2279 2438 181 que ie vous parle de c'asseurence car cest sur

719 2413 2470 221 ce pied que ie vous ay ordonne la partie que y

752 2514 2439 195 in doibt respondre et en avos soing en attendant

758 2657 1812 187 l'honneur de vre responce ie fut

576 2717 741 212 Ghendt Je Baut

2079 2778 983 194 Adij 25 gber 1709

754 2849 2331 229 becoeme ue aengenaeme van gisteren waer biy

754 2991 2431 232 sien ue de noteert lass voor brieven op london 34:1

743 3128 2441 166 soude becoemen dat vrij wat differeert aen mijn ordre

753 3248 2400 156 van 233:8 a10. ten daeghe als ick hebbe geschreven

763 3362 2319 183 conde selfs hier tot ƒ33:9 de recht coemen maer

758 3427 2382 193 heden is alhier gedaen tot ƒ34:2 weete niet wat de

762 3576 2383 128 reden van dese subise veranderinge can weesen

758 3710 2431 128 dan alleen uyt speu tatie dat veele geldt remitteeren

784 3823 2405 175 tot employe voor de lotterge die men in Engelandt

751 3948 2227 154 seght te wesen. evenwel recommandeere ue

784 4062 2389 161 in gevalle sich eenige brieven acosty van securiteydt

740 4163 2456 159 presenteeren want hebbe ste £3 a 400 noodigh en bide

740 4240 2197 140 mijn advantagie waer te nemen echter boven

3357 97 2469 200 34 a ƒ334:1 niet. sal ue prompt eistren en

3351 202 1333 186 naer tg goetenisse blijve

4716 296 404 122 26 dber

3289 310 693 201 haet 3s Jn fison

3380 337 2482 268 jespere p le bon retour de mad vre campagnue et mons son

3357 487 2504 206 bols cassy q la marchandise vs serat heureusement parvence

3363 564 2526 186 awant cette la mienne depuis son depart mad le verqve

3379 651 2456 186 de pret m'a compte pr vre compte p ordre du lieut nant

3372 778 2478 162 de m bulon ensuite a ma quittance luy donne 172 escue

3344 849 2485 215 faiscent de change £68:16 ayez la bonte dexminer la mar

3350 940 2385 206 chandise q jayteue le bonheur de vs vendre cevoyage

3347 1038 2454 225 etvoyez s'il vre q en rouvain parille vs assurant

3348 1128 2458 245 que jauraij un doing particuleur pr vs servir a le jest

3345 1228 2507 240 prix en touttes occasions quin autres ne le pourra ix

3349 1335 2501 199 aussy sil vs plaist oa commander aux occasions q pou

3354 1443 2519 189 rece avoir besoing de quelque chose et q ne servez pas dent

3354 1533 2248 209 tion de faire pr cela le voyage je vs salue et suis

4788 1647 533 143 26 gberi703

3248 1664 927 179 sournay si mon donnet

3368 1707 2423 181 ja ne dit pas ou la marchandise  iay tus l'honneur

3305 1801 2549 153 de vendre a madi vre compage pr les premeere fois vs sera

3331 1879 2572 163 bien parvence en son temps aussj 91 en saa content

3344 1981 2515 167 de la qualité et prix et que suitte p pourray es peray d'un

3328 2079 2510 199 ben commencement pr continer n'amsemble vs assurant que

3355 2168 2527 189 je me passe tousjours d'un si peu de profit et q jayt entelle

3317 2254 2552 208 soing pr servir mes amis q personne au monde ps peisfaire

3360 2369 2524 140 ceps quoy aux occasions quil vs puis manquer le moindre assod

3348 2454 2516 168 tement mandez le moy hardiment et serez si bien servic sa

3326 2557 2517 174 si just prix comd si serecy icy present jay beaucoup de chaland

3343 2661 2472 179 qui ne me vienhent presque janais voir et a qui j'envoye et

3342 2759 2485 194 fait pre parer tout ce quil ont besoing madi vre compagne

3344 2864 2528 145 a veu mon magazin et quil ne me manque pas de marchandise

3350 2931 2549 136 nne correspondance doit revenir peu a peu caril y a beaucouge

3276 3018 2584 208 de manuffactiure d'angleterre qui sont inconcce dans vrs quar

3347 3105 2444 162 ture cependant quert cela commencera aestre demande et

3336 3204 2508 154 conmue je ne doutte pas ou vre ville et autres en tireront beau

3349 3302 2501 161 couss cur il i s a pas un pays au monde ou lon peu fabrique a

3333 3393 2534 170 bon marché quen angleterre come le draps de 2 la ges de

3338 3498 2523 173 toutte sorte de couleures de 36 pattars 42:45:48 jusques a ƒ2:1½

3349 3588 2501 217 qualite superieus de ƒ 3 ƒ 3:6 et ƒ 3:12 ƒ 3:18 a 15 et sins de V16

3350 3692 2475 155 N18. N20 et N22 ½ pr @ ¼ larqes draps tients bleu noir rouge

3350 3814 2530 125 et verds pr de livrie de £ 2:8 a ƒ 2:14 cansces blanchee et tientes

3335 3911 2523 138 frisce come de rastinnes bayes de trutte qualité bayes deventer com

3345 3954 2527 144 mines et finnes flanelles de 3 e larges flanelle a double blange

3349 4040 2517 101 et tientes et sunerfinne  a faire ca misole draps de nre fabrige

3333 4141 2532 95 3600 noir et bleu et draps de damme je feray en touttes occasion

3373 4212 2478 94 tous mon possible pr pou vois reussir a avoir lhonneur de vvre

3365 4263 2150 132 chalandise sur quoy pouvez fane sond et que je suis
