6046 4407
723 40 2321 105 de  becomen als van costij te ordonneren ie

727 127 2384 88 recomandere dan  ten vtersten int rest waer te nemen

719 158 2168 113 en alles opt naunsste te menageren en wenschende het

714 223 2360 146 gheluck nieunjaer blijve en afuaentinghe van mad

679 306 1067 128 voorders is papserende

486 414 1462 199 Leeds William et S. Coothson

2507 445 595 186 Adij 11 Junnary 1705

733 580 2372 157 i'ay bien reccu la vre du 3 du passé p. la quelle ie vous que vous

736 677 2152 110 faittez obstaele touchant que ie vous ay fait remisse de

717 768 2394 126 188 £110:9:7 p solde de compte a cause qu'il y resteroit £17:14:-

711 826 2384 136 de traix particuliers ie vous ay en voyze notice de nre compte

731 906 2385 136 ps ou ie vous paye iusques au dernier denier hormis ce fraix en

707 984 2376 131 connderation du dommnage que ie souffre aus Ballots vous

723 1089 2363 121 connue aultre l'aualie que mon fuis a Rotterd a payee

725 1166 2319 121 non obstant que ie vous ay fait bon et payee l'asseurence

724 1232 2293 103 enfiere pour moin ie voudrois bien poux s £150:- que ie

727 1300 2362 157 n'aurois bamais veu nieu les premiers draps et toutes les

724 1403 2363 117 carisees et bayes, il va bien que vous avez trouvez la faute

711 1470 2196 133 que ie vous ay donne a connoistre touchant les bayes

714 1556 2356 111 carisees mais ie suis mary que cest trop tard a mon eegard

704 1653 2359 97 et  q'un aultre en profite ie veu bien croire quel touttes

711 1741 2281 110 les manifactures sont albas prix et principalement les

697 1805 2338 123 draps il nous fault avoin patience ie n'enay pas besoing

704 1878 2325 152 de tout car il ny a pas de debite et ie me troutve chage

710 1980 2191 149 de la plus arande partie encor des Ballots que m'avez

698 2043 2388 144 envoyez dont ie n'en peu vendre qu'a pelute ce quit est vre

713 2186 2375 83 peu our dieu vieulle nous donner plus de bon heur dans cette

709 2237 2385 116 nouvelle annee que ie vous souhaitte heureuse et ie me dit

508 2375 1132 188 AaLop Gonatham Scott

2376 2425 635 146 Adij 11 d. 1708

733 2547 2378 137 ick vande differente van ul. Brieven te beantworden waer

725 2653 2341 107 bl ul. my ist aen moedende tot ul. manufacturen van cottons

700 2724 2243 110 om dat present in soo laeghen prijs wes in ick moete ul. tot

706 2789 2309 121 antwoordt segghen dat hier gheen de minste de biet en is ia

717 2876 2372 112 selfs soo voor dat men die voor i d'oncosten alleen coste hier

732 2956 2247 112 crigghen datter selfs noch gheen advance saude aen te doen

703 3044 2404 120 soeken want sijn de goederen goeden coop die woorden hier naer

718 3115 2382 114 proportie tot goeden coop ghedebiteert sonder advance ia dat

727 3208 2338 93 hergher is door de groote abondantie en het weynagh vertier

719 3275 2394 97 soe sijnder die om verlegentheydt van penninghen de selve tot

723 3313 2388 148 merekelijcke schaede voor contant gheldt vercoopen ende dat

715 3396 2397 132 oordeele ingheualle iets noodigh hadde dat met m yn contant

717 3528 2379 111 gheldt tot beete r advantagie hier saude connen incoopen

699 3583 2391 115 als die van costij te ordonneren daerom didde ul en belast

706 3661 2385 124 mij niet met poorten van Brieven in gheualle occasie voor

664 3755 2424 128 e valt sal ull van selfs ordonneren en schrijven ick wensche

707 3839 2307 111 ok. het begonst neee wijaer in veel heyl en prosperitijdt

713 3898 849 140 en soo Blijgel

479 4000 804 183 London John youh

2314 4030 695 169 Adij 11 ditto 1708

720 4178 2219 134 des en alleen om ul. te versoecken van den boven te willen

727 4284 2382 81 translatteren int Enghels en aen ul. vriendt mr. Jonathan Scort

3347 30 2442 148 poedigh toe te senden ul sal mij en hem verotageren die belijve

3137 99 1354 208 London Scaven en Stockdale

5124 157 672 157 Adj 16 Januarn11708

3347 236 2409 153 ie ne doubre pas ou la derniere du 26 du passe vous sera par revice

3372 370 2429 108 en son temps avec vre not ce de mon ordre et quelques eschantillions

3349 397 2372 115 et g'ensuitte vous aurez bon soing pour satissfairte a mon des ir

3363 455 2359 142 tant pour les couleures et la calite, ie m'iprefere et ne le peu

3348 533 2391 132 recomander d'avantage car iespere que j'ay m'explicgnes assez

3351 597 2441 125 et que vous aurez compriz mon ententiyn ie me fre done tout

3343 668 2476 123 en vous et ie seray attendant et bie n'avre d'apprendre ce quit

3361 778 2410 103 sera passez astent ie me trouve honnore de la chere vre du 19

3365 817 2445 121 du passez pourn responce a la mienne du 22  r. la quetle me

3354 861 2454 151 mur quel que vous serez attendant mon ordre etteschantilloin

3369 937 2410 141 ce quii l'est fait come cy dessuz mentioneé la plus part de la

3359 1003 2435 140 partie Dribt estre de ƒ6:6 ie nen veut pas de ƒ57. pour ceux

3354 1103 2398 116 de ƒ 8:- 9 a 10 pas beaucoup de 11 ie ne nivent pas non plus

3355 1129 2347 168 et de 12 a 18 et 14 ƒ toust au plus sier a sept Piesces cependant

3363 1204 2461 186 si vous troufez de si vifves et belles touleures que nous n'aurion

3370 1298 2348 127 pas encoreus ne veut est que ce seroit quelqueschose de rare

3349 1395 2429 122 i'en voudrois bien avoir fait un Ballotentier de douce

3368 1476 2437 111 pour an assortiment mais prennez bien esgard prinzipase

3338 1546 2453 121 lment dans les draps fins que ne m'en voyez pas des cousleurez

3362 1621 2435 115 ex travagants i'espere qu'il s aura bien tost son aultre convoy

3775 1650 156 67 vm

3363 1696 2432 98 p Rottere, carse ne veu plus avoir charge p. ostende

3366 1721 2313 175 auvez la Bonte de ne charger q'un ballot dans chaque

3380 1834 2432 134 r aisseaux car ie courreray sle risque moy mes me poury. q oue

3340 1904 2253 153 ne en attendant ce quil sera passez he meditt

3179 1974 1260 185 London £iuinus De Torpere

5155 2064 615 166 Adj 23 D. 1708

3360 2118 2439 187 ul. aenghenaeme van 6 court hebbe wel ontfanghen met de twee

3375 2231 2320 151 conossementen van a noten 2 daer bu vermelt afghescheept

4742 2295 118 68 ndch

3368 2302 2414 156 Rotterd weghens de convon en hebbe niets verkomen vij hebben

3364 2339 2416 187 doy daeghen volghende eenen swaeren stormghe hadt vijt den suydt

3354 2430 2437 178 westen ick hope dat het aen de schepen gheen malleur sal hebben

3366 2485 2392 201 toeghebracht dat den heere ghelieve te verienen ende de selve sal ue

3367 2591 2404 142 te brenghen wat aen gald de twee paexkens n°.1 vinde dat seer slecht

3353 2665 2458 157 gheasooteert want het alle bruyne en onder coleuren wesen ider paxken

3345 2734 2462 155 moet immers voor een sortementie van alles ghemaeckt worden ne 2

3214 2807 2546 140 teen sijn gheen niewe fte rare mode coleuren en daer bj niet met

3345 2879 2459 132 elan menguelinghe ghelijck men present vraeght echter sal die met

3345 2912 2471 177 Godts guatie afwachten om aen het stuck tesken ende de qualitijdt en prijs

3346 2994 2462 182 te considereren nevens die van andre vrienden remittere ul. in gies

3351 3068 2464 186 =loten als hier achter waer voor ghelieft het noodigh te besoughen

3363 3117 560 111 en soo Blijve

3347 3188 1899 180 van 13 xber vsos op Claude fonnereaut  £100:-

3349 3274 2039 140 van 16 ditto 505 op henris ffurnesse „ 120: -:-

4717 3441 661 117 5 ƒ 220:-:-

3157 3503 1161 181 Ath nicolas francois Le Lievre

5219 3550 578 144 Adij 28 d. 1708

3351 3647 2366 171 vous avez eu la bonte pr. lettre a mon pere de m'honnorer de vre ordre

3345 3769 2429 129 pour quelque P. de carisees que ie vous ay envoyce dans son Ballot

3349 3869 2476 109 ne doubtant en ellez  vous seront bien parvenue et a vre contene

3310 3895 2508 176 =tement pr. la mort de mon beau Pere ie n'ay pas en le loisir de vou

3337 4023 2371 106 vous en pouvoir plust ost envoyer la facture que voicy incluse

3345 4061 2338 144 portant de change ƒ108:- vous priant de m'en crediter vous me

3342 4162 2469 137 donnez bien s la chere vre que i'espere d'avoir vre commission

3337 4245 2345 104 pour d'auantage vous asseurant aile parsonne  au monde
