6225 4452
826 64 2302 142 soo als ue versoecht sal ue in alles wiel

820 143 1442 224 bedienen en bljve in haeste

2173 206 830 232 Adij 7 br 17171

623 276 616 211 Leuven P.uys

848 360 2152 213 ue aengenaeme van princo deser hebbe wel ontfangen

835 478 2337 213 achter volgens oock ƒ120 wisselgelde van den boede Jansens

858 595 2272 197 op rekene ingevolge quittantie hem medegegeven op ue

849 714 2360 186 versoeck soo hebbe ue p selven boede gesonden 1 fijn blouw

829 832 2293 178 carsey en 2 deventer bayen van differente prijsen op dat

828 933 2314 174 ue sortiment soude hebben en een ider connen geneven

825 1018 2343 227 die syn seer schoon en goeden coop en verhoepe ue

842 1176 2204 160 wel sullen sijn ter handt gecoemen hier onder heeft

832 1260 2164 208 ue het factuerten bedraegende in wisselgelde ƒ 114 wat

824 1349 2386 215 aengaet den rooden gefiseerden baij hebbe goetgewonden

822 1539 2199 163 ue daer eerst over te schrijven om te weeten wat

807 1607 2233 168 voor een soorte ende prijs ue daer oft daer ontrent

804 1711 2242 227 gelieft want daer is al te groot verschil in de bayen

836 1816 2228 223 ende en soude niet geerne ue iett senden dat naer ue

820 1953 2147 216 goustie niets en soude uyt vallen sal ue antwoort

773 2047 2336 215 verwaghten ende den selven ue dan met den boede

811 2161 2321 176 de naeste rijsen toesenden oock in gevalle ue eenige

809 2260 2354 243 gemeyne witte baykens noodigh hadde voor hintt doecken

820 2387 2312 182 die op ƒ 24: ƒ 25 aƒ 20 het stuck maer en coemen

823 2515 2260 195 oft eenige sehoope geverfde oft wite carseyen oft

814 2609 2334 178 ander sortiment dat van ue dienst magh voorvallen

815 2753 2323 144 weest verseekert dat ick ue in alle occasien wel en

832 2827 2367 185 trouwelijck sal bedienen en soo blijve afwaghtende

623 2991 2480 182 Leijden de wed. Peeter le poetre en soon Ady 7 xber

844 3060 2246 197 wij syn hier in verlangen om te vernemen wat resoluie

797 3193 2412 175 de crediteuren a costy hebben getrocken op het vertoogh

837 3305 2353 195 ende rapport dat ue ede aen hun heeft gedaen wegens den

836 3460 2363 118 tegenwoordigen staet van den boedel van Buck. mons.

788 3540 2412 188 zogens is alhier van ghendt gereverteert en onder andere

817 3645 2394 202 seght en confirmeert dat op de geloste panden uyt den

810 3759 2232 203 bBergh geene schaede posttief en soude sijn gevallen

846 3864 2360 153 maer ter contrarre avance waer op differente crediteure

822 3969 2360 175 alhier proponeeren dat het niet ongeraetsaem soude

827 4084 2385 158 wesen dat de resteerende panden bij de geintresseerde

821 4185 2246 208 voor hun eygen rekene wierden gelost ende datter

3403 89 2409 142 tot dien eynde veele hun presenteeren als gesaement lijck

3393 194 2388 180 de crediteuren daer in londen willen toestaen ende die

3399 297 2364 191 van costij willen ude lossen. daer en sijn boven de 83

3397 410 2292 211 panden geene ende de hooghtte en beloopen boven

3385 520 2373 193 de £s00 niet veele van ƒ 1600 en oock sijnder van

3407 649 2255 173 ƒ 5800:- als men hier toe soude willen inclineeren

3396 775 2320 177 soo soude het een middel wesen om den boedel

3379 891 2394 239 opt spoedighste te connen eyndighen en met cleyne

3393 1029 2150 208 moeijte want door de menighte der crediteuren

3379 1147 2363 205 soo en soude het voor ider noch geenen eenen

3387 1263 2342 219 spant wesen daergelaeten die niet capabel sjn

3375 1390 2409 208 op hun versoeck en hebbe niet ongeraeden gevonden

3409 1520 2264 166 het selfde aen ue ed. te communneeren opdat

3391 1665 2251 132 het sentiment van de geintresseerde van hollandt

3365 1749 2388 168 ons dienaengaende magh henbaer gemaeckt worden

3383 1862 2276 167 oock wat andere middelen middellerteydt a costy

3389 2005 2230 181 geproponeert wesen, want vermits alhier alle

5838 2104 79 131 d

3377 2097 2233 170 loogelijcke devoiren worden aengewent soo ist

3376 2266 2322 151 noossaekelijck dat men de laeke gesaementlijck

3375 2367 2388 125 behertighen om tot een goet eynde te connen brenghen

3406 2454 2399 199 verwaghtende deere van ue antwoort soo blijve

3288 2574 1071 198 Rotterdam Jacques Meyers

4624 2595 969 240 Adij 7 8ber 176891

3348 2710 2371 228 hebbe mama versoght ad voorleden post kennisse te

3346 2893 2508 143 geven van het geligghen van mijn huysvrouw ent vermeerden

3296 2942 2436 185 van de familie door een jonge doghter alsoo in dat geval

3343 3058 2348 204 dinteydt niet hadde selfs te connen doen. de moeder

3350 3154 2450 207 en cleyntie syn naer staet in gewenste gesontheyt en doet

3351 3285 2480 160 ue nevens nichte seer hertelijck groeten. hebbe vernoemen

3339 3383 2287 193 dat de londons vloete gearriveert is dogh datter

3355 3533 2457 161 al veele rampen soude syn aen de selve overgecoemen

3334 3608 2369 219 hebbe in een scheie te weeten John Blanland

3345 3746 2494 138 intrest die godst danck behouden is van drj paxkens

3341 3877 2472 184 MN18:19. 20 inhoudende en van weerde als aen den

3350 3969 2237 199 voet deser. gelieft de selve te doen expedieeren

3342 4124 2351 171 en mij transit oor toe te senden. de wijn daer ue ed

3349 4205 2434 165 over hebbe geschreven voor mij ende mania ende die ue
