8501 4636
2707 198 660 150 Antw: 18 Juliy 1682

857 229 914 173 Londen m. Henry Colliur

1063 309 2378 209 mij last tr you wason the 8 furtt. sence rad. yd of 29 past, which bringhs

1081 456 2335 129 mee the welcome news of yds sase arrivall, for which grd be thancked

1063 522 2363 163 hope you found all things to yd content & that yd absonce dath don you

1091 634 2299 190 no preiudice att some though I feare gave lettle content die

1094 726 2337 215 week I shall make up a pack of tyken & send you for a sayall ordvise

1087 832 2345 221 you the needfeill of them as for the cateernes of Tf. the old ma

1089 984 2344 149 Gath don what hecould undersand to sell the 2 place, which

1100 1058 2333 174 could not offect, so de found good to putt them to asablicq sale

1085 1171 2345 185 att the faidages markett, where they have been true exposed and

1074 1321 2354 146 Deaser day tihe past then att night, & as yett not one senl would

1087 1395 2314 192 peefter pre farthing for itt, so that he doth much disparee good

1104 1497 2330 194 sneces in which pray epereise yd patience as wel aom other troutes

1115 1624 1929 190 for ruly I doubt you will never recouver any thing there

2927 1728 335 158 a 18 d.

902 1750 1081 187 London mr Joseph Sabbarton

1061 1844 2370 198 In answa boyd of 2th suitt from newporte m. millar sach not paye

1117 1962 2299 152 as yett one farthing of the bill, and is vere in pertinent well knowing

1121 2077 2300 178 that because of the serme or vrcantre wee can not dissurbe din

1120 2209 2263 147 es now wee endeavour to do, other wise, I doubt soe will dilay

1115 2284 2270 156 it bill the fermes end, In the meane while ett seems te payes

1101 2430 2067 158 all other bills, so that I hope you will not look as last

1116 2534 2284 162 I have antwer from m. Southell Butt mr. Broeckmans Baveing

1098 2620 2330 175 ficured that for nu self before, my advise came to lase for all

1102 2720 2324 137 was ransported so m. vanden Cnnyie upon acctt of sayd Boam

1113 2821 2323 152 which is all m Clay told mee see would wiate yu this post

932 2961 1230 243 EAon m. Thomas Esta BBoote

2816 2988 349 202 @@ 18d

1152 3136 2258 228 nanswer toyss of 21th past I do exspect the bale

1137 3277 2298 216 L1 n.1 with 12 white perpetianeos which have rovided

1130 3399 2306 181 a shipped for my acctt. aboard John Ewinghs, I lopethey

1123 3522 2208 180 shall give contint  rcuidgmint to morder more

1132 3619 2292 241 n tnmy you please to dispose of the vale, either on

1143 3748 2272 204 mee dixcettly or on m. George Cole att london, & yd bill

1131 3865 1148 224 shale finde due compliyance

5970 227 121 82 289

3511 202 685 218 ondon m. Jenge Cole

5208 240 766 199 & 18 July 1682

3653 335 2409 180 at last, & with much endeavarr goet in the rest of what was

3630 492 2445 125 standing out spow acct of the estate of JV. de seased, which now

3611 572 2399 174 I'll remitt you next week 2 gad. beeng glad I eseaped so well

3635 670 2436 132 withent any bad debts. m domas estabrooke of on dach provided

3637 774 2439 180 for mee for £41.1.11 t goods which I desired Im to draw on mee

3645 894 2388 146 or on you, so my desine is, if se should irpose of said volen

3616 963 2444 193 for my accct. so accept itt, & to draw itt on mee & Ill seo yo

3609 1075 1218 163 bill la tisfied with yd, charger

3521 1201 683 131 mon poos michiel de valliego

4400 1203 930 129 Antwepen desen 20 July 1682

3644 1282 2433 142 den uwen van 14 deser ontfangen desen tot advis van 4 vorsonden van den dobbel pachette

3652 1371 2412 178 van ul gdadd vossdert per bode gabviel capace daer mode te volgen d'oodr van monsr

3652 1431 817 139 antyour vosseau van brussel
