8542 4608
2306 214 898 109 Antwerpen 19 gb 1681

802 211 861 137 Brussel Govert vorvers

1019 321 2325 94 mons. met verwonderinge gelesen denul van gisteren het packbayen moet

1026 373 2300 101 in mecken gesortert sijn als hier onderstaet waer in ul sal bevenden

1031 406 2301 135 20van deswaerste soorte & 12 vandeminsse van deswaerste verkoop

1032 499 2264 117 nu hier dagelijke a ƒ36: d'ander ƒ29 a 30: ock ten waersaeke dat

1034 544 2247 164 se die prijse hier niet conde gelden & soude daer op geen proffijt

1019 617 2322 144 doen want versekerende ul dat het pack aenul gesonden sonder winte

1042 682 2289 139 is geleveert oversulx moet ul mij excuseeren soo de selve illprit

1028 763 2276 130 aentaen want daerby geen profifts sal bedienen tot de gestelde

1028 869 2204 100 prijsen & ul soude met mijn schade niet beholpen wesen

1034 935 2283 121 sal kanel die bayen doen op packen in een pack gelijk die geereest

1034 992 2283 108 hebbe & aen mij die terugge senden, want tj sijn p2:p stuck beter

1040 1065 2194 132 in mijn packhuys als aen ul hebbegelaten tegen met rede u

1020 1129 2274 110 magh sege dat wel 80stux van de selve sorteringhe sedert hier

1029 1215 2291 114 hebbe vercocht hebbende die aen ul vercocht om te anmeeren

1045 1273 2252 101 tot andere pertije soo stelle dit in oldistretie die te hehouuden

1025 1329 2289 100 oft weder te senden, want aende genoteerde prijsen niet can rabater

1018 1392 2299 152 jae het sleglste stuck datter in is behoorde meerde te gelden t geene

1033 1464 2254 152 soo ul gelieft te consideeren, soo salt ondervinden nden oncost

1021 1511 2280 178 tot mij ul een kan het pack tot ƒ4: geen22 p p. bayen meten

1019 1587 2308 150 ick laetse leveren & vercoopen al die wille maer ben wel versalen

998 1658 2205 153 dat se soo goede coop niet connen geven alsoo in alle occasie

1048 1698 2272 155 daer in ul kan dienen doen het geene voor een ander nmet donla

2565 1779 759 144 Antwerpen 20 ga 1681

830 1826 946 120 Brussel Antonie Rosseau

1042 1868 2222 120 mons. Ensuite, de hevre du 19 courant je ne manqueray pas d'avoir

1043 1930 2244 106 touts soing pour vre parquetts comme Ils serieut mes propores j'ay

1044 2000 2190 129 reccu, les parquetts contenent & hetits et demain je vray voir

1041 2081 2261 128 pour les l'autre que vous meditte d'envoyer sesoir pour les depescherer

1063 2156 2228 123 ensemble, csel a nieuporte a mons vallego pour suves vre ordres

1049 2272 2195 77 entrs temp quand sealiriez lhonneur de vous vour genedourt pas

1058 2282 2144 138 a vous donner tous les satibfartions que vous pourrie desidere

1062 2383 511 93 geuis que ie suis

1062 2337 2162 199 sijt nijsagher port demain et un honne forthoueff a 20 gb 1681

806 2453 755 157 Brussel Jouff. peteers

1056 2476 2215 239 Eouff in antwoort aenden ul van gisteren segge dat ul broeder antonie

1059 2566 2204 197 noch hier is ick en can niet painteeren wat hij hier soo lanck doet

1058 2651 2210 158 als gelt verteeren ul soude wel doen hem te comen besoeke ende met

1056 2712 2223 175 goederaet hem tot vervage van sijn afferen brengen waht mij dunckt

1054 2779 2201 172 hij hier niet te doen heeft doch dat is p avonture maer mijn openie

1043 2825 2271 185 alsoo ick van sijn sroverre niet ben geinformeert waer in ul landrse

1065 2902 2235 185 doen en sal van mijndevoir niet manquere midts nae grot i

2777 2994 243 115 21 d

794 3064 865 106 menport mmchel vallego

1065 3029 2233 172 mons op i7 hebbe aen ul gesonden 2 paxkens MSS N819 heden vertrekt

1050 3088 2290 224 p bode guill van erden bergh 2 packens met op serijft aen ul den bestaende

1070 3171 2264 194 van 4 cleyne & dander van drij daermede te volgen dordre van mons rooseatt

1068 3243 2246 181 van brussel item alnoch een gemerct IB:N.6 om met eerst occasie

1035 3308 2250 205 te senden aen mons Eomand warner tot londen betalen port 5 s

1054 3387 1941 168 vanden ontfanckverneme geirne ul adviis & nae groet

2432 3466 498 125 21 gb: 1681

833 3500 716 152 Brussel goven mervers

1069 3555 2253 154 In antwoort aenden ue van 19 deser in dat ue maer 17 bayen van

1075 3646 2271 153 £34 en 4 van ƒ28 behom, en de west mijne lecurssip gelieft te ttsnden

1060 3732 2188 116 waer impatiente modt nemen een wijfel niet oft sal de selern

1073 3810 2164 129 niet mjnder ja meerderverke op sals ue d'ander heeft bede ne

1089 3889 2056 113 sood at ue genorghsaem kan orderlen datt ick mijnlesen

1071 3978 2152 82 oten om u ael te doen, 1s wese meeramd te tomen hoe

1075 4018 2153 99 nour ick alles regulere, salps2: op de geheele pertij rab ate

1070 4089 2198 145 soonm die al gelieft te behoudn, en dat om die baille die bij ul

1094 4164 2195 148 sijn tgene sedo ue consenteirt hope de goetheyt sult hebben voor mij

1107 4267 2201 98 ont 400 te verscite, tgene ue dan tae laen ueott een wien es t dat

1113 4325 1764 76 ue het bevens acceptben is dat op hope vean ue leter

1083 4339 2269 125 uo kan sijn tesolutie adviseren naeste dijnet ack vertrekt nochten pn

4814 209 820 112 Antw: 21 gbt 16881

5790 225 171 99 A28

3427 205 784 185 Brussel and Rosseau

3567 300 2398 179 ons ie vous ey eseu a qu'il s passa a hier du depuis iay

3589 420 2386 124 bieu receu laggreable vre du 2p avei le paiysen et souis les

3614 490 2281 143 deux sont parti a mmdi ava obligation de les velierer

3626 583 2350 163 dimanthe a andr a maupoit, ou fous les precedentes

3609 663 1962 185 sen bien arrive a qeu vous servi dac is dise

5298 727 458 167 @ 22 gd

3407 778 718 149 brugge Raphael Coots

3593 845 2409 122 in antwoort aenden ul van 19 deser sien de packen N50, 51 & 5 te geme

3581 909 2404 159 gemoet d'andere sijn mij geworden, het pack lakens aen ul gesonden gelieft

3588 984 2404 113 op london te senden anons. terij maijnard & denselve daer over adviseeren

3602 1067 2385 109 & trato aenpreter willaert de longe sal voldaen worden lsoo ume groe

4739 1125 124 88 th

3402 1099 720 134 London Edvmind warner

5461 1140 116 91 £2

3594 1135 2392 152 S. according & wrott to you va the 15: curitt have geasterd of sent do meurorte

3590 1278 2370 64 to mr. vallego to be sent to you with all speed the pacqnett N.6 according to the

3581 1288 2283 114 inclosed iuroyce which in case you finde vorightt to note n my creditt

3586 1310 2410 194 I do not gaestion, butt that itt will prove to content itt was well assorted

3573 1376 2453 162 as I could, andas I amuscto do: butt heve forward & supose you will rather

3587 1455 2437 145 order butt some of the antwarp laces to be putt in each pack of luped & planc

3594 1509 2369 171 sort as now & am aproviding of which next week shall send one packett

3578 1573 2417 163 & the last few dayes asterwards beeng in good forwardness of then, because

3586 1638 2405 144 those laces are more plentie them the antwarns yett all good creap mall

3591 1705 2374 158 occasions I shall not haile to do my endeavour to yd at most adrotitisye

5464 1771 395 135 a 22 18

3423 1806 882 145 London tenry maynard

4615 1823 157 90 th

3610 1808 2392 207 S. my last to you was on the 15: curitt sellce recd. yd of y ditto with invoyce

3595 1898 2403 185 of the 5 nuch whites aboard John simons for my half part of which have

3602 1958 2369 158 given you creditt I know not yett the ust some that uu bandeer must

3584 2043 2335 158 have butt he tells mee £300 the rest of which will se pr. next

3581 2103 2454 175 week, when shall make you codett deb. on my acctt. for the whole &

3600 2137 2361 206 advise you whilst intrim in closed remitt you £251: 16 is due the

3603 2193 2369 209 . dxb next on m. smon bevanger which please to procure accepted

3589 2278 2355 180 &ps att due day by fauling of which addres yd self to m Joan van aer

3597 2350 2350 168 & please tonmy acctt. I hope to remitt £300: more before yd comming

3579 2399 2304 173 araj to make itt up, with the mony of m. baudier about £900:

3601 2468 2381 165 on my acctt. there fore desire you to not ballance my acctts before

3603 2513 2435 197 you have more pas for I should be a fran to see so much due to you, therefore

3569 2651 2377 118 tather delay itt to bring itt with you then to make medebt: somuch by

5507 2687 350 118 @ 22 gb

3593 2719 1440 111 ballance ou meuw acctt & so remaine

3420 2762 866 153 London Abram vivian

3592 2763 2416 164 Sr. my last to you was on the is curitt sence rec. boath yd of 4 & 7 ditto

3602 2834 2384 179 I hope the bages are aboard smits by this time, and that the last desired

4036 2946 62 52 a

3584 2916 2403 147 pack to con. 20: p of 4ott weight & so p of 30 et weight, may be provide

3600 2958 2420 185 & come time enought to be schipped with said smits for Ian extreamly

3596 3044 2435 151 i haste for them in closed returne you the bill for 201 crowne, which a

3593 3092 2411 150 hath not been pays the fellow sayes that mr. Hillow doth owe him mony

3593 3143 2419 178 & & finde itt would cost mony to make him pay itt beeng asimple obligation

3603 3216 2372 172 so do returne itt, itt hath cost already for lost of eas & brokeridge

3604 3293 2355 151 1o flemish foryd governo itt was butt due tthe g: & 6 bayes after

3618 3373 2376 139 wards is the i5 so that I could not send itt soner I have accepted yd

3604 3441 2406 145 bill of 28: & noted to yd, acctt for then you did not express itt wa

3601 3504 2376 165 for mijne, besides Iams not so much indebted & for miy acctt you

3612 3590 2364 138 have here inclosed a bill for £60: st on m John Lambe, for

3616 3645 2365 145 which please to procure the needfull. Eobserves that the kind raive

3609 3713 2364 153 be of yd coming over &wish yd ady good saves with all my heart

3602 3778 2414 162 & shall then send gou all the accctt att sale ending of next month

3595 3853 2431 156 & exspect you vowards spring intrim of you want any laces to assort

3597 3934 2398 138 be sure that gamnow inaperfect way of understanding that

3601 4038 1199 133 cow. & mostreadij topromote
