<?xml version="1.0" encoding="UTF-8"?>
<alto xmlns:xsi="http://www.w3.org/2001/XMLSchema-instance"
      xmlns="http://www.loc.gov/standards/alto/ns-v4#"
      xmlns:page="http://schema.primaresearch.org/PAGE/gts/pagecontent/2013-07-15"
      xsi:schemaLocation="http://www.loc.gov/standards/alto/ns-v4# https://www.loc.gov/standards/alto/v4/alto.xsd">
   <Description>
      <MeasurementUnit>pixel</MeasurementUnit>
      <OCRProcessing ID="IdOcr">
         <ocrProcessingStep>
            <processingDateTime>2022-02-04T12:07:42.476+01:00</processingDateTime>
            <processingSoftware>
               <softwareCreator>READ COOP</softwareCreator>
               <softwareName>Transkribus</softwareName>
            </processingSoftware>
         </ocrProcessingStep>
      </OCRProcessing>
   </Description>
   <Layout>
      <Page ID="Page1" PHYSICAL_IMG_NR="1" HEIGHT="4561" WIDTH="8078">
         <TopMargin HEIGHT="0" WIDTH="8078" VPOS="0" HPOS="0"/>
         <LeftMargin HEIGHT="4561" WIDTH="0" VPOS="0" HPOS="0"/>
         <RightMargin HEIGHT="4561" WIDTH="0" VPOS="0" HPOS="8078"/>
         <BottomMargin HEIGHT="0" WIDTH="8078" VPOS="4561" HPOS="0"/>
         <PrintSpace HEIGHT="4561" WIDTH="8078" VPOS="0" HPOS="0">
            <TextBlock ID="region_1638885743122_2388"
                       HEIGHT="4304"
                       WIDTH="2689"
                       VPOS="152"
                       HPOS="531">
               <Shape>
                  <Polygon POINTS="531,152 3220,152 3220,4456 531,4456"/>
               </Shape>
               <TextLine ID="region_1638885743122_2388l1"
                         BASELINE="610,210 637,208 664,208 691,206 718,206 745,206 772,207 799,208 826,208 854,206"
                         HEIGHT="85"
                         WIDTH="275"
                         VPOS="166"
                         HPOS="594">
                  <String ID="string_region_1638885743122_2388l1"
                          HEIGHT="85"
                          WIDTH="275"
                          VPOS="166"
                          HPOS="594"
                          CONTENT=""/>
               </TextLine>
               <TextLine ID="region_1638885743122_2388l2"
                         BASELINE="2192,250 2233,250 2275,250 2316,250 2358,250 2400,250 2441,250 2483,250 2524,252 2566,252 2608,252 2649,252 2691,252 2732,252 2774,252 2816,251 2857,250 2899,250 2940,250 2982,250 3024,248"
                         HEIGHT="124"
                         WIDTH="862"
                         VPOS="181"
                         HPOS="2177">
                  <String ID="string_region_1638885743122_2388l2"
                          HEIGHT="124"
                          WIDTH="862"
                          VPOS="181"
                          HPOS="2177"
                          CONTENT="In Antwerp 15 aprill 1681"/>
               </TextLine>
               <TextLine ID="region_1638885743122_2388l3"
                         BASELINE="580,300 625,297 670,296 715,293 760,290 805,288 850,284 895,283 940,282 985,278 1031,276 1076,275 1121,274 1166,272 1211,272 1256,270 1301,270 1346,270 1391,270 1436,271 1482,272"
                         HEIGHT="142"
                         WIDTH="930"
                         VPOS="211"
                         HPOS="565">
                  <String ID="string_region_1638885743122_2388l3"
                          HEIGHT="142"
                          WIDTH="930"
                          VPOS="211"
                          HPOS="565"
                          CONTENT="London Aptlur Anneslay"/>
               </TextLine>
               <TextLine ID="region_1638885743122_2388l4"
                         BASELINE="858,372 974,366 1091,359 1208,355 1324,352 1441,350 1558,348 1674,348 1791,348 1908,350 2025,350 2141,352 2258,354 2375,354 2491,356 2608,356 2725,356 2841,356 2958,356 3075,354 3192,350"
                         HEIGHT="133"
                         WIDTH="2363"
                         VPOS="279"
                         HPOS="842">
                  <String ID="string_region_1638885743122_2388l4"
                          HEIGHT="133"
                          WIDTH="2363"
                          VPOS="279"
                          HPOS="842"
                          CONTENT="S. my last to you was on the 29: pass with a remise for £94:16:3 on m"/>
               </TextLine>
               <TextLine ID="region_1638885743122_2388l5"
                         BASELINE="854,452 969,448 1084,443 1199,440 1314,436 1429,435 1544,434 1659,432 1774,432 1889,432 2004,433 2119,434 2234,434 2349,434 2464,434 2579,434 2694,432 2809,430 2924,428 3039,426 3154,422"
                         HEIGHT="122"
                         WIDTH="2331"
                         VPOS="356"
                         HPOS="839">
                  <String ID="string_region_1638885743122_2388l5"
                          HEIGHT="122"
                          WIDTH="2331"
                          VPOS="356"
                          HPOS="839"
                          CONTENT="remainin shute, thought sece non from you yett, hope you have well"/>
               </TextLine>
               <TextLine ID="region_1638885743122_2388l6"
                         BASELINE="880,522 990,517 1101,514 1212,512 1323,510 1434,510 1545,508 1656,508 1767,508 1878,508 1989,508 2099,508 2210,508 2321,508 2432,506 2543,504 2654,502 2765,498 2876,493 2987,486 3098,480"
                         HEIGHT="110"
                         WIDTH="2248"
                         VPOS="433"
                         HPOS="865">
                  <String ID="string_region_1638885743122_2388l6"
                          HEIGHT="110"
                          WIDTH="2248"
                          VPOS="433"
                          HPOS="865"
                          CONTENT="Reccauld itt &amp; that itt is accepted &amp; will be payd in due time I have some"/>
               </TextLine>
               <TextLine ID="region_1638885743122_2388l7"
                         BASELINE="868,592 981,588 1094,586 1207,584 1321,584 1434,582 1547,582 1661,582 1774,582 1887,582 2001,582 2114,580 2227,580 2340,578 2454,576 2567,573 2680,569 2794,564 2907,557 3020,550 3134,542"
                         HEIGHT="126"
                         WIDTH="2295"
                         VPOS="502"
                         HPOS="853">
                  <String ID="string_region_1638885743122_2388l7"
                          HEIGHT="126"
                          WIDTH="2295"
                          VPOS="502"
                          HPOS="853"
                          CONTENT="mony more for yd acctt. which my next will bring you in a bill this beeng"/>
               </TextLine>
               <TextLine ID="region_1638885743122_2388l8"
                         BASELINE="900,668 1010,663 1120,659 1230,656 1341,654 1451,654 1561,652 1672,652 1782,652 1892,654 2003,654 2113,654 2223,652 2333,652 2444,650 2554,647 2664,643 2775,638 2885,633 2995,625 3106,614"
                         HEIGHT="130"
                         WIDTH="2237"
                         VPOS="549"
                         HPOS="883">
                  <String ID="string_region_1638885743122_2388l8"
                          HEIGHT="130"
                          WIDTH="2237"
                          VPOS="549"
                          HPOS="883"
                          CONTENT="cheebly for advise, that thomas Elsdon from exon is well arrived att brugs"/>
               </TextLine>
               <TextLine ID="region_1638885743122_2388l9"
                         BASELINE="874,740 989,737 1105,734 1220,730 1336,730 1452,728 1567,728 1683,728 1798,727 1914,728 2030,728 2145,728 2261,727 2376,726 2492,726 2608,724 2723,722 2839,719 2954,716 3070,710 3186,704"
                         HEIGHT="126"
                         WIDTH="2340"
                         VPOS="625"
                         HPOS="860">
                  <String ID="string_region_1638885743122_2388l9"
                          HEIGHT="126"
                          WIDTH="2340"
                          VPOS="625"
                          HPOS="860"
                          CONTENT="on his board a bale I.M.N2 with ul white perpetuanos from mr. Ledging hom"/>
               </TextLine>
               <TextLine ID="region_1638885743122_2388l10"
                         BASELINE="888,810 1001,809 1114,808 1227,806 1340,806 1453,806 1566,806 1679,804 1792,804 1905,804 2019,804 2132,804 2245,802 2358,802 2471,800 2584,798 2697,795 2810,792 2923,788 3036,784 3150,778"
                         HEIGHT="134"
                         WIDTH="2292"
                         VPOS="714"
                         HPOS="874">
                  <String ID="string_region_1638885743122_2388l10"
                          HEIGHT="134"
                          WIDTH="2292"
                          VPOS="714"
                          HPOS="874"
                          CONTENT="of which he sent mee the inclosed invoyce &amp; hath drawne £40  on you"/>
               </TextLine>
               <TextLine ID="region_1638885743122_2388l11"
                         BASELINE="894,884 1002,882 1110,882 1219,880 1327,880 1436,880 1544,878 1652,878 1761,878 1869,877 1978,876 2086,876 2194,874 2303,874 2411,872 2520,870 2628,868 2736,866 2845,862 2953,858 3062,854"
                         HEIGHT="126"
                         WIDTH="2199"
                         VPOS="780"
                         HPOS="877">
                  <String ID="string_region_1638885743122_2388l11"
                          HEIGHT="126"
                          WIDTH="2199"
                          VPOS="780"
                          HPOS="877"
                          CONTENT="which &amp; the rest pleale to pay him I finde also a balo A.A N. 6 shipped"/>
               </TextLine>
               <TextLine ID="region_1638885743122_2388l12"
                         BASELINE="866,974 975,968 1084,965 1193,962 1302,960 1412,958 1521,958 1630,958 1739,958 1848,958 1958,958 2067,958 2176,958 2285,958 2394,956 2504,955 2613,952 2722,950 2831,945 2940,939 3050,932"
                         HEIGHT="137"
                         WIDTH="2212"
                         VPOS="871"
                         HPOS="852">
                  <String ID="string_region_1638885743122_2388l12"
                          HEIGHT="137"
                          WIDTH="2212"
                          VPOS="871"
                          HPOS="852"
                          CONTENT="to yd order, whether that must go for Lille or this please, I know not so "/>
               </TextLine>
               <TextLine ID="region_1638885743122_2388l13"
                         BASELINE="880,1054 986,1045 1093,1038 1200,1034 1306,1030 1413,1030 1520,1030 1626,1032 1733,1034 1840,1038 1947,1041 2053,1044 2160,1047 2267,1050 2373,1050 2480,1050 2587,1050 2693,1046 2800,1042 2907,1035 3014,1026"
                         HEIGHT="126"
                         WIDTH="2166"
                         VPOS="963"
                         HPOS="864">
                  <String ID="string_region_1638885743122_2388l13"
                          HEIGHT="126"
                          WIDTH="2166"
                          VPOS="963"
                          HPOS="864"
                          CONTENT="exspected yd advise &amp; remaine In Antwarp 15 Aprill 1681"/>
               </TextLine>
               <TextLine ID="region_1638885743122_2388l14"
                         BASELINE="606,1110 639,1107 672,1106 706,1104 739,1103 773,1102 806,1102 839,1102 873,1102 906,1102 940,1102 973,1102 1006,1102 1040,1102 1073,1102 1107,1100 1140,1100 1173,1099 1207,1098 1240,1098 1274,1096"
                         HEIGHT="152"
                         WIDTH="701"
                         VPOS="990"
                         HPOS="589">
                  <String ID="string_region_1638885743122_2388l14"
                          HEIGHT="152"
                          WIDTH="701"
                          VPOS="990"
                          HPOS="589"
                          CONTENT="London hel Scawen"/>
               </TextLine>
               <TextLine ID="region_1638885743122_2388l15"
                         BASELINE="882,1176 998,1174 1114,1172 1231,1169 1347,1168 1464,1166 1580,1164 1696,1162 1813,1160 1929,1158 2046,1156 2162,1155 2278,1153 2395,1150 2511,1148 2628,1146 2744,1142 2860,1139 2977,1134 3093,1130 3210,1126"
                         HEIGHT="135"
                         WIDTH="2357"
                         VPOS="1080"
                         HPOS="867">
                  <String ID="string_region_1638885743122_2388l15"
                          HEIGHT="135"
                          WIDTH="2357"
                          VPOS="1080"
                          HPOS="867"
                          CONTENT="S. I have before mee yd of I curitt as for the lace trade, I have sent the very some"/>
               </TextLine>
               <TextLine ID="region_1638885743122_2388l16"
                         BASELINE="878,1254 992,1250 1106,1247 1220,1244 1334,1242 1449,1240 1563,1238 1677,1236 1791,1234 1905,1232 2020,1230 2134,1228 2248,1226 2362,1224 2476,1220 2591,1218 2705,1214 2819,1210 2933,1205 3047,1200 3162,1192"
                         HEIGHT="141"
                         WIDTH="2313"
                         VPOS="1151"
                         HPOS="863">
                  <String ID="string_region_1638885743122_2388l16"
                          HEIGHT="141"
                          WIDTH="2313"
                          VPOS="1151"
                          HPOS="863"
                          CONTENT="sorts &amp; prijses, as I uso to provide for others, so that I did exspect N.1 would"/>
               </TextLine>
               <TextLine ID="region_1638885743122_2388l17"
                         BASELINE="866,1326 979,1324 1093,1322 1207,1320 1321,1319 1435,1318 1548,1315 1662,1312 1776,1310 1890,1308 2004,1306 2117,1302 2231,1300 2345,1296 2459,1292 2573,1288 2686,1284 2800,1280 2914,1274 3028,1269 3142,1262"
                         HEIGHT="145"
                         WIDTH="2308"
                         VPOS="1210"
                         HPOS="849">
                  <String ID="string_region_1638885743122_2388l17"
                          HEIGHT="145"
                          WIDTH="2308"
                          VPOS="1210"
                          HPOS="849"
                          CONTENT="prove to content, and that you should have or dispose as well of these sorts"/>
               </TextLine>
               <TextLine ID="region_1638885743122_2388l18"
                         BASELINE="878,1394 992,1394 1107,1394 1222,1394 1337,1394 1452,1392 1566,1390 1681,1389 1796,1386 1911,1384 2026,1382 2140,1379 2255,1374 2370,1372 2485,1366 2600,1362 2714,1357 2829,1351 2944,1345 3059,1339 3174,1332"
                         HEIGHT="157"
                         WIDTH="2326"
                         VPOS="1283"
                         HPOS="863">
                  <String ID="string_region_1638885743122_2388l18"
                          HEIGHT="157"
                          WIDTH="2326"
                          VPOS="1283"
                          HPOS="863"
                          CONTENT="as others, do whoever, seeng I have now yd in structions, shall make up the"/>
               </TextLine>
               <TextLine ID="region_1638885743122_2388l19"
                         BASELINE="886,1466 1002,1470 1118,1472 1234,1474 1350,1474 1466,1474 1582,1472 1698,1470 1814,1468 1930,1464 2046,1460 2162,1456 2278,1450 2394,1444 2510,1438 2626,1433 2742,1428 2858,1420 2974,1414 3090,1409 3206,1402"
                         HEIGHT="201"
                         WIDTH="2352"
                         VPOS="1332"
                         HPOS="870">
                  <String ID="string_region_1638885743122_2388l19"
                          HEIGHT="201"
                          WIDTH="2352"
                          VPOS="1332"
                          HPOS="870"
                          CONTENT="pack formerly mentioned accordingly &amp; what faults you finde shall be rectifn "/>
               </TextLine>
               <TextLine ID="region_1638885743122_2388l20"
                         BASELINE="882,1544 997,1544 1112,1544 1228,1544 1343,1542 1459,1542 1574,1540 1689,1538 1805,1535 1920,1532 2036,1530 2151,1526 2266,1522 2382,1517 2497,1513 2613,1508 2728,1502 2843,1496 2959,1491 3074,1484 3190,1478"
                         HEIGHT="149"
                         WIDTH="2342"
                         VPOS="1416"
                         HPOS="864">
                  <String ID="string_region_1638885743122_2388l20"
                          HEIGHT="149"
                          WIDTH="2342"
                          VPOS="1416"
                          HPOS="864"
                          CONTENT="with all care mayinable, &amp; I doubt not, butt you will finde my buyingto "/>
               </TextLine>
               <TextLine ID="region_1638885743122_2388l21"
                         BASELINE="882,1618 996,1618 1110,1616 1224,1615 1338,1614 1452,1612 1566,1610 1680,1608 1794,1606 1908,1604 2022,1600 2136,1598 2250,1594 2364,1590 2478,1586 2592,1582 2706,1578 2820,1573 2934,1568 3048,1562 3162,1556"
                         HEIGHT="139"
                         WIDTH="2312"
                         VPOS="1498"
                         HPOS="866">
                  <String ID="string_region_1638885743122_2388l21"
                          HEIGHT="139"
                          WIDTH="2312"
                          VPOS="1498"
                          HPOS="866"
                          CONTENT="content, I wonder my goods should prove deares then those of in sabeiton"/>
               </TextLine>
               <TextLine ID="region_1638885743122_2388l22"
                         BASELINE="886,1694 996,1694 1106,1694 1217,1694 1327,1692 1438,1690 1548,1688 1658,1686 1769,1684 1879,1682 1990,1678 2100,1675 2210,1670 2321,1667 2431,1662 2542,1658 2652,1653 2762,1648 2873,1644 2983,1639 3094,1632"
                         HEIGHT="145"
                         WIDTH="2240"
                         VPOS="1562"
                         HPOS="869">
                  <String ID="string_region_1638885743122_2388l22"
                          HEIGHT="145"
                          WIDTH="2240"
                          VPOS="1562"
                          HPOS="869"
                          CONTENT="where as I have formerly tryed with him &amp; others, butt my freund did"/>
               </TextLine>
               <TextLine ID="region_1638885743122_2388l23"
                         BASELINE="886,1768 1001,1768 1116,1770 1232,1770 1347,1768 1463,1768 1578,1766 1693,1764 1809,1760 1924,1756 2040,1753 2155,1748 2270,1745 2386,1740 2501,1734 2617,1728 2732,1722 2847,1716 2963,1711 3078,1705 3194,1698"
                         HEIGHT="198"
                         WIDTH="2338"
                         VPOS="1618"
                         HPOS="871">
                  <String ID="string_region_1638885743122_2388l23"
                          HEIGHT="198"
                          WIDTH="2338"
                          VPOS="1618"
                          HPOS="871"
                          CONTENT="al wayes complaine of what he bought, so that sence I made itt mj buysyne "/>
               </TextLine>
               <TextLine ID="region_1638885743122_2388l24"
                         BASELINE="886,1848 994,1846 1103,1844 1212,1843 1321,1842 1430,1840 1538,1838 1647,1836 1756,1833 1865,1830 1974,1828 2082,1824 2191,1821 2300,1817 2409,1812 2518,1808 2626,1802 2735,1797 2844,1791 2953,1784 3062,1778"
                         HEIGHT="181"
                         WIDTH="2206"
                         VPOS="1716"
                         HPOS="872">
                  <String ID="string_region_1638885743122_2388l24"
                          HEIGHT="181"
                          WIDTH="2206"
                          VPOS="1716"
                          HPOS="872"
                          CONTENT="have hadd no more complaintes whoever I am ready to leane &amp; to do"/>
               </TextLine>
               <TextLine ID="region_1638885743122_2388l25"
                         BASELINE="878,1914 990,1914 1103,1912 1215,1912 1328,1910 1441,1910 1553,1908 1666,1906 1778,1904 1891,1902 2004,1898 2116,1895 2229,1891 2341,1888 2454,1882 2567,1877 2679,1872 2792,1867 2904,1861 3017,1854 3130,1846"
                         HEIGHT="146"
                         WIDTH="2282"
                         VPOS="1785"
                         HPOS="861">
                  <String ID="string_region_1638885743122_2388l25"
                          HEIGHT="146"
                          WIDTH="2282"
                          VPOS="1785"
                          HPOS="861"
                          CONTENT="better for the future, if possible which I hape the next parquet will shep"/>
               </TextLine>
               <TextLine ID="region_1638885743122_2388l26"
                         BASELINE="874,1990 984,1990 1095,1990 1206,1990 1317,1988 1428,1986 1538,1986 1649,1984 1760,1980 1871,1978 1982,1975 2092,1972 2203,1966 2314,1962 2425,1957 2536,1951 2646,1945 2757,1938 2868,1932 2979,1924 3090,1916"
                         HEIGHT="169"
                         WIDTH="2246"
                         VPOS="1851"
                         HPOS="859">
                  <String ID="string_region_1638885743122_2388l26"
                          HEIGHT="169"
                          WIDTH="2246"
                          VPOS="1851"
                          HPOS="859"
                          CONTENT="whilst proimtrim payd faile not to dispose of what alreayd g sent as"/>
               </TextLine>
               <TextLine ID="region_1638885743122_2388l27"
                         BASELINE="882,2074 992,2070 1102,2067 1212,2064 1322,2062 1432,2060 1542,2058 1652,2056 1762,2054 1872,2052 1982,2050 2092,2048 2202,2044 2312,2042 2422,2038 2532,2033 2642,2027 2752,2021 2862,2014 2972,2008 3082,1998"
                         HEIGHT="157"
                         WIDTH="2229"
                         VPOS="1954"
                         HPOS="866">
                  <String ID="string_region_1638885743122_2388l27"
                          HEIGHT="157"
                          WIDTH="2229"
                          VPOS="1954"
                          HPOS="866"
                          CONTENT="best you can before any of what is send goeth out of fushion &amp; rather"/>
               </TextLine>
               <TextLine ID="region_1638885743122_2388l28"
                         BASELINE="874,2160 986,2156 1098,2153 1210,2150 1322,2148 1434,2146 1546,2142 1658,2140 1770,2136 1882,2134 1994,2131 2106,2127 2218,2124 2330,2119 2442,2114 2554,2109 2666,2103 2778,2096 2890,2090 3002,2081 3114,2072"
                         HEIGHT="178"
                         WIDTH="2273"
                         VPOS="2023"
                         HPOS="858">
                  <String ID="string_region_1638885743122_2388l28"
                          HEIGHT="178"
                          WIDTH="2273"
                          VPOS="2023"
                          HPOS="858"
                          CONTENT="loose att first, then att last. I have given you cred itt for my ½ part in"/>
               </TextLine>
               <TextLine ID="region_1638885743122_2388l29"
                         BASELINE="882,2240 991,2236 1101,2234 1211,2232 1321,2228 1431,2226 1540,2224 1650,2220 1760,2217 1870,2214 1980,2210 2089,2206 2199,2202 2309,2197 2419,2192 2529,2186 2638,2180 2748,2172 2858,2166 2968,2156 3078,2148"
                         HEIGHT="158"
                         WIDTH="2225"
                         VPOS="2108"
                         HPOS="866">
                  <String ID="string_region_1638885743122_2388l29"
                          HEIGHT="158"
                          WIDTH="2225"
                          VPOS="2108"
                          HPOS="866"
                          CONTENT="255 p callicres shipt observing that 5 bales browne longh cloth are"/>
               </TextLine>
               <TextLine ID="region_1638885743122_2388l30"
                         BASELINE="870,2324 981,2320 1092,2316 1204,2314 1315,2310 1427,2306 1538,2304 1649,2302 1761,2298 1872,2296 1984,2292 2095,2288 2206,2284 2318,2280 2429,2275 2541,2269 2652,2262 2763,2256 2875,2246 2986,2238 3098,2228"
                         HEIGHT="205"
                         WIDTH="2258"
                         VPOS="2183"
                         HPOS="853">
                  <String ID="string_region_1638885743122_2388l30"
                          HEIGHT="205"
                          WIDTH="2258"
                          VPOS="2183"
                          HPOS="853"
                          CONTENT="shipt aboard Adriain Deraer, seeng you do not pack them in cottons. &amp;"/>
               </TextLine>
               <TextLine ID="region_1638885743122_2388l31"
                         BASELINE="878,2408 992,2402 1106,2398 1221,2392 1335,2388 1450,2386 1564,2382 1678,2380 1793,2377 1907,2374 2022,2372 2136,2368 2250,2364 2365,2360 2479,2356 2594,2352 2708,2345 2822,2338 2937,2330 3051,2320 3166,2308"
                         HEIGHT="191"
                         WIDTH="2318"
                         VPOS="2237"
                         HPOS="861">
                  <String ID="string_region_1638885743122_2388l31"
                          HEIGHT="191"
                          WIDTH="2318"
                          VPOS="2237"
                          HPOS="861"
                          CONTENT="wonder you did not send y with muchall deraes, for he 1s sailed &amp; as Iam"/>
               </TextLine>
               <TextLine ID="region_1638885743122_2388l32"
                         BASELINE="876,2492 977,2484 1079,2478 1181,2474 1283,2470 1385,2468 1487,2466 1589,2464 1691,2464 1793,2462 1895,2462 1996,2460 2098,2460 2200,2458 2302,2456 2404,2452 2506,2447 2608,2442 2710,2435 2812,2426 2914,2416"
                         HEIGHT="171"
                         WIDTH="2068"
                         VPOS="2351"
                         HPOS="860">
                  <String ID="string_region_1638885743122_2388l32"
                          HEIGHT="171"
                          WIDTH="2068"
                          VPOS="2351"
                          HPOS="860"
                          CONTENT="told arrived &amp; Adriaen hath an old ship, &amp; gott a lake last time"/>
               </TextLine>
               <TextLine ID="region_1638885743122_2388l33"
                         BASELINE="882,2578 992,2571 1103,2565 1213,2560 1324,2556 1435,2554 1545,2552 1656,2550 1766,2548 1877,2548 1988,2546 2098,2544 2209,2542 2319,2539 2430,2534 2541,2530 2651,2523 2762,2515 2872,2506 2983,2494 3094,2480"
                         HEIGHT="155"
                         WIDTH="2246"
                         VPOS="2447"
                         HPOS="865">
                  <String ID="string_region_1638885743122_2388l33"
                          HEIGHT="155"
                          WIDTH="2246"
                          VPOS="2447"
                          HPOS="865"
                          CONTENT="pray advise mee how the dungares are packt to declare them according"/>
               </TextLine>
               <TextLine ID="region_1638885743122_2388l34"
                         BASELINE="886,2658 999,2654 1112,2648 1225,2646 1338,2642 1452,2640 1565,2638 1678,2637 1791,2636 1904,2634 2018,2632 2131,2630 2244,2628 2357,2624 2470,2619 2584,2614 2697,2608 2810,2599 2923,2590 3036,2580 3150,2566"
                         HEIGHT="196"
                         WIDTH="2293"
                         VPOS="2525"
                         HPOS="872">
                  <String ID="string_region_1638885743122_2388l34"
                          HEIGHT="196"
                          WIDTH="2293"
                          VPOS="2525"
                          HPOS="872"
                          CONTENT="suposing that the pack M„N.11 from mr. maynard doth containe the"/>
               </TextLine>
               <TextLine ID="region_1638885743122_2388l35"
                         BASELINE="878,2742 990,2738 1102,2734 1214,2730 1326,2727 1438,2724 1550,2722 1662,2718 1774,2716 1886,2714 1998,2710 2110,2708 2222,2704 2334,2701 2446,2696 2558,2692 2670,2686 2782,2680 2894,2673 3006,2665 3118,2658"
                         HEIGHT="135"
                         WIDTH="2270"
                         VPOS="2620"
                         HPOS="862">
                  <String ID="string_region_1638885743122_2388l35"
                          HEIGHT="135"
                          WIDTH="2270"
                          VPOS="2620"
                          HPOS="862"
                          CONTENT="106 p salempores, muliius &amp; to undernoted mys invoye god send all"/>
               </TextLine>
               <TextLine ID="region_1638885743122_2388l36"
                         BASELINE="868,2836 980,2829 1093,2823 1206,2818 1318,2814 1431,2811 1544,2808 1656,2806 1769,2804 1882,2802 1995,2800 2107,2798 2220,2796 2333,2793 2445,2789 2558,2784 2671,2778 2783,2770 2896,2762 3009,2752 3122,2738"
                         HEIGHT="206"
                         WIDTH="2287"
                         VPOS="2683"
                         HPOS="851">
                  <String ID="string_region_1638885743122_2388l36"
                          HEIGHT="206"
                          WIDTH="2287"
                          VPOS="2683"
                          HPOS="851"
                          CONTENT="fase over: sence the hollands casin die comp. sild their goods, is brough"/>
               </TextLine>
               <TextLine ID="region_1638885743122_2388l37"
                         BASELINE="864,2916 974,2908 1085,2902 1195,2897 1306,2894 1416,2892 1527,2890 1637,2888 1748,2886 1858,2886 1969,2884 2079,2883 2190,2880 2300,2878 2411,2874 2521,2870 2632,2862 2742,2855 2853,2844 2963,2833 3074,2818"
                         HEIGHT="174"
                         WIDTH="2240"
                         VPOS="2769"
                         HPOS="847">
                  <String ID="string_region_1638885743122_2388l37"
                          HEIGHT="174"
                          WIDTH="2240"
                          VPOS="2769"
                          HPOS="847"
                          CONTENT="such a quantitie hether that I doubt mee shall not be able to advance"/>
               </TextLine>
               <TextLine ID="region_1638885743122_2388l38"
                         BASELINE="866,2994 978,2988 1090,2984 1202,2980 1314,2976 1427,2974 1539,2970 1651,2970 1763,2968 1875,2966 1988,2964 2100,2960 2212,2958 2324,2955 2436,2950 2549,2946 2661,2940 2773,2932 2885,2925 2997,2914 3110,2902"
                         HEIGHT="198"
                         WIDTH="2276"
                         VPOS="2839"
                         HPOS="849">
                  <String ID="string_region_1638885743122_2388l38"
                          HEIGHT="198"
                          WIDTH="2276"
                          VPOS="2839"
                          HPOS="849"
                          CONTENT="up on the goods that must pay iustume of which the experency dothrearh"/>
               </TextLine>
               <TextLine ID="region_1638885743122_2388l39"
                         BASELINE="876,3080 987,3072 1099,3065 1210,3060 1322,3056 1433,3054 1545,3051 1656,3050 1768,3048 1879,3047 1991,3046 2102,3044 2214,3042 2325,3040 2437,3037 2548,3032 2660,3027 2771,3020 2883,3011 2994,2999 3106,2986"
                         HEIGHT="159"
                         WIDTH="2262"
                         VPOS="2930"
                         HPOS="859">
                  <String ID="string_region_1638885743122_2388l39"
                          HEIGHT="159"
                          WIDTH="2262"
                          VPOS="2930"
                          HPOS="859"
                          CONTENT="us for I have still in sold the last 3 bales &amp; all the rest is sold exceptta"/>
               </TextLine>
               <TextLine ID="region_1638885743122_2388l40"
                         BASELINE="888,3152 1000,3149 1112,3144 1224,3142 1336,3140 1448,3136 1560,3135 1672,3133 1784,3130 1896,3129 2009,3126 2121,3124 2233,3122 2345,3119 2457,3114 2569,3110 2681,3106 2793,3101 2905,3094 3017,3086 3130,3078"
                         HEIGHT="193"
                         WIDTH="2272"
                         VPOS="3006"
                         HPOS="873">
                  <String ID="string_region_1638885743122_2388l40"
                          HEIGHT="193"
                          WIDTH="2272"
                          VPOS="3006"
                          HPOS="873"
                          CONTENT="fine of pN4 of 47 st so finde that what must pay the duties that"/>
               </TextLine>
               <TextLine ID="region_1638885743122_2388l41"
                         BASELINE="890,3248 1000,3242 1110,3236 1221,3230 1331,3226 1442,3222 1552,3220 1662,3216 1773,3214 1883,3212 1994,3209 2104,3206 2214,3204 2325,3200 2435,3197 2546,3193 2656,3188 2766,3182 2877,3176 2987,3168 3098,3160"
                         HEIGHT="157"
                         WIDTH="2239"
                         VPOS="3106"
                         HPOS="875">
                  <String ID="string_region_1638885743122_2388l41"
                          HEIGHT="157"
                          WIDTH="2239"
                          VPOS="3106"
                          HPOS="875"
                          CONTENT="takes awaij the gaine I want most dyed goods, haveing non ankn"/>
               </TextLine>
               <TextLine ID="region_1638885743122_2388l42"
                         BASELINE="874,3322 985,3316 1096,3311 1207,3307 1318,3304 1429,3300 1540,3298 1651,3296 1762,3294 1873,3292 1984,3290 2095,3287 2206,3284 2317,3281 2428,3278 2539,3274 2650,3268 2761,3263 2872,3256 2983,3248 3094,3238"
                         HEIGHT="162"
                         WIDTH="2252"
                         VPOS="3184"
                         HPOS="857">
                  <String ID="string_region_1638885743122_2388l42"
                          HEIGHT="162"
                          WIDTH="2252"
                          VPOS="3184"
                          HPOS="857"
                          CONTENT="therefore disparch the rest with all speed &amp; divert our risico as for merly"/>
               </TextLine>
               <TextLine ID="region_1638885743122_2388l43"
                         BASELINE="890,3398 1001,3391 1112,3385 1223,3380 1334,3376 1445,3372 1556,3370 1667,3366 1778,3365 1889,3363 2000,3362 2111,3359 2222,3358 2333,3354 2444,3351 2555,3348 2666,3342 2777,3338 2888,3330 2999,3322 3110,3314"
                         HEIGHT="182"
                         WIDTH="2251"
                         VPOS="3252"
                         HPOS="875">
                  <String ID="string_region_1638885743122_2388l43"
                          HEIGHT="182"
                          WIDTH="2251"
                          VPOS="3252"
                          HPOS="875"
                          CONTENT="desired when all is don I loo up on ghe salempores to be the sort that"/>
               </TextLine>
               <TextLine ID="region_1638885743122_2388l44"
                         BASELINE="882,3470 993,3462 1104,3455 1215,3450 1326,3446 1438,3444 1549,3441 1660,3440 1771,3438 1882,3436 1994,3436 2105,3434 2216,3432 2327,3430 2438,3428 2550,3423 2661,3418 2772,3412 2883,3403 2994,3392 3106,3380"
                         HEIGHT="173"
                         WIDTH="2251"
                         VPOS="3333"
                         HPOS="867">
                  <String ID="string_region_1638885743122_2388l44"
                          HEIGHT="173"
                          WIDTH="2251"
                          VPOS="3333"
                          HPOS="867"
                          CONTENT="wee mustkeep on, for the fcture for them I finde accommoyable to"/>
               </TextLine>
               <TextLine ID="region_1638885743122_2388l45"
                         BASELINE="884,3536 994,3534 1105,3532 1215,3530 1326,3528 1436,3526 1547,3526 1657,3524 1768,3522 1878,3520 1989,3518 2099,3516 2210,3514 2320,3510 2431,3506 2541,3502 2652,3496 2762,3490 2873,3482 2983,3475 3094,3466"
                         HEIGHT="158"
                         WIDTH="2240"
                         VPOS="3408"
                         HPOS="869">
                  <String ID="string_region_1638885743122_2388l45"
                          HEIGHT="158"
                          WIDTH="2240"
                          VPOS="3408"
                          HPOS="869"
                          CONTENT="every one &amp; what pays custome renders no proffitt in case m. maynar"/>
               </TextLine>
               <TextLine ID="region_1638885743122_2388l46"
                         BASELINE="870,3616 981,3609 1093,3604 1205,3598 1317,3596 1429,3592 1540,3590 1652,3588 1764,3588 1876,3586 1988,3584 2099,3582 2211,3581 2323,3578 2435,3574 2547,3570 2658,3566 2770,3558 2882,3552 2994,3542 3106,3530"
                         HEIGHT="132"
                         WIDTH="2264"
                         VPOS="3493"
                         HPOS="855">
                  <String ID="string_region_1638885743122_2388l46"
                          HEIGHT="132"
                          WIDTH="2264"
                          VPOS="3493"
                          HPOS="855"
                          CONTENT="hath no cettons enough, lett him buy more, that so there be not to many"/>
               </TextLine>
               <TextLine ID="region_1638885743122_2388l47"
                         BASELINE="882,3692 991,3686 1101,3682 1210,3677 1320,3674 1430,3670 1539,3668 1649,3666 1758,3663 1868,3660 1978,3658 2087,3656 2197,3652 2306,3648 2416,3645 2526,3640 2635,3634 2745,3628 2854,3620 2964,3611 3074,3600"
                         HEIGHT="185"
                         WIDTH="2225"
                         VPOS="3544"
                         HPOS="864">
                  <String ID="string_region_1638885743122_2388l47"
                          HEIGHT="185"
                          WIDTH="2225"
                          VPOS="3544"
                          HPOS="864"
                          CONTENT="in one bale, butt made up as directed, of which exspecting yd advise"/>
               </TextLine>
               <TextLine ID="region_1638885743122_2388l48"
                         BASELINE="888,3768 930,3766 973,3762 1015,3761 1058,3758 1100,3756 1143,3754 1185,3753 1228,3752 1270,3750 1313,3748 1355,3746 1398,3746 1440,3745 1483,3744 1525,3744 1568,3744 1610,3744 1653,3744 1695,3744 1738,3744"
                         HEIGHT="125"
                         WIDTH="881"
                         VPOS="3668"
                         HPOS="871">
                  <String ID="string_region_1638885743122_2388l48"
                          HEIGHT="125"
                          WIDTH="881"
                          VPOS="3668"
                          HPOS="871"
                          CONTENT="remaine with kinde salues"/>
               </TextLine>
               <TextLine ID="region_1638885743122_2388l49"
                         BASELINE="2190,3774 2232,3776 2274,3775 2316,3774 2358,3772 2401,3771 2443,3768 2485,3765 2527,3764 2569,3761 2612,3757 2654,3754 2696,3752 2738,3748 2780,3746 2823,3745 2865,3744 2907,3742 2949,3742 2991,3744 3034,3746"
                         HEIGHT="168"
                         WIDTH="879"
                         VPOS="3667"
                         HPOS="2173">
                  <String ID="string_region_1638885743122_2388l49"
                          HEIGHT="168"
                          WIDTH="879"
                          VPOS="3667"
                          HPOS="2173"
                          CONTENT="In Antwerp 15 aprill 81"/>
               </TextLine>
               <TextLine ID="region_1638885743122_2388l50"
                         BASELINE="638,3852 680,3848 722,3846 764,3844 807,3841 849,3840 891,3838 934,3836 976,3834 1018,3833 1061,3831 1103,3830 1145,3828 1187,3828 1230,3826 1272,3826 1314,3824 1357,3824 1399,3822 1441,3820 1484,3820"
                         HEIGHT="144"
                         WIDTH="878"
                         VPOS="3733"
                         HPOS="621">
                  <String ID="string_region_1638885743122_2388l50"
                          HEIGHT="144"
                          WIDTH="878"
                          VPOS="3733"
                          HPOS="621"
                          CONTENT="London Ahram vivvans"/>
               </TextLine>
               <TextLine ID="region_1638885743122_2388l51"
                         BASELINE="1896,3858 1921,3853 1946,3850"
                         HEIGHT="99"
                         WIDTH="93"
                         VPOS="3776"
                         HPOS="1869">
                  <String ID="string_region_1638885743122_2388l51"
                          HEIGHT="99"
                          WIDTH="93"
                          VPOS="3776"
                          HPOS="1869"
                          CONTENT="th"/>
               </TextLine>
               <TextLine ID="region_1638885743122_2388l52"
                         BASELINE="882,3940 994,3929 1106,3920 1219,3914 1331,3908 1444,3903 1556,3900 1668,3896 1781,3894 1893,3892 2006,3890 2118,3888 2230,3886 2343,3884 2455,3882 2568,3879 2680,3874 2792,3869 2905,3864 3017,3855 3130,3846"
                         HEIGHT="194"
                         WIDTH="2282"
                         VPOS="3780"
                         HPOS="865">
                  <String ID="string_region_1638885743122_2388l52"
                          HEIGHT="194"
                          WIDTH="2282"
                          VPOS="3780"
                          HPOS="865"
                          CONTENT=" my last to you was on the 12 curitt to which please to be referre in all"/>
               </TextLine>
               <TextLine ID="region_1638885743122_2388l53"
                         BASELINE="886,4004 995,3998 1104,3994 1213,3990 1322,3986 1432,3984 1541,3982 1650,3980 1759,3978 1868,3978 1978,3976 2087,3974 2196,3972 2305,3970 2414,3968 2524,3964 2633,3960 2742,3955 2851,3949 2960,3942 3070,3932"
                         HEIGHT="144"
                         WIDTH="2215"
                         VPOS="3906"
                         HPOS="870">
                  <String ID="string_region_1638885743122_2388l53"
                          HEIGHT="144"
                          WIDTH="2215"
                          VPOS="3906"
                          HPOS="870"
                          CONTENT="ber theusars. sence recd. yd of p curitt as for the buring of bayes lett"/>
               </TextLine>
               <TextLine ID="region_1638885743122_2388l54"
                         BASELINE="882,4072 994,4070 1106,4068 1218,4066 1330,4064 1442,4062 1554,4060 1666,4058 1778,4056 1890,4054 2002,4052 2114,4050 2226,4048 2338,4044 2450,4042 2562,4040 2674,4036 2786,4034 2898,4029 3010,4026 3122,4022"
                         HEIGHT="131"
                         WIDTH="2270"
                         VPOS="3963"
                         HPOS="866">
                  <String ID="string_region_1638885743122_2388l54"
                          HEIGHT="131"
                          WIDTH="2270"
                          VPOS="3963"
                          HPOS="866"
                          CONTENT="y. do their ut most to have the best sorts for their prijses which prjses"/>
               </TextLine>
               <TextLine ID="region_1638885743122_2388l55"
                         BASELINE="862,4154 972,4152 1082,4152 1193,4150 1303,4148 1414,4146 1524,4146 1634,4144 1745,4142 1855,4140 1966,4138 2076,4136 2186,4133 2297,4131 2407,4128 2518,4126 2628,4124 2738,4122 2849,4120 2959,4118 3070,4114"
                         HEIGHT="115"
                         WIDTH="2239"
                         VPOS="4074"
                         HPOS="845">
                  <String ID="string_region_1638885743122_2388l55"
                          HEIGHT="115"
                          WIDTH="2239"
                          VPOS="4074"
                          HPOS="845"
                          CONTENT="on  &amp;mitt as I have noted to you, &amp; give a good clarges to bay"/>
               </TextLine>
               <TextLine ID="region_1638885743122_2388l56"
                         BASELINE="854,4240 965,4238 1076,4236 1187,4234 1298,4232 1409,4230 1520,4230 1631,4228 1742,4228 1853,4226 1964,4226 2075,4226 2186,4224 2297,4222 2408,4222 2519,4220 2630,4217 2741,4214 2852,4212 2963,4208 3074,4204"
                         HEIGHT="145"
                         WIDTH="2252"
                         VPOS="4151"
                         HPOS="837">
                  <String ID="string_region_1638885743122_2388l56"
                          HEIGHT="145"
                          WIDTH="2252"
                          VPOS="4151"
                          HPOS="837"
                          CONTENT="hose hat save no less then  of ayd broad and ayd, thich &amp; well couered"/>
               </TextLine>
               <TextLine ID="region_1638885743122_2388l57"
                         BASELINE="874,4320 984,4320 1095,4322 1206,4322 1317,4322 1428,4322 1538,4320 1649,4320 1760,4318 1871,4316 1982,4314 2092,4312 2203,4308 2314,4306 2425,4304 2536,4301 2646,4298 2757,4296 2868,4294 2979,4290 3090,4288"
                         HEIGHT="120"
                         WIDTH="2246"
                         VPOS="4250"
                         HPOS="858">
                  <String ID="string_region_1638885743122_2388l57"
                          HEIGHT="120"
                          WIDTH="2246"
                          VPOS="4250"
                          HPOS="858"
                          CONTENT="will &amp; not so thin &amp; slight as many in the last parcell kan"/>
               </TextLine>
               <TextLine ID="region_1638885743122_2388l58"
                         BASELINE="858,4418 967,4416 1076,4414 1185,4412 1295,4412 1404,4410 1513,4408 1623,4408 1732,4406 1841,4405 1951,4404 2060,4402 2169,4402 2278,4400 2388,4398 2497,4398 2606,4396 2716,4394 2825,4392 2934,4390 3044,4388"
                         HEIGHT="115"
                         WIDTH="2216"
                         VPOS="4299"
                         HPOS="843">
                  <String ID="string_region_1638885743122_2388l58"
                          HEIGHT="115"
                          WIDTH="2216"
                          VPOS="4299"
                          HPOS="843"
                          CONTENT="dhae ake is ie good sort of 37 a 31t &amp; I6 of those I have sold"/>
               </TextLine>
            </TextBlock>
            <TextBlock ID="region_1638885745675_2391"
                       HEIGHT="4339"
                       WIDTH="2613"
                       VPOS="145"
                       HPOS="3371">
               <Shape>
                  <Polygon POINTS="3371,145 5984,145 5984,4484 3371,4484"/>
               </Shape>
               <TextLine ID="region_1638885745675_2391l1"
                         BASELINE="3596,262 3712,260 3828,260 3945,258 4061,260 4178,260 4294,262 4410,262 4527,266 4643,268 4760,270 4876,272 4992,274 5109,278 5225,280 5342,283 5458,286 5574,288 5691,290 5807,290 5924,290"
                         HEIGHT="108"
                         WIDTH="2358"
                         VPOS="230"
                         HPOS="3582">
                  <String ID="string_region_1638885745675_2391l1"
                          HEIGHT="108"
                          WIDTH="2358"
                          VPOS="230"
                          HPOS="3582"
                          CONTENT="great quantitus wee estined also the. I.R, butt the last you sent wercso"/>
               </TextLine>
               <TextLine ID="region_1638885745675_2391l2"
                         BASELINE="3588,344 3706,342 3824,340 3942,340 4060,340 4178,340 4296,340 4414,340 4532,342 4650,343 4769,344 4887,346 5005,348 5123,350 5241,352 5359,354 5477,356 5595,358 5713,360 5831,362 5950,364"
                         HEIGHT="115"
                         WIDTH="2393"
                         VPOS="277"
                         HPOS="3573">
                  <String ID="string_region_1638885745675_2391l2"
                          HEIGHT="115"
                          WIDTH="2393"
                          VPOS="277"
                          HPOS="3573"
                          CONTENT="slight asever I saw 16.S. is also a good marck a governo - as to alderman"/>
               </TextLine>
               <TextLine ID="region_1638885745675_2391l3"
                         BASELINE="3620,422 3732,420 3844,420 3957,418 4069,420 4182,420 4294,420 4406,422 4519,422 4631,424 4744,426 4856,426 4968,428 5081,430 5193,430 5306,430 5418,430 5530,430 5643,430 5755,428 5868,426"
                         HEIGHT="98"
                         WIDTH="2278"
                         VPOS="386"
                         HPOS="3604">
                  <String ID="string_region_1638885745675_2391l3"
                          HEIGHT="98"
                          WIDTH="2278"
                          VPOS="386"
                          HPOS="3604"
                          CONTENT="samuel sijkes, can you gett in with him leave the others, or att least"/>
               </TextLine>
               <TextLine ID="region_1638885745675_2391l4"
                         BASELINE="3590,506 3704,504 3819,502 3934,500 4048,500 4163,500 4278,500 4392,501 4507,502 4622,502 4737,504 4851,504 4966,506 5081,506 5195,506 5310,506 5425,505 5539,504 5654,501 5769,498 5884,494"
                         HEIGHT="106"
                         WIDTH="2325"
                         VPOS="426"
                         HPOS="3574">
                  <String ID="string_region_1638885745675_2391l4"
                          HEIGHT="106"
                          WIDTH="2325"
                          VPOS="426"
                          HPOS="3574"
                          CONTENT="lett him make atryall of all sorts, for he understands the bussynes to "/>
               </TextLine>
               <TextLine ID="region_1638885745675_2391l5"
                         BASELINE="3616,580 3731,580 3846,580 3962,580 4077,581 4193,582 4308,584 4423,586 4539,588 4654,590 4770,590 4885,592 5000,592 5116,592 5231,592 5347,590 5462,587 5577,584 5693,578 5808,572 5924,564"
                         HEIGHT="121"
                         WIDTH="2339"
                         VPOS="502"
                         HPOS="3601">
                  <String ID="string_region_1638885745675_2391l5"
                          HEIGHT="121"
                          WIDTH="2339"
                          VPOS="502"
                          HPOS="3601"
                          CONTENT="my know ledge &amp; experiency, where fore I would rather have you to in order"/>
               </TextLine>
               <TextLine ID="region_1638885745675_2391l6"
                         BASELINE="3602,660 3717,660 3833,660 3948,660 4064,662 4179,664 4295,666 4410,668 4526,670 4641,672 4757,674 4872,676 4988,676 5103,678 5219,678 5334,676 5450,676 5565,672 5681,670 5796,664 5912,658"
                         HEIGHT="111"
                         WIDTH="2340"
                         VPOS="615"
                         HPOS="3588">
                  <String ID="string_region_1638885745675_2391l6"
                          HEIGHT="111"
                          WIDTH="2340"
                          VPOS="615"
                          HPOS="3588"
                          CONTENT="att least some goods from him for he is able to do itt well &amp; as cheapes "/>
               </TextLine>
               <TextLine ID="region_1638885745675_2391l7"
                         BASELINE="3610,744 3725,744 3840,744 3955,744 4071,746 4186,746 4301,748 4417,750 4532,752 4647,753 4763,754 4878,756 4993,756 5108,756 5224,756 5339,756 5454,754 5570,752 5685,749 5800,745 5916,740"
                         HEIGHT="108"
                         WIDTH="2337"
                         VPOS="689"
                         HPOS="3595">
                  <String ID="string_region_1638885745675_2391l7"
                          HEIGHT="108"
                          WIDTH="2337"
                          VPOS="689"
                          HPOS="3595"
                          CONTENT="any other what soever: I have tole you that the cloathes sent do not hold"/>
               </TextLine>
               <TextLine ID="region_1638885745675_2391l8"
                         BASELINE="3610,824 3721,824 3833,824 3945,824 4056,826 4168,826 4280,828 4391,828 4503,830 4615,830 4727,830 4838,832 4950,832 5062,832 5173,830 5285,829 5397,828 5508,824 5620,821 5732,817 5844,812"
                         HEIGHT="112"
                         WIDTH="2262"
                         VPOS="752"
                         HPOS="3596">
                  <String ID="string_region_1638885745675_2391l8"
                          HEIGHT="112"
                          WIDTH="2262"
                          VPOS="752"
                          HPOS="3596"
                          CONTENT="out their lenght nor brath where fore there must be punctually "/>
               </TextLine>
               <TextLine ID="region_1638885745675_2391l9"
                         BASELINE="3602,902 3716,900 3831,900 3945,900 4060,902 4174,903 4289,904 4403,906 4518,908 4632,910 4747,912 4861,912 4976,912 5090,912 5205,911 5319,909 5434,906 5548,902 5663,896 5777,889 5892,880"
                         HEIGHT="139"
                         WIDTH="2319"
                         VPOS="818"
                         HPOS="3587">
                  <String ID="string_region_1638885745675_2391l9"
                          HEIGHT="139"
                          WIDTH="2319"
                          VPOS="818"
                          HPOS="3587"
                          CONTENT="notice taken that they befulls t yd white with in the lifts, short "/>
               </TextLine>
               <TextLine ID="region_1638885745675_2391l10"
                         BASELINE="3602,972 3717,972 3833,972 3949,974 4065,975 4181,978 4296,979 4412,982 4528,984 4644,986 4760,988 4875,990 4991,990 5107,992 5223,990 5339,990 5454,988 5570,984 5686,981 5802,974 5918,968"
                         HEIGHT="127"
                         WIDTH="2346"
                         VPOS="912"
                         HPOS="3587">
                  <String ID="string_region_1638885745675_2391l10"
                          HEIGHT="127"
                          WIDTH="2346"
                          VPOS="912"
                          HPOS="3587"
                          CONTENT="in their wooll drest &amp; prest all the cloth over &amp; not onely about the lifts"/>
               </TextLine>
               <TextLine ID="region_1638885745675_2391l11"
                         BASELINE="3614,1044 3728,1045 3843,1046 3958,1048 4072,1050 4187,1052 4302,1054 4416,1056 4531,1060 4646,1062 4761,1064 4875,1066 4990,1066 5105,1066 5219,1066 5334,1066 5449,1062 5563,1060 5678,1054 5793,1048 5908,1040"
                         HEIGHT="110"
                         WIDTH="2325"
                         VPOS="978"
                         HPOS="3598">
                  <String ID="string_region_1638885745675_2391l11"
                          HEIGHT="110"
                          WIDTH="2325"
                          VPOS="978"
                          HPOS="3598"
                          CONTENT="where they are seen, for other wise wee have no soones complaints, butt "/>
               </TextLine>
               <TextLine ID="region_1638885745675_2391l12"
                         BASELINE="3612,1128 3728,1128 3844,1128 3961,1130 4077,1132 4194,1134 4310,1136 4426,1138 4543,1141 4659,1143 4776,1144 4892,1146 5008,1146 5125,1146 5241,1145 5358,1144 5474,1140 5590,1136 5707,1129 5823,1122 5940,1112"
                         HEIGHT="133"
                         WIDTH="2358"
                         VPOS="1064"
                         HPOS="3596">
                  <String ID="string_region_1638885745675_2391l12"
                          HEIGHT="133"
                          WIDTH="2358"
                          VPOS="1064"
                          HPOS="3596"
                          CONTENT="when the goods are opened, so pleased to considder that all our gaine depend"/>
               </TextLine>
               <TextLine ID="region_1638885745675_2391l13"
                         BASELINE="3600,1216 3716,1216 3833,1216 3950,1216 4067,1218 4184,1219 4301,1221 4418,1222 4535,1224 4652,1226 4769,1228 4885,1230 5002,1230 5119,1230 5236,1230 5353,1228 5470,1226 5587,1222 5704,1217 5821,1210 5938,1202"
                         HEIGHT="115"
                         WIDTH="2369"
                         VPOS="1142"
                         HPOS="3584">
                  <String ID="string_region_1638885745675_2391l13"
                          HEIGHT="115"
                          WIDTH="2369"
                          VPOS="1142"
                          HPOS="3584"
                          CONTENT="from well buying in, God be thanked wee hadd a good sale &amp; do not question"/>
               </TextLine>
               <TextLine ID="region_1638885745675_2391l14"
                         BASELINE="3602,1292 3716,1290 3831,1290 3946,1290 4061,1291 4176,1292 4291,1294 4406,1296 4521,1298 4636,1300 4751,1303 4865,1305 4980,1306 5095,1308 5210,1308 5325,1308 5440,1308 5555,1306 5670,1303 5785,1298 5900,1294"
                         HEIGHT="86"
                         WIDTH="2329"
                         VPOS="1265"
                         HPOS="3587">
                  <String ID="string_region_1638885745675_2391l14"
                          HEIGHT="86"
                          WIDTH="2329"
                          VPOS="1265"
                          HPOS="3587"
                          CONTENT="butt you will finde the proffitt answerable &amp; really, had imr. chipping"/>
               </TextLine>
               <TextLine ID="region_1638885745675_2391l15"
                         BASELINE="3606,1368 3722,1366 3838,1366 3954,1366 4071,1366 4187,1368 4303,1368 4420,1370 4536,1372 4652,1372 4769,1374 4885,1376 5001,1377 5117,1378 5234,1378 5350,1378 5466,1378 5583,1378 5699,1376 5815,1373 5932,1370"
                         HEIGHT="126"
                         WIDTH="2357"
                         VPOS="1309"
                         HPOS="3590">
                  <String ID="string_region_1638885745675_2391l15"
                          HEIGHT="126"
                          WIDTH="2357"
                          VPOS="1309"
                          HPOS="3590"
                          CONTENT="been adving wee should have advanced yett more, because I onely soed most"/>
               </TextLine>
               <TextLine ID="region_1638885745675_2391l16"
                         BASELINE="3600,1448 3714,1447 3829,1446 3944,1446 4058,1446 4173,1448 4288,1448 4402,1450 4517,1452 4632,1453 4747,1454 4861,1456 4976,1456 5091,1456 5205,1456 5320,1454 5435,1452 5549,1448 5664,1444 5779,1438 5894,1430"
                         HEIGHT="98"
                         WIDTH="2321"
                         VPOS="1400"
                         HPOS="3587">
                  <String ID="string_region_1638885745675_2391l16"
                          HEIGHT="98"
                          WIDTH="2321"
                          VPOS="1400"
                          HPOS="3587"
                          CONTENT="of the last goods for want of others, butt itt is not to gett reputation"/>
               </TextLine>
               <TextLine ID="region_1638885745675_2391l17"
                         BASELINE="3596,1528 3712,1525 3828,1524 3945,1524 4061,1524 4178,1524 4294,1526 4410,1528 4527,1530 4643,1532 4760,1534 4876,1534 4992,1536 5109,1536 5225,1534 5342,1532 5458,1530 5574,1525 5691,1520 5807,1513 5924,1502"
                         HEIGHT="158"
                         WIDTH="2357"
                         VPOS="1433"
                         HPOS="3582">
                  <String ID="string_region_1638885745675_2391l17"
                          HEIGHT="158"
                          WIDTH="2357"
                          VPOS="1433"
                          HPOS="3582"
                          CONTENT="bij where fore wee must have a fast hand againd that doth itt well over"/>
               </TextLine>
               <TextLine ID="region_1638885745675_2391l18"
                         BASELINE="3598,1598 3714,1598 3830,1598 3946,1600 4062,1600 4178,1602 4294,1604 4410,1605 4526,1606 4642,1608 4759,1608 4875,1610 4991,1610 5107,1610 5223,1608 5339,1606 5455,1604 5571,1600 5687,1596 5803,1591 5920,1584"
                         HEIGHT="125"
                         WIDTH="2351"
                         VPOS="1516"
                         HPOS="3584">
                  <String ID="string_region_1638885745675_2391l18"
                          HEIGHT="125"
                          WIDTH="2351"
                          VPOS="1516"
                          HPOS="3584"
                          CONTENT="elce wre are undon &amp; I kent is so well sereed, that he hath hetherto "/>
               </TextLine>
               <TextLine ID="region_1638885745675_2391l19"
                         BASELINE="3594,1662 3708,1666 3822,1669 3937,1672 4051,1674 4166,1676 4280,1676 4394,1678 4509,1678 4623,1678 4738,1678 4852,1678 4966,1676 5081,1674 5195,1674 5310,1670 5424,1668 5538,1664 5653,1662 5767,1658 5882,1652"
                         HEIGHT="96"
                         WIDTH="2319"
                         VPOS="1611"
                         HPOS="3578">
                  <String ID="string_region_1638885745675_2391l19"
                          HEIGHT="96"
                          WIDTH="2319"
                          VPOS="1611"
                          HPOS="3578"
                          CONTENT="eexceeded us I must advise you not to be intimate with him, for he "/>
               </TextLine>
               <TextLine ID="region_1638885745675_2391l20"
                         BASELINE="3610,1742 3721,1743 3833,1744 3945,1746 4057,1748 4169,1750 4280,1750 4392,1752 4504,1752 4616,1752 4728,1752 4839,1752 4951,1751 5063,1750 5175,1748 5287,1746 5398,1742 5510,1738 5622,1734 5734,1728 5846,1720"
                         HEIGHT="107"
                         WIDTH="2266"
                         VPOS="1681"
                         HPOS="3596">
                  <String ID="string_region_1638885745675_2391l20"
                          HEIGHT="107"
                          WIDTH="2266"
                          VPOS="1681"
                          HPOS="3596"
                          CONTENT="will not freind you butt onely gett his advantidge by yd discours &amp; so"/>
               </TextLine>
               <TextLine ID="region_1638885745675_2391l21"
                         BASELINE="5102,1836 5137,1835 5172,1832 5207,1831 5242,1828 5278,1828 5313,1826 5348,1825 5383,1824 5418,1824 5454,1824 5489,1822 5524,1822 5559,1822 5594,1820 5630,1820 5665,1819 5700,1818 5735,1818 5770,1816 5806,1814"
                         HEIGHT="127"
                         WIDTH="738"
                         VPOS="1755"
                         HPOS="5084">
                  <String ID="string_region_1638885745675_2391l21"
                          HEIGHT="127"
                          WIDTH="738"
                          VPOS="1755"
                          HPOS="5084"
                          CONTENT="In Antwarp: 15 Aprill"/>
               </TextLine>
               <TextLine ID="region_1638885745675_2391l22"
                         BASELINE="3378,1838 3416,1836 3455,1834 3494,1832 3533,1830 3572,1830 3611,1828 3650,1828 3689,1827 3728,1826 3767,1826 3805,1826 3844,1826 3883,1826 3922,1826 3961,1826 4000,1825 4039,1824 4078,1824 4117,1824 4156,1824"
                         HEIGHT="164"
                         WIDTH="812"
                         VPOS="1716"
                         HPOS="3360">
                  <String ID="string_region_1638885745675_2391l22"
                          HEIGHT="164"
                          WIDTH="812"
                          VPOS="1716"
                          HPOS="3360"
                          CONTENT="London Henry Maynard"/>
               </TextLine>
               <TextLine ID="region_1638885745675_2391l23"
                         BASELINE="4464,1872 4492,1869 4521,1866 4549,1865 4578,1862"
                         HEIGHT="94"
                         WIDTH="147"
                         VPOS="1792"
                         HPOS="4445">
                  <String ID="string_region_1638885745675_2391l23"
                          HEIGHT="94"
                          WIDTH="147"
                          VPOS="1792"
                          HPOS="4445"
                          CONTENT="pmso"/>
               </TextLine>
               <TextLine ID="region_1638885745675_2391l24"
                         BASELINE="3598,1910 3714,1909 3830,1908 3946,1908 4062,1908 4179,1908 4295,1908 4411,1910 4527,1910 4643,1910 4760,1910 4876,1910 4992,1908 5108,1908 5224,1906 5341,1902 5457,1900 5573,1895 5689,1890 5805,1882 5922,1876"
                         HEIGHT="164"
                         WIDTH="2355"
                         VPOS="1799"
                         HPOS="3583">
                  <String ID="string_region_1638885745675_2391l24"
                          HEIGHT="164"
                          WIDTH="2355"
                          VPOS="1799"
                          HPOS="3583"
                          CONTENT="S. I have before mee yd of p. curitt as yett have no news of any goods arrived att"/>
               </TextLine>
               <TextLine ID="region_1638885745675_2391l25"
                         BASELINE="3590,1982 3707,1978 3824,1974 3941,1972 4058,1972 4175,1970 4292,1970 4409,1970 4526,1972 4643,1972 4760,1972 4877,1972 4994,1972 5111,1972 5228,1970 5345,1970 5462,1966 5579,1962 5696,1957 5813,1951 5930,1942"
                         HEIGHT="123"
                         WIDTH="2369"
                         VPOS="1881"
                         HPOS="3576">
                  <String ID="string_region_1638885745675_2391l25"
                          HEIGHT="123"
                          WIDTH="2369"
                          VPOS="1881"
                          HPOS="3576"
                          CONTENT="Rotterdam, af sooneas they are aver shall on order more which I delayd, "/>
               </TextLine>
               <TextLine ID="region_1638885745675_2391l26"
                         BASELINE="3588,2058 3704,2054 3820,2050 3936,2048 4052,2046 4168,2044 4284,2044 4400,2044 4516,2044 4632,2042 4749,2042 4865,2042 4981,2040 5097,2040 5213,2038 5329,2034 5445,2031 5561,2026 5677,2020 5793,2014 5910,2006"
                         HEIGHT="131"
                         WIDTH="2352"
                         VPOS="1947"
                         HPOS="3573">
                  <String ID="string_region_1638885745675_2391l26"
                          HEIGHT="131"
                          WIDTH="2352"
                          VPOS="1947"
                          HPOS="3573"
                          CONTENT="because exspect some now pattarnes everj day, which shall be sent you ms"/>
               </TextLine>
               <TextLine ID="region_1638885745675_2391l27"
                         BASELINE="3608,2132 3724,2126 3840,2122 3956,2120 4072,2118 4188,2116 4304,2116 4420,2116 4536,2116 4652,2116 4768,2114 4884,2114 5000,2112 5116,2110 5232,2105 5348,2101 5464,2095 5580,2087 5696,2076 5812,2065 5928,2050"
                         HEIGHT="103"
                         WIDTH="2351"
                         VPOS="2060"
                         HPOS="3592">
                  <String ID="string_region_1638885745675_2391l27"
                          HEIGHT="103"
                          WIDTH="2351"
                          VPOS="2060"
                          HPOS="3592"
                          CONTENT="not wonder that I do not in ordere goorse st with all speed to governe yd"/>
               </TextLine>
               <TextLine ID="region_1638885745675_2391l28"
                         BASELINE="3602,2210 3717,2202 3833,2196 3948,2190 4064,2187 4180,2184 4295,2182 4411,2180 4526,2178 4642,2176 4758,2175 4873,2174 4989,2172 5104,2169 5220,2166 5336,2160 5451,2156 5567,2148 5682,2140 5798,2131 5914,2118"
                         HEIGHT="175"
                         WIDTH="2343"
                         VPOS="2061"
                         HPOS="3585">
                  <String ID="string_region_1638885745675_2391l28"
                          HEIGHT="175"
                          WIDTH="2343"
                          VPOS="2061"
                          HPOS="3585"
                          CONTENT="self accordingly  you must not wonder that I do not ip order 40 or 50 spanis"/>
               </TextLine>
               <TextLine ID="region_1638885745675_2391l29"
                         BASELINE="3578,2274 3695,2268 3812,2263 3929,2258 4046,2254 4163,2252 4280,2250 4397,2248 4514,2246 4631,2246 4749,2244 4866,2242 4983,2240 5100,2238 5217,2234 5334,2230 5451,2225 5568,2219 5685,2210 5802,2201 5920,2190"
                         HEIGHT="179"
                         WIDTH="2374"
                         VPOS="2142"
                         HPOS="3561">
                  <String ID="string_region_1638885745675_2391l29"
                          HEIGHT="179"
                          WIDTH="2374"
                          VPOS="2142"
                          HPOS="3561"
                          CONTENT="cloathes att time first our demand is slow, besides I utt off non or few"/>
               </TextLine>
               <TextLine ID="region_1638885745675_2391l30"
                         BASELINE="3588,2344 3704,2338 3820,2332 3936,2328 4052,2326 4168,2322 4284,2321 4400,2320 4516,2318 4632,2318 4749,2316 4865,2316 4981,2314 5097,2312 5213,2308 5329,2304 5445,2300 5561,2293 5677,2285 5793,2277 5910,2266"
                         HEIGHT="146"
                         WIDTH="2353"
                         VPOS="2214"
                         HPOS="3572">
                  <String ID="string_region_1638885745675_2391l30"
                          HEIGHT="146"
                          WIDTH="2353"
                          VPOS="2214"
                          HPOS="3572"
                          CONTENT="except I gett a fair better ratt then formerly &amp; goods so much deaver keeps "/>
               </TextLine>
               <TextLine ID="region_1638885745675_2391l31"
                         BASELINE="3594,2418 3710,2414 3826,2412 3942,2410 4058,2408 4175,2405 4291,2402 4407,2400 4523,2398 4639,2396 4756,2394 4872,2390 4988,2386 5104,2381 5220,2376 5337,2370 5453,2364 5569,2357 5685,2348 5801,2338 5918,2328"
                         HEIGHT="174"
                         WIDTH="2356"
                         VPOS="2287"
                         HPOS="3577">
                  <String ID="string_region_1638885745675_2391l31"
                          HEIGHT="174"
                          WIDTH="2356"
                          VPOS="2287"
                          HPOS="3577"
                          CONTENT="every one backward in buying, I want almost allsorts of cullours in low"/>
               </TextLine>
               <TextLine ID="region_1638885745675_2391l32"
                         BASELINE="3594,2498 3706,2492 3819,2486 3931,2484 4044,2480 4157,2478 4269,2476 4382,2474 4494,2472 4607,2472 4720,2470 4832,2468 4945,2466 5057,2462 5170,2458 5283,2453 5395,2448 5508,2440 5620,2431 5733,2420 5846,2406"
                         HEIGHT="204"
                         WIDTH="2283"
                         VPOS="2353"
                         HPOS="3577">
                  <String ID="string_region_1638885745675_2391l32"
                          HEIGHT="204"
                          WIDTH="2283"
                          VPOS="2353"
                          HPOS="3577"
                          CONTENT="prijses from 6 to 7 s ayd butt no grayes more, of which you will have a"/>
               </TextLine>
               <TextLine ID="region_1638885745675_2391l33"
                         BASELINE="3584,2574 3700,2570 3816,2567 3932,2564 4048,2562 4164,2560 4280,2558 4396,2556 4512,2556 4628,2554 4745,2552 4861,2550 4977,2548 5093,2544 5209,2540 5325,2536 5441,2531 5557,2525 5673,2516 5789,2507 5906,2498"
                         HEIGHT="180"
                         WIDTH="2353"
                         VPOS="2414"
                         HPOS="3568">
                  <String ID="string_region_1638885745675_2391l33"
                          HEIGHT="180"
                          WIDTH="2353"
                          VPOS="2414"
                          HPOS="3568"
                          CONTENT="more complg instructions pr. next dispatch the blews &amp; auroras with all"/>
               </TextLine>
               <TextLine ID="region_1638885745675_2391l34"
                         BASELINE="3592,2652 3707,2648 3823,2645 3938,2644 4054,2642 4169,2640 4285,2640 4400,2640 4516,2638 4631,2638 4747,2636 4862,2634 4978,2632 5093,2630 5209,2626 5324,2620 5440,2614 5555,2608 5671,2598 5786,2589 5902,2576"
                         HEIGHT="123"
                         WIDTH="2340"
                         VPOS="2581"
                         HPOS="3577">
                  <String ID="string_region_1638885745675_2391l34"
                          HEIGHT="123"
                          WIDTH="2340"
                          VPOS="2581"
                          HPOS="3577"
                          CONTENT="speed, for they are much wanted I wonder I receaved no pattarnes from you"/>
               </TextLine>
               <TextLine ID="region_1638885745675_2391l35"
                         BASELINE="3566,2732 3681,2730 3797,2728 3913,2726 4029,2725 4145,2724 4261,2722 4377,2720 4493,2718 4609,2716 4725,2712 4840,2710 4956,2708 5072,2704 5188,2700 5304,2697 5420,2693 5536,2690 5652,2685 5768,2680 5884,2674"
                         HEIGHT="129"
                         WIDTH="2349"
                         VPOS="2618"
                         HPOS="3549">
                  <String ID="string_region_1638885745675_2391l35"
                          HEIGHT="129"
                          WIDTH="2349"
                          VPOS="2618"
                          HPOS="3549"
                          CONTENT="of the bale of Posins in ordered from the north neither any advise that is "/>
               </TextLine>
               <TextLine ID="region_1638885745675_2391l36"
                         BASELINE="3570,2806 3684,2804 3798,2803 3912,2802 4027,2800 4141,2798 4255,2796 4370,2794 4484,2792 4598,2790 4713,2788 4827,2784 4941,2782 5055,2778 5170,2774 5284,2769 5398,2764 5513,2758 5627,2751 5741,2744 5856,2736"
                         HEIGHT="135"
                         WIDTH="2315"
                         VPOS="2688"
                         HPOS="3555">
                  <String ID="string_region_1638885745675_2391l36"
                          HEIGHT="135"
                          WIDTH="2315"
                          VPOS="2688"
                          HPOS="3555"
                          CONTENT="don with them I could wish them here, for I have not one p resting of what"/>
               </TextLine>
               <TextLine ID="region_1638885745675_2391l37"
                         BASELINE="3566,2886 3683,2882 3800,2878 3918,2874 4035,2872 4153,2870 4270,2870 4387,2868 4505,2867 4622,2866 4740,2864 4857,2864 4974,2862 5092,2859 5209,2855 5327,2852 5444,2846 5561,2840 5679,2833 5796,2824 5914,2814"
                         HEIGHT="156"
                         WIDTH="2380"
                         VPOS="2761"
                         HPOS="3549">
                  <String ID="string_region_1638885745675_2391l37"
                          HEIGHT="156"
                          WIDTH="2380"
                          VPOS="2761"
                          HPOS="3549"
                          CONTENT="sort, so pacy do not for gett itt &amp; to wards the latter end of next month"/>
               </TextLine>
               <TextLine ID="region_1638885745675_2391l38"
                         BASELINE="3558,2950 3675,2950 3792,2950 3910,2950 4027,2950 4145,2950 4262,2950 4379,2950 4497,2950 4614,2949 4732,2948 4849,2946 4966,2944 5084,2942 5201,2938 5319,2934 5436,2928 5553,2922 5671,2914 5788,2905 5906,2896"
                         HEIGHT="153"
                         WIDTH="2377"
                         VPOS="2833"
                         HPOS="3543">
                  <String ID="string_region_1638885745675_2391l38"
                          HEIGHT="153"
                          WIDTH="2377"
                          VPOS="2833"
                          HPOS="3543"
                          CONTENT="will be time to provided white kersies, where fore you may gett a bald of "/>
               </TextLine>
               <TextLine ID="region_1638885745675_2391l39"
                         BASELINE="3612,3030 3727,3028 3842,3026 3957,3026 4073,3026 4188,3026 4303,3026 4419,3026 4534,3026 4649,3026 4765,3024 4880,3024 4995,3021 5110,3018 5226,3016 5341,3011 5456,3006 5572,2998 5687,2990 5802,2981 5918,2970"
                         HEIGHT="143"
                         WIDTH="2336"
                         VPOS="2915"
                         HPOS="3596">
                  <String ID="string_region_1638885745675_2391l39"
                          HEIGHT="143"
                          WIDTH="2336"
                          VPOS="2915"
                          HPOS="3596"
                          CONTENT="1½ lenght made towards that time, butt they must be of al most 3 ½quart"/>
               </TextLine>
               <TextLine ID="region_1638885745675_2391l40"
                         BASELINE="3578,3100 3694,3100 3811,3098 3928,3098 4045,3098 4162,3098 4278,3098 4395,3098 4512,3099 4629,3100 4746,3098 4862,3098 4979,3098 5096,3096 5213,3094 5330,3092 5446,3088 5563,3084 5680,3080 5797,3074 5914,3066"
                         HEIGHT="150"
                         WIDTH="2366"
                         VPOS="3003"
                         HPOS="3562">
                  <String ID="string_region_1638885745675_2391l40"
                          HEIGHT="150"
                          WIDTH="2366"
                          VPOS="3003"
                          HPOS="3562"
                          CONTENT="of ayd broadred lifts for unless they hold out an elland ½ quarter that is thse"/>
               </TextLine>
               <TextLine ID="region_1638885745675_2391l41"
                         BASELINE="3582,3178 3696,3178 3811,3178 3926,3178 4041,3178 4156,3178 4271,3178 4386,3178 4501,3178 4616,3178 4731,3176 4845,3174 4960,3173 5075,3170 5190,3168 5305,3165 5420,3161 5535,3158 5650,3152 5765,3147 5880,3140"
                         HEIGHT="115"
                         WIDTH="2329"
                         VPOS="3103"
                         HPOS="3567">
                  <String ID="string_region_1638885745675_2391l41"
                          HEIGHT="115"
                          WIDTH="2329"
                          VPOS="3103"
                          HPOS="3567"
                          CONTENT="wee can not sell y. where fore itt would be the better, in case they were ⅓ of"/>
               </TextLine>
               <TextLine ID="region_1638885745675_2391l42"
                         BASELINE="3570,3264 3683,3262 3797,3260 3910,3258 4024,3258 4138,3256 4251,3256 4365,3254 4478,3254 4592,3252 4706,3252 4819,3250 4933,3248 5046,3247 5160,3244 5274,3242 5387,3239 5501,3236 5614,3231 5728,3226 5842,3220"
                         HEIGHT="113"
                         WIDTH="2302"
                         VPOS="3166"
                         HPOS="3554">
                  <String ID="string_region_1638885745675_2391l42"
                          HEIGHT="113"
                          WIDTH="2302"
                          VPOS="3166"
                          HPOS="3554"
                          CONTENT="ayd full broad, aa governo. I long to see the northen cloathes, for I shall"/>
               </TextLine>
               <TextLine ID="region_1638885745675_2391l43"
                         BASELINE="3570,3342 3685,3339 3800,3336 3916,3336 4031,3336 4147,3336 4262,3336 4377,3336 4493,3336 4608,3336 4724,3336 4839,3334 4954,3334 5070,3332 5185,3330 5301,3326 5416,3321 5531,3314 5647,3307 5762,3300 5878,3288"
                         HEIGHT="136"
                         WIDTH="2340"
                         VPOS="3242"
                         HPOS="3554">
                  <String ID="string_region_1638885745675_2391l43"
                          HEIGHT="136"
                          WIDTH="2340"
                          VPOS="3242"
                          HPOS="3554"
                          CONTENT="want more towards summer &amp; would faine see these goods first, before"/>
               </TextLine>
               <TextLine ID="region_1638885745675_2391l44"
                         BASELINE="3586,3412 3700,3412 3814,3412 3928,3412 4042,3414 4156,3414 4270,3414 4384,3416 4498,3416 4612,3416 4726,3416 4840,3414 4954,3414 5068,3412 5182,3410 5296,3407 5410,3404 5524,3400 5638,3395 5752,3390 5866,3382"
                         HEIGHT="150"
                         WIDTH="2311"
                         VPOS="3297"
                         HPOS="3569">
                  <String ID="string_region_1638885745675_2391l44"
                          HEIGHT="150"
                          WIDTH="2311"
                          VPOS="3297"
                          HPOS="3569"
                          CONTENT="wee proceed I have given you creditt for my Lpart in the bale N. 11 withree"/>
               </TextLine>
               <TextLine ID="region_1638885745675_2391l45"
                         BASELINE="3574,3492 3689,3492 3805,3492 3921,3492 4037,3492 4153,3494 4268,3494 4384,3494 4500,3496 4616,3496 4732,3496 4847,3496 4963,3496 5079,3494 5195,3493 5311,3491 5426,3488 5542,3484 5658,3480 5774,3474 5890,3468"
                         HEIGHT="134"
                         WIDTH="2345"
                         VPOS="3393"
                         HPOS="3560">
                  <String ID="string_region_1638885745675_2391l45"
                          HEIGHT="134"
                          WIDTH="2345"
                          VPOS="3393"
                          HPOS="3560"
                          CONTENT="cottons, which I supose come to late togo michiel Dehaes, because some"/>
               </TextLine>
               <TextLine ID="region_1638885745675_2391l46"
                         BASELINE="3572,3554 3687,3558 3802,3560 3918,3562 4033,3564 4149,3566 4264,3568 4379,3568 4495,3568 4610,3568 4726,3568 4841,3568 4956,3566 5072,3566 5187,3564 5303,3564 5418,3562 5533,3560 5649,3560 5764,3558 5880,3556"
                         HEIGHT="104"
                         WIDTH="2339"
                         VPOS="3502"
                         HPOS="3556">
                  <String ID="string_region_1638885745675_2391l46"
                          HEIGHT="104"
                          WIDTH="2339"
                          VPOS="3502"
                          HPOS="3556"
                          CONTENT="body told mee that he is ready arrived, so do exspect to heare further as to"/>
               </TextLine>
               <TextLine ID="region_1638885745675_2391l47"
                         BASELINE="3576,3624 3691,3627 3806,3630 3922,3631 4037,3633 4153,3634 4268,3636 4383,3638 4499,3638 4614,3640 4730,3640 4845,3640 4960,3640 5076,3640 5191,3640 5307,3638 5422,3636 5537,3636 5653,3633 5768,3630 5884,3626"
                         HEIGHT="104"
                         WIDTH="2339"
                         VPOS="3574"
                         HPOS="3561">
                  <String ID="string_region_1638885745675_2391l47"
                          HEIGHT="104"
                          WIDTH="2339"
                          VPOS="3574"
                          HPOS="3561"
                          CONTENT="that as also of the shipping of, of the resting cottons &amp; the acctt of "/>
               </TextLine>
               <TextLine ID="region_1638885745675_2391l48"
                         BASELINE="3568,3704 3684,3707 3800,3710 3917,3712 4033,3714 4150,3716 4266,3718 4382,3720 4499,3722 4615,3724 4732,3724 4848,3726 4964,3726 5081,3726 5197,3724 5314,3722 5430,3720 5546,3716 5663,3712 5779,3707 5896,3702"
                         HEIGHT="113"
                         WIDTH="2360"
                         VPOS="3653"
                         HPOS="3552">
                  <String ID="string_region_1638885745675_2391l48"
                          HEIGHT="113"
                          WIDTH="2360"
                          VPOS="3653"
                          HPOS="3552"
                          CONTENT="sale of last month is made up butt for want of time not drawne outso "/>
               </TextLine>
               <TextLine ID="region_1638885745675_2391l49"
                         BASELINE="3566,3796 3682,3794 3799,3794 3915,3794 4032,3796 4149,3798 4265,3800 4382,3801 4498,3804 4615,3806 4732,3807 4848,3808 4965,3810 5081,3810 5198,3808 5315,3808 5431,3806 5548,3801 5664,3796 5781,3790 5898,3782"
                         HEIGHT="156"
                         WIDTH="2360"
                         VPOS="3705"
                         HPOS="3552">
                  <String ID="string_region_1638885745675_2391l49"
                          HEIGHT="156"
                          WIDTH="2360"
                          VPOS="3705"
                          HPOS="3552"
                          CONTENT="shall send itt p next without faile, shall also very speedly remitt you for "/>
               </TextLine>
               <TextLine ID="region_1638885745675_2391l50"
                         BASELINE="3576,3878 3682,3880 3788,3880 3894,3882 4000,3882 4107,3884 4213,3886 4319,3886 4425,3888 4531,3888 4638,3888 4744,3890 4850,3890 4956,3890 5062,3889 5169,3888 5275,3886 5381,3886 5487,3884 5593,3880 5700,3878"
                         HEIGHT="90"
                         WIDTH="2153"
                         VPOS="3814"
                         HPOS="3561">
                  <String ID="string_region_1638885745675_2391l50"
                          HEIGHT="90"
                          WIDTH="2153"
                          VPOS="3814"
                          HPOS="3561"
                          CONTENT="boath acctt. beeng a gathering for that purpose whilst I remaine"/>
               </TextLine>
               <TextLine ID="region_1638885745675_2391l51"
                         BASELINE="3572,3972 3685,3970 3799,3970 3912,3970 4026,3971 4139,3972 4253,3974 4366,3976 4480,3978 4593,3980 4707,3982 4820,3984 4934,3984 5047,3986 5161,3986 5274,3984 5388,3982 5501,3980 5615,3975 5728,3970 5842,3962"
                         HEIGHT="120"
                         WIDTH="2302"
                         VPOS="3903"
                         HPOS="3556">
                  <String ID="string_region_1638885745675_2391l51"
                          HEIGHT="120"
                          WIDTH="2302"
                          VPOS="3903"
                          HPOS="3556"
                          CONTENT="mr. maynard I want here apress to make packes such as yd packersuso"/>
               </TextLine>
               <TextLine ID="region_1638885745675_2391l52"
                         BASELINE="3554,4060 3669,4060 3784,4058 3900,4058 4015,4058 4131,4060 4246,4061 4361,4062 4477,4064 4592,4066 4708,4066 4823,4068 4938,4068 5054,4070 5169,4070 5285,4068 5400,4068 5515,4066 5631,4062 5746,4060 5862,4054"
                         HEIGHT="89"
                         WIDTH="2340"
                         VPOS="3987"
                         HPOS="3538">
                  <String ID="string_region_1638885745675_2391l52"
                          HEIGHT="89"
                          WIDTH="2340"
                          VPOS="3987"
                          HPOS="3538"
                          CONTENT="to make up their packes wherefore could wish you would provide one of the "/>
               </TextLine>
               <TextLine ID="region_1638885745675_2391l53"
                         BASELINE="3554,4142 3670,4140 3787,4140 3904,4140 4021,4142 4138,4144 4254,4146 4371,4148 4488,4150 4605,4154 4722,4156 4838,4158 4955,4160 5072,4160 5189,4160 5306,4160 5422,4158 5539,4154 5656,4150 5773,4145 5890,4138"
                         HEIGHT="118"
                         WIDTH="2366"
                         VPOS="4090"
                         HPOS="3539">
                  <String ID="string_region_1638885745675_2391l53"
                          HEIGHT="118"
                          WIDTH="2366"
                          VPOS="4090"
                          HPOS="3539"
                          CONTENT="longest sorted because our roomes are deepter then yd in England, whoenes as "/>
               </TextLine>
               <TextLine ID="region_1638885745675_2391l54"
                         BASELINE="3570,4218 3686,4218 3802,4220 3918,4222 4034,4224 4151,4228 4267,4230 4383,4232 4499,4235 4615,4238 4732,4240 4848,4240 4964,4242 5080,4242 5196,4242 5313,4240 5429,4238 5545,4233 5661,4228 5777,4223 5894,4214"
                         HEIGHT="127"
                         WIDTH="2355"
                         VPOS="4163"
                         HPOS="3555">
                  <String ID="string_region_1638885745675_2391l54"
                          HEIGHT="127"
                          WIDTH="2355"
                          VPOS="4163"
                          HPOS="3555"
                          CONTENT="best you can have itt I should gett one made here butt ous peaile donsr undessard"/>
               </TextLine>
               <TextLine ID="region_1638885745675_2391l55"
                         BASELINE="3568,4298 3681,4302 3794,4307 3907,4310 4020,4314 4134,4317 4247,4320 4360,4322 4473,4324 4586,4326 4700,4328 4813,4330 4926,4330 5039,4330 5152,4328 5266,4328 5379,4326 5492,4324 5605,4320 5718,4316 5832,4312"
                         HEIGHT="102"
                         WIDTH="2295"
                         VPOS="4236"
                         HPOS="3552">
                  <String ID="string_region_1638885745675_2391l55"
                          HEIGHT="102"
                          WIDTH="2295"
                          VPOS="4236"
                          HPOS="3552"
                          CONTENT="itt eacept ittwere a great heauy thing to pres cloathes &amp; that I want not onely"/>
               </TextLine>
               <TextLine ID="region_1638885745675_2391l56"
                         BASELINE="3562,4396 3677,4394 3793,4394 3908,4394 4024,4392 4139,4394 4255,4394 4370,4394 4486,4396 4601,4396 4717,4398 4832,4398 4948,4398 5063,4400 5179,4400 5294,4399 5410,4398 5525,4396 5641,4394 5756,4392 5872,4388"
                         HEIGHT="115"
                         WIDTH="2339"
                         VPOS="4320"
                         HPOS="3547">
                  <String ID="string_region_1638885745675_2391l56"
                          HEIGHT="115"
                          WIDTH="2339"
                          VPOS="4320"
                          HPOS="3547"
                          CONTENT="to make packes when occasion regueres, so you mist gett itt with all the needfull"/>
               </TextLine>
               <TextLine ID="region_1638885745675_2391l57"
                         BASELINE="4046,4432 4092,4432 4138,4434 4184,4434 4230,4434 4276,4436 4322,4436 4368,4438 4414,4438 4460,4440 4507,4440 4553,4442 4599,4443 4645,4444 4691,4445 4737,4446 4783,4446 4829,4448 4875,4448 4921,4448 4968,4448"
                         HEIGHT="56"
                         WIDTH="952"
                         VPOS="4401"
                         HPOS="4032">
                  <String ID="string_region_1638885745675_2391l57"
                          HEIGHT="56"
                          WIDTH="952"
                          VPOS="4401"
                          HPOS="4032"
                          CONTENT="as cheip as you can provide itt "/>
               </TextLine>
            </TextBlock>
         </PrintSpace>
      </Page>
   </Layout>
</alto>
