<?xml version="1.0" encoding="UTF-8"?>
<alto xmlns:xsi="http://www.w3.org/2001/XMLSchema-instance"
      xmlns="http://www.loc.gov/standards/alto/ns-v4#"
      xmlns:page="http://schema.primaresearch.org/PAGE/gts/pagecontent/2013-07-15"
      xsi:schemaLocation="http://www.loc.gov/standards/alto/ns-v4# https://www.loc.gov/standards/alto/v4/alto.xsd">
   <Description>
      <MeasurementUnit>pixel</MeasurementUnit>
      <OCRProcessing ID="IdOcr">
         <ocrProcessingStep>
            <processingDateTime>2022-02-04T12:08:03.485+01:00</processingDateTime>
            <processingSoftware>
               <softwareCreator>READ COOP</softwareCreator>
               <softwareName>Transkribus</softwareName>
            </processingSoftware>
         </ocrProcessingStep>
      </OCRProcessing>
   </Description>
   <Layout>
      <Page ID="Page1" PHYSICAL_IMG_NR="1" HEIGHT="4599" WIDTH="8281">
         <TopMargin HEIGHT="0" WIDTH="8281" VPOS="0" HPOS="0"/>
         <LeftMargin HEIGHT="4599" WIDTH="0" VPOS="0" HPOS="0"/>
         <RightMargin HEIGHT="4599" WIDTH="0" VPOS="0" HPOS="8281"/>
         <BottomMargin HEIGHT="0" WIDTH="8281" VPOS="4599" HPOS="0"/>
         <PrintSpace HEIGHT="4599" WIDTH="8281" VPOS="0" HPOS="0">
            <TextBlock ID="region_1638960583957_7264"
                       HEIGHT="3934"
                       WIDTH="2725"
                       VPOS="152"
                       HPOS="529">
               <Shape>
                  <Polygon POINTS="529,152 3254,152 3254,4086 529,4086"/>
               </Shape>
               <TextLine ID="region_1638960583957_7264l1"
                         BASELINE="2204,308 2229,308 2255,305 2281,303 2307,302 2333,301 2359,300 2385,298 2411,297 2437,296 2462,296 2488,295 2514,294 2540,294 2566,292 2592,292 2618,291 2644,290 2670,290"
                         HEIGHT="180"
                         WIDTH="502"
                         VPOS="183"
                         HPOS="2185">
                  <String ID="string_region_1638960583957_7264l1"
                          HEIGHT="180"
                          WIDTH="502"
                          VPOS="183"
                          HPOS="2185"
                          CONTENT="C14 b: 1682"/>
               </TextLine>
               <TextLine ID="region_1638960583957_7264l2"
                         BASELINE="568,328 594,326 620,325 646,323 672,322 699,322 725,322 751,323 777,324 803,324 830,326 856,326 882,326 908,328 934,328 961,328 987,328 1013,328 1039,327 1066,326"
                         HEIGHT="162"
                         WIDTH="530"
                         VPOS="229"
                         HPOS="551">
                  <String ID="string_region_1638960583957_7264l2"
                          HEIGHT="162"
                          WIDTH="530"
                          VPOS="229"
                          HPOS="551"
                          CONTENT="London Joon Loyd"/>
               </TextLine>
               <TextLine ID="region_1638960583957_7264l3"
                         BASELINE="760,444 883,438 1006,432 1130,428 1253,426 1377,424 1500,422 1623,420 1747,420 1870,418 1994,418 2117,416 2240,416 2364,416 2487,414 2611,412 2734,410 2857,408 2981,405 3104,400 3228,396"
                         HEIGHT="175"
                         WIDTH="2503"
                         VPOS="285"
                         HPOS="742">
                  <String ID="string_region_1638960583957_7264l3"
                          HEIGHT="175"
                          WIDTH="2503"
                          VPOS="285"
                          HPOS="742"
                          CONTENT="sence my last to you of the 7: curtt recd. yd of 25th pass by which I observe that"/>
               </TextLine>
               <TextLine ID="region_1638960583957_7264l4"
                         BASELINE="758,546 880,540 1002,536 1124,532 1246,528 1368,526 1490,524 1612,522 1734,520 1856,518 1979,516 2101,515 2223,514 2345,512 2467,512 2589,510 2711,508 2833,506 2955,504 3077,502 3200,500"
                         HEIGHT="160"
                         WIDTH="2474"
                         VPOS="426"
                         HPOS="742">
                  <String ID="string_region_1638960583957_7264l4"
                          HEIGHT="160"
                          WIDTH="2474"
                          VPOS="426"
                          HPOS="742"
                          CONTENT="you sad red the lace by stector lane, &amp; that you sad showne them to a freind "/>
               </TextLine>
               <TextLine ID="region_1638960583957_7264l5"
                         BASELINE="782,640 904,636 1027,634 1149,632 1272,630 1395,628 1517,626 1640,624 1762,624 1885,622 2008,620 2130,618 2253,616 2375,614 2498,612 2621,610 2743,606 2866,604 2988,600 3111,598 3234,594"
                         HEIGHT="164"
                         WIDTH="2484"
                         VPOS="529"
                         HPOS="766">
                  <String ID="string_region_1638960583957_7264l5"
                          HEIGHT="164"
                          WIDTH="2484"
                          VPOS="529"
                          HPOS="766"
                          CONTENT="of yd, who proftered butt little proffitt for them not answerable to the danger that"/>
               </TextLine>
               <TextLine ID="region_1638960583957_7264l6"
                         BASELINE="774,740 897,740 1020,740 1143,738 1266,736 1389,734 1512,732 1635,730 1758,728 1881,725 2005,722 2128,720 2251,717 2374,714 2497,712 2620,710 2743,708 2866,705 2989,704 3112,702 3236,702"
                         HEIGHT="157"
                         WIDTH="2492"
                         VPOS="641"
                         HPOS="759">
                  <String ID="string_region_1638960583957_7264l6"
                          HEIGHT="157"
                          WIDTH="2492"
                          VPOS="641"
                          HPOS="759"
                          CONTENT="is rim, that trade is yett anknowne so you, which donbtless yd. freind is accppained "/>
               </TextLine>
               <TextLine ID="region_1638960583957_7264l7"
                         BASELINE="774,834 896,836 1019,838 1142,838 1265,838 1388,838 1511,838 1634,836 1757,834 1880,832 2003,830 2125,827 2248,824 2371,821 2494,818 2617,816 2740,812 2863,810 2986,807 3109,804 3232,802"
                         HEIGHT="161"
                         WIDTH="2489"
                         VPOS="750"
                         HPOS="759">
                  <String ID="string_region_1638960583957_7264l7"
                          HEIGHT="161"
                          WIDTH="2489"
                          VPOS="750"
                          HPOS="759"
                          CONTENT="off, &amp; thee for would lave an raseed or pennieworth, you may don there in what "/>
               </TextLine>
               <TextLine ID="region_1638960583957_7264l8"
                         BASELINE="764,940 886,940 1009,938 1131,938 1254,938 1377,936 1499,936 1622,934 1744,934 1867,934 1990,932 2112,932 2235,930 2357,930 2480,930 2603,930 2725,930 2848,930 2970,930 3093,930 3216,932"
                         HEIGHT="172"
                         WIDTH="2484"
                         VPOS="831"
                         HPOS="747">
                  <String ID="string_region_1638960583957_7264l8"
                          HEIGHT="172"
                          WIDTH="2484"
                          VPOS="831"
                          HPOS="747"
                          CONTENT="you please, butt you should not dupose of itt under 25 a 2p for you may be "/>
               </TextLine>
               <TextLine ID="region_1638960583957_7264l9"
                         BASELINE="792,1052 913,1048 1034,1045 1155,1042 1277,1040 1398,1038 1519,1036 1641,1036 1762,1034 1883,1034 2005,1032 2126,1032 2247,1032 2368,1032 2490,1030 2611,1030 2732,1030 2854,1028 2975,1028 3096,1026 3218,1024"
                         HEIGHT="120"
                         WIDTH="2456"
                         VPOS="951"
                         HPOS="777">
                  <String ID="string_region_1638960583957_7264l9"
                          HEIGHT="120"
                          WIDTH="2456"
                          VPOS="951"
                          HPOS="777"
                          CONTENT="consident, that they are well bonght &amp; that I understand that rade to a faithing"/>
               </TextLine>
               <TextLine ID="region_1638960583957_7264l10"
                         BASELINE="806,1164 926,1160 1046,1156 1167,1153 1287,1150 1408,1146 1528,1144 1648,1140 1769,1138 1889,1136 2010,1134 2130,1132 2250,1130 2371,1130 2491,1128 2612,1128 2732,1128 2852,1128 2973,1128 3093,1128 3214,1130"
                         HEIGHT="129"
                         WIDTH="2439"
                         VPOS="1070"
                         HPOS="791">
                  <String ID="string_region_1638960583957_7264l10"
                          HEIGHT="129"
                          WIDTH="2439"
                          VPOS="1070"
                          HPOS="791"
                          CONTENT="I shall now &amp; then sick up ap more for you to bave an ossatment to yd. "/>
               </TextLine>
               <TextLine ID="region_1638960583957_7264l11"
                         BASELINE="774,1258 897,1258 1020,1258 1143,1258 1266,1256 1389,1256 1512,1254 1635,1254 1758,1252 1881,1250 2005,1248 2128,1246 2251,1244 2374,1242 2497,1240 2620,1238 2743,1236 2866,1234 2989,1232 3112,1230 3236,1228"
                         HEIGHT="111"
                         WIDTH="2493"
                         VPOS="1180"
                         HPOS="759">
                  <String ID="string_region_1638960583957_7264l11"
                          HEIGHT="111"
                          WIDTH="2493"
                          VPOS="1180"
                          HPOS="759"
                          CONTENT="desire, whilss you please to order mee, if I shall send then at I am used bodd"/>
               </TextLine>
               <TextLine ID="region_1638960583957_7264l12"
                         BASELINE="792,1368 911,1366 1031,1364 1151,1364 1271,1362 1391,1362 1511,1362 1631,1362 1751,1362 1871,1362 1991,1362 2110,1360 2230,1360 2350,1358 2470,1358 2590,1355 2710,1352 2830,1350 2950,1346 3070,1341 3190,1336"
                         HEIGHT="102"
                         WIDTH="2428"
                         VPOS="1298"
                         HPOS="777">
                  <String ID="string_region_1638960583957_7264l12"
                          HEIGHT="102"
                          WIDTH="2428"
                          VPOS="1298"
                          HPOS="777"
                          CONTENT="so other freinds, which is bij way of packet boack to dover, to m d laton"/>
               </TextLine>
               <TextLine ID="region_1638960583957_7264l13"
                         BASELINE="788,1464 910,1466 1032,1466 1154,1468 1276,1468 1398,1470 1520,1470 1642,1470 1764,1472 1886,1472 2009,1470 2131,1470 2253,1470 2375,1468 2497,1466 2619,1464 2741,1460 2863,1456 2985,1452 3107,1447 3230,1440"
                         HEIGHT="177"
                         WIDTH="2474"
                         VPOS="1354"
                         HPOS="772">
                  <String ID="string_region_1638960583957_7264l13"
                          HEIGHT="177"
                          WIDTH="2474"
                          VPOS="1354"
                          HPOS="772"
                          CONTENT="wle takes carn to gett them up to londo, thoaugh now &amp; then wee send fome"/>
               </TextLine>
               <TextLine ID="region_1638960583957_7264l14"
                         BASELINE="770,1566 893,1566 1017,1568 1141,1570 1265,1570 1389,1572 1512,1574 1636,1574 1760,1576 1884,1576 2008,1576 2131,1576 2255,1576 2379,1576 2503,1574 2627,1574 2750,1571 2874,1568 2998,1565 3122,1560 3246,1556"
                         HEIGHT="131"
                         WIDTH="2508"
                         VPOS="1503"
                         HPOS="755">
                  <String ID="string_region_1638960583957_7264l14"
                          HEIGHT="131"
                          WIDTH="2508"
                          VPOS="1503"
                          HPOS="755"
                          CONTENT="bj long sea, butt vere sildon, itt is by meare clange, that wee lad a y aght"/>
               </TextLine>
               <TextLine ID="region_1638960583957_7264l15"
                         BASELINE="802,1674 923,1671 1044,1670 1165,1668 1287,1668 1408,1668 1529,1668 1651,1670 1772,1670 1893,1672 2015,1672 2136,1674 2257,1674 2378,1676 2500,1676 2621,1676 2742,1674 2864,1672 2985,1670 3106,1667 3228,1662"
                         HEIGHT="123"
                         WIDTH="2458"
                         VPOS="1622"
                         HPOS="785">
                  <String ID="string_region_1638960583957_7264l15"
                          HEIGHT="123"
                          WIDTH="2458"
                          VPOS="1622"
                          HPOS="785"
                          CONTENT="come un sere, sence then is ho more occ for any, as thea was in the time "/>
               </TextLine>
               <TextLine ID="region_1638960583957_7264l16"
                         BASELINE="794,1780 916,1778 1038,1776 1160,1776 1282,1774 1404,1774 1526,1774 1648,1774 1770,1774 1892,1774 2014,1774 2136,1774 2258,1774 2380,1774 2502,1774 2624,1774 2746,1772 2868,1772 2990,1770 3112,1769 3234,1766"
                         HEIGHT="168"
                         WIDTH="2471"
                         VPOS="1678"
                         HPOS="779">
                  <String ID="string_region_1638960583957_7264l16"
                          HEIGHT="168"
                          WIDTH="2471"
                          VPOS="1678"
                          HPOS="779"
                          CONTENT="of the duke of yoorck when de was att Brussels last, wee tad y aghts evouy "/>
               </TextLine>
               <TextLine ID="region_1638960583957_7264l17"
                         BASELINE="796,1900 917,1898 1038,1894 1159,1893 1281,1890 1402,1890 1523,1888 1645,1888 1766,1886 1887,1886 2009,1886 2130,1884 2251,1884 2372,1884 2494,1884 2615,1882 2736,1882 2858,1881 2979,1880 3100,1878 3222,1876"
                         HEIGHT="130"
                         WIDTH="2459"
                         VPOS="1805"
                         HPOS="779">
                  <String ID="string_region_1638960583957_7264l17"
                          HEIGHT="130"
                          WIDTH="2459"
                          VPOS="1805"
                          HPOS="779"
                          CONTENT="so I can send you non that way for pictures then I can send you p Tinlandes"/>
               </TextLine>
               <TextLine ID="region_1638960583957_7264l18"
                         BASELINE="794,2002 916,2002 1039,2002 1162,2002 1284,2004 1407,2004 1530,2004 1652,2004 1775,2004 1898,2004 2021,2004 2143,2004 2266,2004 2389,2004 2511,2004 2634,2002 2757,2002 2879,2002 3002,2000 3125,2000 3248,1998"
                         HEIGHT="111"
                         WIDTH="2483"
                         VPOS="1914"
                         HPOS="779">
                  <String ID="string_region_1638960583957_7264l18"
                          HEIGHT="111"
                          WIDTH="2483"
                          VPOS="1914"
                          HPOS="779"
                          CONTENT="could up and made in a cast, other wise itt should spile them, I lavesent"/>
               </TextLine>
               <TextLine ID="region_1638960583957_7264l19"
                         BASELINE="794,2114 914,2112 1035,2109 1156,2108 1277,2106 1398,2106 1518,2106 1639,2106 1760,2106 1881,2108 2002,2108 2122,2108 2243,2108 2364,2108 2485,2108 2606,2106 2726,2104 2847,2102 2968,2099 3089,2095 3210,2090"
                         HEIGHT="132"
                         WIDTH="2446"
                         VPOS="2056"
                         HPOS="778">
                  <String ID="string_region_1638960583957_7264l19"
                          HEIGHT="132"
                          WIDTH="2446"
                          VPOS="2056"
                          HPOS="778"
                          CONTENT="pictures by the yoght, and ly budandees which gott lase to hand er Pieter de"/>
               </TextLine>
               <TextLine ID="region_1638960583957_7264l20"
                         BASELINE="818,2218 938,2216 1059,2214 1179,2212 1300,2212 1420,2210 1541,2210 1661,2210 1782,2210 1902,2210 2023,2210 2143,2210 2264,2210 2384,2210 2505,2210 2625,2210 2746,2210 2866,2208 2987,2206 3107,2204 3228,2202"
                         HEIGHT="122"
                         WIDTH="2440"
                         VPOS="2126"
                         HPOS="804">
                  <String ID="string_region_1638960583957_7264l20"
                          HEIGHT="122"
                          WIDTH="2440"
                          VPOS="2126"
                          HPOS="804"
                          CONTENT="wolg went away by way of Biuges, so that le could not be wish you as soon"/>
               </TextLine>
               <TextLine ID="region_1638960583957_7264l21"
                         BASELINE="822,2322 942,2318 1063,2316 1183,2314 1304,2314 1424,2312 1545,2312 1665,2312 1786,2312 1906,2312 2027,2312 2147,2312 2268,2314 2388,2314 2509,2314 2629,2316 2750,2316 2870,2318 2991,2318 3111,2318 3232,2320"
                         HEIGHT="121"
                         WIDTH="2443"
                         VPOS="2245"
                         HPOS="806">
                  <String ID="string_region_1638960583957_7264l21"
                          HEIGHT="121"
                          WIDTH="2443"
                          VPOS="2245"
                          HPOS="806"
                          CONTENT="as the yaght, &amp; when that sard weather was with you leves att drugges"/>
               </TextLine>
               <TextLine ID="region_1638960583957_7264l22"
                         BASELINE="806,2432 927,2430 1048,2428 1169,2426 1290,2424 1411,2424 1532,2422 1653,2422 1774,2420 1895,2420 2016,2420 2137,2420 2258,2420 2379,2420 2500,2420 2621,2420 2742,2420 2863,2420 2984,2420 3105,2422 3226,2422"
                         HEIGHT="160"
                         WIDTH="2449"
                         VPOS="2333"
                         HPOS="792">
                  <String ID="string_region_1638960583957_7264l22"
                          HEIGHT="160"
                          WIDTH="2449"
                          VPOS="2333"
                          HPOS="792"
                          CONTENT="butt I qiuission not of dis safe arrivall before now if you finde the sending"/>
               </TextLine>
               <TextLine ID="region_1638960583957_7264l23"
                         BASELINE="792,2538 913,2536 1035,2536 1157,2536 1279,2536 1401,2536 1522,2536 1644,2536 1766,2536 1888,2536 2010,2538 2131,2538 2253,2538 2375,2538 2497,2538 2619,2536 2740,2536 2862,2534 2984,2532 3106,2530 3228,2528"
                         HEIGHT="168"
                         WIDTH="2468"
                         VPOS="2429"
                         HPOS="775">
                  <String ID="string_region_1638960583957_7264l23"
                          HEIGHT="168"
                          WIDTH="2468"
                          VPOS="2429"
                          HPOS="775"
                          CONTENT="of lace in tykes to be good, I can send every month a pack, so shall exspeect "/>
               </TextLine>
               <TextLine ID="region_1638960583957_7264l24"
                         BASELINE="794,2652 915,2650 1037,2650 1159,2650 1281,2650 1403,2648 1524,2648 1646,2648 1768,2648 1890,2646 2012,2646 2133,2646 2255,2646 2377,2644 2499,2644 2621,2644 2742,2642 2864,2642 2986,2640 3108,2640 3230,2638"
                         HEIGHT="136"
                         WIDTH="2468"
                         VPOS="2579"
                         HPOS="777">
                  <String ID="string_region_1638960583957_7264l24"
                          HEIGHT="136"
                          WIDTH="2468"
                          VPOS="2579"
                          HPOS="777"
                          CONTENT="yd positive orders for fictures, laces, as well as the guild seather, that I might "/>
               </TextLine>
               <TextLine ID="region_1638960583957_7264l25"
                         BASELINE="780,2764 811,2764 843,2762 875,2762 906,2761 938,2760 970,2760 1001,2758 1033,2758 1065,2756 1097,2756 1128,2756 1160,2754 1192,2754 1223,2754 1255,2754 1287,2754 1318,2754 1350,2754 1382,2754 1414,2754"
                         HEIGHT="135"
                         WIDTH="666"
                         VPOS="2691"
                         HPOS="764">
                  <String ID="string_region_1638960583957_7264l25"
                          HEIGHT="135"
                          WIDTH="666"
                          VPOS="2691"
                          HPOS="764"
                          CONTENT="save yo to content"/>
               </TextLine>
               <TextLine ID="region_1638960583957_7264l26"
                         BASELINE="2778,2834 2805,2836 2832,2834 2859,2833 2886,2830 2913,2827 2940,2824 2967,2821 2994,2819 3022,2818"
                         HEIGHT="147"
                         WIDTH="285"
                         VPOS="2723"
                         HPOS="2754">
                  <String ID="string_region_1638960583957_7264l26"
                          HEIGHT="147"
                          WIDTH="285"
                          VPOS="2723"
                          HPOS="2754"
                          CONTENT="a 14d"/>
               </TextLine>
               <TextLine ID="region_1638960583957_7264l27"
                         BASELINE="612,2886 644,2881 676,2876 708,2873 741,2871 773,2870 805,2867 838,2866 870,2866 902,2865 935,2864 967,2864 999,2864 1031,2866 1064,2866 1096,2866 1128,2866 1161,2864 1193,2864 1225,2864 1258,2862"
                         HEIGHT="165"
                         WIDTH="677"
                         VPOS="2762"
                         HPOS="596">
                  <String ID="string_region_1638960583957_7264l27"
                          HEIGHT="165"
                          WIDTH="677"
                          VPOS="2762"
                          HPOS="596"
                          CONTENT="London Henry Collier"/>
               </TextLine>
               <TextLine ID="region_1638960583957_7264l28"
                         BASELINE="804,2956 924,2956 1045,2956 1166,2954 1287,2952 1408,2950 1528,2948 1649,2946 1770,2944 1891,2940 2012,2938 2132,2936 2253,2934 2374,2932 2495,2930 2616,2930 2736,2928 2857,2930 2978,2930 3099,2932 3220,2936"
                         HEIGHT="180"
                         WIDTH="2447"
                         VPOS="2807"
                         HPOS="788">
                  <String ID="string_region_1638960583957_7264l28"
                          HEIGHT="180"
                          WIDTH="2447"
                          VPOS="2807"
                          HPOS="788"
                          CONTENT="mij last to you was on the 30 pase, sence recd yd of 22.d., I do all endeavours "/>
               </TextLine>
               <TextLine ID="region_1638960583957_7264l29"
                         BASELINE="780,3062 900,3060 1021,3058 1142,3056 1263,3054 1384,3052 1505,3050 1626,3048 1747,3047 1868,3046 1989,3044 2109,3042 2230,3042 2351,3040 2472,3038 2593,3036 2714,3036 2835,3034 2956,3032 3077,3030 3198,3028"
                         HEIGHT="178"
                         WIDTH="2451"
                         VPOS="2936"
                         HPOS="764">
                  <String ID="string_region_1638960583957_7264l29"
                          HEIGHT="178"
                          WIDTH="2451"
                          VPOS="2936"
                          HPOS="764"
                          CONTENT="I can to sell yd. cloathes some boddy lash promised mee to buy them all, for which "/>
               </TextLine>
               <TextLine ID="region_1638960583957_7264l30"
                         BASELINE="812,3168 932,3164 1052,3162 1173,3158 1293,3156 1414,3154 1534,3152 1654,3150 1775,3150 1895,3148 2016,3148 2136,3148 2256,3146 2377,3146 2497,3146 2618,3144 2738,3144 2858,3142 2979,3140 3099,3138 3220,3136"
                         HEIGHT="154"
                         WIDTH="2441"
                         VPOS="3058"
                         HPOS="794">
                  <String ID="string_region_1638960583957_7264l30"
                          HEIGHT="154"
                          WIDTH="2441"
                          VPOS="3058"
                          HPOS="794"
                          CONTENT="swill domy ntmost to make an end as you desire, in the meane while beleave "/>
               </TextLine>
               <TextLine ID="region_1638960583957_7264l31"
                         BASELINE="804,3280 925,3273 1047,3267 1168,3261 1290,3256 1412,3254 1533,3250 1655,3250 1776,3248 1898,3246 2020,3246 2141,3246 2263,3246 2384,3246 2506,3246 2628,3244 2749,3244 2871,3242 2992,3240 3114,3238 3236,3234"
                         HEIGHT="135"
                         WIDTH="2465"
                         VPOS="3179"
                         HPOS="787">
                  <String ID="string_region_1638960583957_7264l31"
                          HEIGHT="135"
                          WIDTH="2465"
                          VPOS="3179"
                          HPOS="787"
                          CONTENT="mee I am not backward in gelong in the debts, &amp; loye to cleare all before this yeare"/>
               </TextLine>
               <TextLine ID="region_1638960583957_7264l32"
                         BASELINE="804,3388 923,3381 1043,3373 1162,3368 1282,3362 1402,3358 1521,3356 1641,3354 1760,3352 1880,3350 2000,3350 2119,3350 2239,3350 2358,3350 2478,3350 2598,3350 2717,3350 2837,3350 2956,3350 3076,3348 3196,3348"
                         HEIGHT="178"
                         WIDTH="2422"
                         VPOS="3253"
                         HPOS="789">
                  <String ID="string_region_1638960583957_7264l32"
                          HEIGHT="178"
                          WIDTH="2422"
                          VPOS="3253"
                          HPOS="789"
                          CONTENT="out, &amp; if you please to have an other bale of tykes, lett mee have yd ord. times are"/>
               </TextLine>
               <TextLine ID="region_1638960583957_7264l33"
                         BASELINE="806,3494 926,3488 1046,3482 1166,3478 1286,3474 1406,3470 1526,3466 1646,3464 1766,3462 1886,3460 2007,3458 2127,3456 2247,3454 2367,3454 2487,3452 2607,3451 2727,3450 2847,3450 2967,3448 3087,3448 3208,3446"
                         HEIGHT="164"
                         WIDTH="2433"
                         VPOS="3359"
                         HPOS="788">
                  <String ID="string_region_1638960583957_7264l33"
                          HEIGHT="164"
                          WIDTH="2433"
                          VPOS="3359"
                          HPOS="788"
                          CONTENT="strangely altered lere those that cave aunts upon the louses of JfH. aie contented "/>
               </TextLine>
               <TextLine ID="region_1638960583957_7264l34"
                         BASELINE="804,3616 925,3603 1046,3593 1167,3584 1288,3578 1409,3572 1530,3568 1651,3565 1772,3563 1893,3562 2014,3562 2135,3562 2256,3562 2377,3564 2498,3564 2619,3564 2740,3564 2861,3562 2982,3560 3103,3558 3224,3554"
                         HEIGHT="147"
                         WIDTH="2452"
                         VPOS="3507"
                         HPOS="787">
                  <String ID="string_region_1638960583957_7264l34"
                          HEIGHT="147"
                          WIDTH="2452"
                          VPOS="3507"
                          HPOS="787"
                          CONTENT="s0 abase theus ontusts, provided they might eare their capitalls back againe, &amp; yett no"/>
               </TextLine>
               <TextLine ID="region_1638960583957_7264l35"
                         BASELINE="812,3714 932,3703 1053,3694 1173,3688 1294,3681 1415,3677 1535,3674 1656,3670 1776,3669 1897,3668 2018,3668 2138,3668 2259,3668 2379,3670 2500,3670 2621,3670 2741,3672 2862,3672 2982,3672 3103,3672 3224,3670"
                         HEIGHT="163"
                         WIDTH="2444"
                         VPOS="3569"
                         HPOS="796">
                  <String ID="string_region_1638960583957_7264l35"
                          HEIGHT="163"
                          WIDTH="2444"
                          VPOS="3569"
                          HPOS="796"
                          CONTENT="boddy will lave them &amp; though they do continew exposed to sale, no toul everpostere "/>
               </TextLine>
               <TextLine ID="region_1638960583957_7264l36"
                         BASELINE="808,3808 928,3802 1049,3798 1169,3794 1290,3790 1411,3786 1531,3783 1652,3780 1772,3778 1893,3776 2014,3774 2134,3774 2255,3772 2375,3772 2496,3772 2617,3772 2737,3772 2858,3772 2978,3774 3099,3774 3220,3776"
                         HEIGHT="144"
                         WIDTH="2446"
                         VPOS="3692"
                         HPOS="791">
                  <String ID="string_region_1638960583957_7264l36"
                          HEIGHT="144"
                          WIDTH="2446"
                          VPOS="3692"
                          HPOS="791"
                          CONTENT="a faithuy. yd letter is delivered I meane sent to mr. Buitten. Galles. byle a £60"/>
               </TextLine>
               <TextLine ID="region_1638960583957_7264l37"
                         BASELINE="836,3908 954,3902 1073,3898 1192,3894 1311,3891 1430,3888 1548,3884 1667,3882 1786,3880 1905,3878 2024,3876 2142,3876 2261,3874 2380,3874 2499,3873 2618,3872 2736,3872 2855,3872 2974,3872 3093,3870 3212,3870"
                         HEIGHT="188"
                         WIDTH="2409"
                         VPOS="3786"
                         HPOS="819">
                  <String ID="string_region_1638960583957_7264l37"
                          HEIGHT="188"
                          WIDTH="2409"
                          VPOS="3786"
                          HPOS="819"
                          CONTENT="Jav. oyle as £64- ee rising, vergeny to backo prom ƒ23- to ƒ28 d according to"/>
               </TextLine>
               <TextLine ID="region_1638960583957_7264l38"
                         BASELINE="810,4018 844,4018 878,4018 912,4016 946,4015 981,4014 1015,4013 1049,4011 1083,4010 1117,4008 1152,4006 1186,4004 1220,4002 1254,4001 1288,4000 1323,3998 1357,3997 1391,3996 1425,3995 1459,3994 1494,3994"
                         HEIGHT="158"
                         WIDTH="718"
                         VPOS="3916"
                         HPOS="794">
                  <String ID="string_region_1638960583957_7264l38"
                          HEIGHT="158"
                          WIDTH="718"
                          VPOS="3916"
                          HPOS="794"
                          CONTENT="the valew of the goods "/>
               </TextLine>
            </TextBlock>
            <TextBlock ID="region_1638960586948_7267"
                       HEIGHT="4127"
                       WIDTH="2660"
                       VPOS="109"
                       HPOS="3312">
               <Shape>
                  <Polygon POINTS="3312,109 5972,109 5972,4236 3312,4236"/>
               </Shape>
               <TextLine ID="region_1638960586948_7267l1"
                         BASELINE="3366,272 3398,270 3431,268 3464,267 3497,266 3530,265 3562,264 3595,264 3628,264 3661,264 3694,264 3726,266 3759,266 3792,267 3825,269 3857,271 3890,272 3923,274 3956,275 3989,279 4022,280"
                         HEIGHT="160"
                         WIDTH="688"
                         VPOS="179"
                         HPOS="3349">
                  <String ID="string_region_1638960586948_7267l1"
                          HEIGHT="160"
                          WIDTH="688"
                          VPOS="179"
                          HPOS="3349"
                          CONTENT="Aublin Elnatan Lumm"/>
               </TextLine>
               <TextLine ID="region_1638960586948_7267l2"
                         BASELINE="5864,278 5891,281 5918,283 5945,284 5972,282"
                         HEIGHT="141"
                         WIDTH="144"
                         VPOS="209"
                         HPOS="5846">
                  <String ID="string_region_1638960586948_7267l2"
                          HEIGHT="141"
                          WIDTH="144"
                          VPOS="209"
                          HPOS="5846"
                          CONTENT="2dd"/>
               </TextLine>
               <TextLine ID="region_1638960586948_7267l3"
                         BASELINE="5252,290 5277,290 5302,290 5328,290 5353,290 5379,290 5404,288 5429,288 5455,288 5480,286 5506,285 5531,284 5556,284 5582,283 5607,282 5633,282 5658,282 5684,282"
                         HEIGHT="144"
                         WIDTH="467"
                         VPOS="206"
                         HPOS="5234">
                  <String ID="string_region_1638960586948_7267l3"
                          HEIGHT="144"
                          WIDTH="467"
                          VPOS="206"
                          HPOS="5234"
                          CONTENT="14 8bea 1682"/>
               </TextLine>
               <TextLine ID="region_1638960586948_7267l4"
                         BASELINE="3510,370 3632,372 3754,376 3876,378 3998,380 4120,382 4242,385 4364,388 4486,389 4608,392 4731,392 4853,394 4975,396 5097,398 5219,398 5341,400 5463,400 5585,402 5707,402 5829,402 5952,404"
                         HEIGHT="170"
                         WIDTH="2474"
                         VPOS="293"
                         HPOS="3493">
                  <String ID="string_region_1638960586948_7267l4"
                          HEIGHT="170"
                          WIDTH="2474"
                          VPOS="293"
                          HPOS="3493"
                          CONTENT="I donot quission butt you lave duely recd. mine of p past as also the laces havernig "/>
               </TextLine>
               <TextLine ID="region_1638960586948_7267l5"
                         BASELINE="3518,466 3640,464 3762,464 3884,464 4006,464 4128,466 4250,470 4372,472 4494,476 4616,480 4739,484 4861,488 4983,491 5105,494 5227,496 5349,498 5471,499 5593,498 5715,498 5837,495 5960,490"
                         HEIGHT="110"
                         WIDTH="2472"
                         VPOS="404"
                         HPOS="3502">
                  <String ID="string_region_1638960586948_7267l5"
                          HEIGHT="110"
                          WIDTH="2472"
                          VPOS="404"
                          HPOS="3502"
                          CONTENT="since reedy of 5xd, I lave not omitted the sending forward of the laces af soone "/>
               </TextLine>
               <TextLine ID="region_1638960586948_7267l6"
                         BASELINE="3536,568 3655,564 3775,560 3895,558 4015,558 4135,560 4254,562 4374,564 4494,568 4614,572 4734,576 4853,580 4973,586 5093,589 5213,592 5333,596 5452,598 5572,598 5692,598 5812,596 5932,592"
                         HEIGHT="115"
                         WIDTH="2425"
                         VPOS="506"
                         HPOS="3521">
                  <String ID="string_region_1638960586948_7267l6"
                          HEIGHT="115"
                          WIDTH="2425"
                          VPOS="506"
                          HPOS="3521"
                          CONTENT="as they were ready. thougs I lad m. Cole his advise not im une yett afterwands "/>
               </TextLine>
               <TextLine ID="region_1638960586948_7267l7"
                         BASELINE="3544,658 3664,658 3785,658 3905,658 4026,660 4147,662 4267,664 4388,666 4508,670 4629,673 4750,676 4870,680 4991,683 5111,687 5232,690 5353,693 5473,696 5594,698 5714,700 5835,700 5956,700"
                         HEIGHT="157"
                         WIDTH="2445"
                         VPOS="592"
                         HPOS="3528">
                  <String ID="string_region_1638960586948_7267l7"
                          HEIGHT="157"
                          WIDTH="2445"
                          VPOS="592"
                          HPOS="3528"
                          CONTENT="le wrott mee to sare p. my bill, for which returne you thanckes, &amp; if in the "/>
               </TextLine>
               <TextLine ID="region_1638960586948_7267l8"
                         BASELINE="3542,768 3660,764 3778,762 3896,760 4014,761 4133,762 4251,764 4369,766 4487,768 4605,772 4724,776 4842,780 4960,783 5078,786 5196,790 5315,792 5433,794 5551,794 5669,796 5787,794 5906,792"
                         HEIGHT="106"
                         WIDTH="2397"
                         VPOS="709"
                         HPOS="3525">
                  <String ID="string_region_1638960586948_7267l8"
                          HEIGHT="106"
                          WIDTH="2397"
                          VPOS="709"
                          HPOS="3525"
                          CONTENT="meane while I can serve you, frcely command mee, itt is now the best sme"/>
               </TextLine>
               <TextLine ID="region_1638960586948_7267l9"
                         BASELINE="3532,860 3651,862 3770,864 3889,866 4008,866 4127,868 4246,870 4365,872 4484,874 4603,876 4723,878 4842,880 4961,882 5080,884 5199,886 5318,888 5437,890 5556,892 5675,894 5794,897 5914,900"
                         HEIGHT="117"
                         WIDTH="2415"
                         VPOS="819"
                         HPOS="3515">
                  <String ID="string_region_1638960586948_7267l9"
                          HEIGHT="117"
                          WIDTH="2415"
                          VPOS="819"
                          HPOS="3515"
                          CONTENT="of the yeare to buy laces, for towards wmnter they are not so white as now the"/>
               </TextLine>
               <TextLine ID="region_1638960586948_7267l10"
                         BASELINE="3542,968 3661,969 3780,970 3899,972 4018,974 4137,976 4256,978 4375,980 4494,982 4613,984 4732,986 4851,988 4970,990 5089,992 5208,994 5327,998 5446,1000 5565,1002 5684,1006 5803,1008 5922,1012"
                         HEIGHT="132"
                         WIDTH="2413"
                         VPOS="938"
                         HPOS="3525">
                  <String ID="string_region_1638960586948_7267l10"
                          HEIGHT="132"
                          WIDTH="2413"
                          VPOS="938"
                          HPOS="3525"
                          CONTENT="are, soni case you finde any further incormdquitet lett mee lave yd orders, by "/>
               </TextLine>
               <TextLine ID="region_1638960586948_7267l11"
                         BASELINE="3534,1068 3601,1066 3669,1066 3736,1066 3804,1066 3871,1066 3939,1068 4006,1068 4074,1070 4141,1070 4209,1072 4276,1074 4344,1076 4411,1077 4479,1078 4546,1081 4614,1082 4681,1084 4749,1086 4816,1088 4884,1090"
                         HEIGHT="171"
                         WIDTH="1383"
                         VPOS="983"
                         HPOS="3519">
                  <String ID="string_region_1638960586948_7267l11"
                          HEIGHT="171"
                          WIDTH="1383"
                          VPOS="983"
                          HPOS="3519"
                          CONTENT="time, &amp; shey shall be punetually observed"/>
               </TextLine>
               <TextLine ID="region_1638960586948_7267l12"
                         BASELINE="3342,1178 3372,1177 3402,1176 3432,1175 3462,1174 3493,1174 3523,1174 3553,1174 3583,1174 3613,1174 3644,1174 3674,1176 3704,1176 3734,1176 3764,1177 3795,1178 3825,1178 3855,1178 3885,1178 3915,1178 3946,1178"
                         HEIGHT="156"
                         WIDTH="638"
                         VPOS="1072"
                         HPOS="3325">
                  <String ID="string_region_1638960586948_7267l12"
                          HEIGHT="156"
                          WIDTH="638"
                          VPOS="1072"
                          HPOS="3325"
                          CONTENT="Brugge Raphael Coots"/>
               </TextLine>
               <TextLine ID="region_1638960586948_7267l13"
                         BASELINE="5336,1196 5361,1193 5386,1192 5411,1191 5436,1188 5461,1186 5486,1184 5511,1183 5536,1181 5561,1180 5586,1178"
                         HEIGHT="148"
                         WIDTH="290"
                         VPOS="1077"
                         HPOS="5313">
                  <String ID="string_region_1638960586948_7267l13"
                          HEIGHT="148"
                          WIDTH="290"
                          VPOS="1077"
                          HPOS="5313"
                          CONTENT="C 14d"/>
               </TextLine>
               <TextLine ID="region_1638960586948_7267l14"
                         BASELINE="3528,1272 3646,1272 3765,1270 3884,1270 4003,1272 4122,1274 4240,1276 4359,1278 4478,1282 4597,1286 4716,1290 4834,1292 4953,1296 5072,1298 5191,1300 5310,1302 5428,1304 5547,1304 5666,1302 5785,1300 5904,1298"
                         HEIGHT="198"
                         WIDTH="2411"
                         VPOS="1169"
                         HPOS="3510">
                  <String ID="string_region_1638960586948_7267l14"
                          HEIGHT="198"
                          WIDTH="2411"
                          VPOS="1169"
                          HPOS="3510"
                          CONTENT="12 deser was aen ul mijnen lesten, hebbe niet getwijffelt oft soude sedert van ul"/>
               </TextLine>
               <TextLine ID="region_1638960586948_7267l15"
                         BASELINE="3532,1362 3653,1360 3774,1358 3895,1358 4016,1360 4138,1360 4259,1362 4380,1366 4501,1368 4622,1370 4744,1374 4865,1378 4986,1380 5107,1383 5228,1386 5350,1386 5471,1388 5592,1388 5713,1386 5834,1384 5956,1380"
                         HEIGHT="109"
                         WIDTH="2457"
                         VPOS="1306"
                         HPOS="3515">
                  <String ID="string_region_1638960586948_7267l15"
                          HEIGHT="109"
                          WIDTH="2457"
                          VPOS="1306"
                          HPOS="3515"
                          CONTENT="aduijs becomen hebben over het arriv van Tanat Elsdon, den welcke n danordeele"/>
               </TextLine>
               <TextLine ID="region_1638960586948_7267l16"
                         BASELINE="3536,1454 3657,1450 3778,1448 3899,1448 4021,1448 4142,1448 4263,1451 4385,1454 4506,1458 4627,1462 4749,1466 4870,1471 4991,1476 5112,1480 5234,1484 5355,1488 5476,1490 5598,1492 5719,1494 5840,1493 5962,1492"
                         HEIGHT="152"
                         WIDTH="2460"
                         VPOS="1389"
                         HPOS="3520">
                  <String ID="string_region_1638960586948_7267l16"
                          HEIGHT="152"
                          WIDTH="2460"
                          VPOS="1389"
                          HPOS="3520"
                          CONTENT="door contrarie wint tot douvres opgesonden blijft. tot londen aen boort maqnue masen"/>
               </TextLine>
               <TextLine ID="region_1638960586948_7267l17"
                         BASELINE="3528,1544 3645,1542 3763,1542 3880,1542 3998,1542 4115,1544 4233,1546 4350,1548 4468,1552 4585,1555 4703,1558 4820,1562 4938,1566 5055,1570 5173,1573 5290,1576 5408,1579 5525,1582 5643,1584 5760,1584 5878,1584"
                         HEIGHT="126"
                         WIDTH="2385"
                         VPOS="1473"
                         HPOS="3510">
                  <String ID="string_region_1638960586948_7267l17"
                          HEIGHT="126"
                          WIDTH="2385"
                          VPOS="1473"
                          HPOS="3510"
                          CONTENT="is voor mij gelaeden 2 packen Mn° 54 met ½ p laekens van de groosstelnalder"/>
               </TextLine>
               <TextLine ID="region_1638960586948_7267l18"
                         BASELINE="3500,1648 3525,1647 3551,1646 3577,1645 3602,1643 3628,1642 3654,1641 3679,1640 3705,1639 3731,1638 3756,1638 3782,1636 3808,1636 3833,1636 3859,1635 3885,1634 3910,1634 3936,1634 3962,1634 3988,1634"
                         HEIGHT="146"
                         WIDTH="519"
                         VPOS="1566"
                         HPOS="3484">
                  <String ID="string_region_1638960586948_7267l18"
                          HEIGHT="146"
                          WIDTH="519"
                          VPOS="1566"
                          HPOS="3484"
                          CONTENT="geminste soorte"/>
               </TextLine>
               <TextLine ID="region_1638960586948_7267l19"
                         BASELINE="4452,1634 4527,1634 4602,1633 4677,1634 4752,1636 4828,1638 4903,1641 4978,1644 5053,1648 5128,1651 5204,1656 5279,1658 5354,1662 5429,1664 5504,1665 5580,1666 5655,1666 5730,1664 5805,1662 5880,1658 5956,1652"
                         HEIGHT="155"
                         WIDTH="1535"
                         VPOS="1556"
                         HPOS="4437">
                  <String ID="string_region_1638960586948_7267l19"
                          HEIGHT="155"
                          WIDTH="1535"
                          VPOS="1556"
                          HPOS="4437"
                          CONTENT="„ 55 met 6 sij 15p. genengelde sje lakens end"/>
               </TextLine>
               <TextLine ID="region_1638960586948_7267l20"
                         BASELINE="3530,1742 3650,1733 3771,1727 3891,1722 4012,1720 4132,1718 4253,1718 4373,1720 4494,1722 4614,1726 4735,1730 4855,1732 4976,1737 5096,1742 5217,1746 5337,1750 5458,1754 5578,1757 5699,1760 5819,1762 5940,1762"
                         HEIGHT="123"
                         WIDTH="2442"
                         VPOS="1674"
                         HPOS="3513">
                  <String ID="string_region_1638960586948_7267l20"
                          HEIGHT="123"
                          WIDTH="2442"
                          VPOS="1674"
                          HPOS="3513"
                          CONTENT="soorte, de welcke ten arriveme aen mij gelieft voort te seynden aen boort de' mason"/>
               </TextLine>
               <TextLine ID="region_1638960586948_7267l21"
                         BASELINE="3536,1832 3657,1826 3778,1822 3899,1818 4020,1818 4141,1818 4262,1820 4383,1822 4504,1824 4625,1828 4746,1832 4867,1836 4988,1841 5109,1846 5230,1848 5351,1851 5472,1854 5593,1854 5714,1854 5835,1852 5956,1848"
                         HEIGHT="114"
                         WIDTH="2454"
                         VPOS="1796"
                         HPOS="3519">
                  <String ID="string_region_1638960586948_7267l21"
                          HEIGHT="114"
                          WIDTH="2454"
                          VPOS="1796"
                          HPOS="3519"
                          CONTENT="in voor mij t amper oft mande, daer in 24 bottellien spaensen wijn, &amp; alsoo mij daer"/>
               </TextLine>
               <TextLine ID="region_1638960586948_7267l22"
                         BASELINE="3526,1924 3645,1920 3765,1918 3885,1918 4004,1918 4124,1918 4244,1922 4363,1924 4483,1928 4603,1931 4723,1936 4842,1940 4962,1944 5082,1948 5201,1952 5321,1954 5441,1958 5560,1958 5680,1958 5800,1958 5920,1956"
                         HEIGHT="112"
                         WIDTH="2426"
                         VPOS="1889"
                         HPOS="3510">
                  <String ID="string_region_1638960586948_7267l22"
                          HEIGHT="112"
                          WIDTH="2426"
                          VPOS="1889"
                          HPOS="3510"
                          CONTENT="veel aengelegen is, om deselve wel te connen besandigen, soo recomandeere de sorge daer"/>
               </TextLine>
               <TextLine ID="region_1638960586948_7267l23"
                         BASELINE="3530,2024 3650,2018 3770,2014 3890,2011 4010,2010 4130,2010 4250,2012 4370,2014 4490,2018 4610,2022 4731,2027 4851,2031 4971,2036 5091,2042 5211,2047 5331,2051 5451,2055 5571,2058 5691,2060 5811,2060 5932,2060"
                         HEIGHT="116"
                         WIDTH="2435"
                         VPOS="1986"
                         HPOS="3514">
                  <String ID="string_region_1638960586948_7267l23"
                          HEIGHT="116"
                          WIDTH="2435"
                          VPOS="1986"
                          HPOS="3514"
                          CONTENT="van aen ul parscoier, op dat die aen mij gewoorden, soo wel gecond als deselve"/>
               </TextLine>
               <TextLine ID="region_1638960586948_7267l24"
                         BASELINE="3542,2124 3658,2118 3774,2114 3890,2112 4006,2110 4123,2110 4239,2112 4355,2113 4471,2116 4587,2120 4704,2123 4820,2127 4936,2130 5052,2134 5168,2138 5285,2142 5401,2146 5517,2148 5633,2148 5749,2150 5866,2148"
                         HEIGHT="168"
                         WIDTH="2357"
                         VPOS="2044"
                         HPOS="3526">
                  <String ID="string_region_1638960586948_7267l24"
                          HEIGHT="168"
                          WIDTH="2357"
                          VPOS="2044"
                          HPOS="3526"
                          CONTENT="tot london eden otasson is gelievert, ul can die aen d'een oft ander bijlander"/>
               </TextLine>
               <TextLine ID="region_1638960586948_7267l25"
                         BASELINE="3538,2220 3639,2214 3740,2210 3841,2206 3942,2204 4043,2204 4144,2204 4245,2206 4346,2208 4447,2210 4548,2214 4649,2217 4750,2222 4851,2226 4952,2230 5053,2236 5154,2240 5255,2244 5356,2247 5457,2250 5558,2252"
                         HEIGHT="177"
                         WIDTH="2051"
                         VPOS="2145"
                         HPOS="3523">
                  <String ID="string_region_1638960586948_7267l25"
                          HEIGHT="177"
                          WIDTH="2051"
                          VPOS="2145"
                          HPOS="3523"
                          CONTENT="van kennisse, recomand, voort seynden. wat pak verneme geerne"/>
               </TextLine>
               <TextLine ID="region_1638960586948_7267l26"
                         BASELINE="3354,2338 3387,2338 3421,2338 3454,2338 3488,2338 3521,2338 3555,2338 3588,2338 3622,2338 3655,2336 3689,2336 3722,2336 3756,2334 3789,2334 3823,2334 3856,2334 3890,2334 3923,2334 3957,2334 3990,2335 4024,2336"
                         HEIGHT="154"
                         WIDTH="704"
                         VPOS="2237"
                         HPOS="3337">
                  <String ID="string_region_1638960586948_7267l26"
                          HEIGHT="154"
                          WIDTH="704"
                          VPOS="2237"
                          HPOS="3337"
                          CONTENT="Brussel ant. Rousseau"/>
               </TextLine>
               <TextLine ID="region_1638960586948_7267l27"
                         BASELINE="5398,2374 5425,2372 5453,2372 5480,2370 5508,2370 5535,2369 5563,2368 5590,2368 5618,2366"
                         HEIGHT="121"
                         WIDTH="253"
                         VPOS="2294"
                         HPOS="5380">
                  <String ID="string_region_1638960586948_7267l27"
                          HEIGHT="121"
                          WIDTH="253"
                          VPOS="2294"
                          HPOS="5380"
                          CONTENT="a 14 d"/>
               </TextLine>
               <TextLine ID="region_1638960586948_7267l28"
                         BASELINE="3538,2440 3655,2437 3773,2435 3890,2434 4008,2435 4126,2436 4243,2439 4361,2442 4478,2446 4596,2450 4714,2456 4831,2460 4949,2466 5066,2471 5184,2476 5302,2482 5419,2488 5537,2492 5654,2497 5772,2500 5890,2504"
                         HEIGHT="211"
                         WIDTH="2388"
                         VPOS="2360"
                         HPOS="3519">
                  <String ID="string_region_1638960586948_7267l28"
                          HEIGHT="211"
                          WIDTH="2388"
                          VPOS="2360"
                          HPOS="3519"
                          CONTENT="Jecraynt que le s. Lersavont n'at cas teni sa raiolle suis que je n'ay lu"/>
               </TextLine>
               <TextLine ID="region_1638960586948_7267l29"
                         BASELINE="3534,2544 3652,2538 3771,2534 3889,2532 4008,2532 4127,2532 4245,2535 4364,2538 4482,2542 4601,2548 4720,2554 4838,2559 4957,2564 5075,2570 5194,2578 5313,2582 5431,2586 5550,2590 5668,2594 5787,2596 5906,2596"
                         HEIGHT="194"
                         WIDTH="2407"
                         VPOS="2451"
                         HPOS="3517">
                  <String ID="string_region_1638960586948_7267l29"
                          HEIGHT="194"
                          WIDTH="2407"
                          VPOS="2451"
                          HPOS="3517"
                          CONTENT="de vous, j'espece de vous voire samedy proedain, si vous avez quelque aigent a"/>
               </TextLine>
               <TextLine ID="region_1638960586948_7267l30"
                         BASELINE="3526,2642 3647,2635 3768,2630 3889,2628 4011,2628 4132,2628 4253,2631 4375,2634 4496,2638 4617,2644 4739,2648 4860,2654 4981,2660 5102,2666 5224,2672 5345,2677 5466,2682 5588,2684 5709,2688 5830,2688 5952,2690"
                         HEIGHT="156"
                         WIDTH="2461"
                         VPOS="2591"
                         HPOS="3509">
                  <String ID="string_region_1638960586948_7267l30"
                          HEIGHT="156"
                          WIDTH="2461"
                          VPOS="2591"
                          HPOS="3509"
                          CONTENT="recevoir icy, fait moy scavoir pour vendredy de bon malein, pour me regeler al advenant"/>
               </TextLine>
               <TextLine ID="region_1638960586948_7267l31"
                         BASELINE="3348,2760 3378,2757 3408,2754 3438,2752 3468,2750 3498,2749 3528,2748 3558,2747 3588,2746 3618,2744 3648,2744 3678,2744 3708,2744 3738,2744 3768,2744 3798,2744 3828,2744 3858,2744 3888,2744 3918,2746 3948,2746"
                         HEIGHT="153"
                         WIDTH="630"
                         VPOS="2656"
                         HPOS="3333">
                  <String ID="string_region_1638960586948_7267l31"
                          HEIGHT="153"
                          WIDTH="630"
                          VPOS="2656"
                          HPOS="3333"
                          CONTENT="Brussel steven Luits"/>
               </TextLine>
               <TextLine ID="region_1638960586948_7267l32"
                         BASELINE="5494,2794 5524,2798 5554,2800 5584,2798 5614,2786"
                         HEIGHT="96"
                         WIDTH="154"
                         VPOS="2736"
                         HPOS="5478">
                  <String ID="string_region_1638960586948_7267l32"
                          HEIGHT="96"
                          WIDTH="154"
                          VPOS="2736"
                          HPOS="5478"
                          CONTENT="a d"/>
               </TextLine>
               <TextLine ID="region_1638960586948_7267l33"
                         BASELINE="3494,2852 3615,2849 3737,2847 3859,2846 3981,2844 4103,2846 4224,2846 4346,2848 4468,2850 4590,2854 4712,2856 4833,2860 4955,2864 5077,2868 5199,2873 5321,2877 5442,2882 5564,2886 5686,2889 5808,2892 5930,2896"
                         HEIGHT="185"
                         WIDTH="2464"
                         VPOS="2747"
                         HPOS="3479">
                  <String ID="string_region_1638960586948_7267l33"
                          HEIGHT="185"
                          WIDTH="2464"
                          VPOS="2747"
                          HPOS="3479"
                          CONTENT="In antw. aen den ul van 12 deser eerst heden ontf. segge dat met Godts gratie aenstaende"/>
               </TextLine>
               <TextLine ID="region_1638960586948_7267l34"
                         BASELINE="3528,2944 3641,2943 3754,2942 3868,2943 3981,2944 4095,2946 4208,2948 4321,2950 4435,2954 4548,2956 4662,2960 4775,2964 4888,2968 5002,2970 5115,2974 5229,2978 5342,2981 5455,2984 5569,2986 5682,2988 5796,2988"
                         HEIGHT="187"
                         WIDTH="2303"
                         VPOS="2867"
                         HPOS="3511">
                  <String ID="string_region_1638960586948_7267l34"
                          HEIGHT="187"
                          WIDTH="2303"
                          VPOS="2867"
                          HPOS="3511"
                          CONTENT="saterdagh hope bij ul te wesen, als wanneer van alle breeden sullen precken"/>
               </TextLine>
               <TextLine ID="region_1638960586948_7267l35"
                         BASELINE="3342,3052 3378,3052 3414,3052 3451,3052 3487,3050 3524,3050 3560,3050 3596,3050 3633,3048 3669,3048 3706,3048 3742,3048 3778,3048 3815,3048 3851,3048 3888,3048 3924,3048 3960,3048 3997,3048 4033,3048 4070,3050"
                         HEIGHT="147"
                         WIDTH="758"
                         VPOS="2960"
                         HPOS="3328">
                  <String ID="string_region_1638960586948_7267l35"
                          HEIGHT="147"
                          WIDTH="758"
                          VPOS="2960"
                          HPOS="3328"
                          CONTENT="Brussel Anna m. De vos"/>
               </TextLine>
               <TextLine ID="region_1638960586948_7267l36"
                         BASELINE="5480,3100 5512,3092 5544,3090 5576,3088"
                         HEIGHT="122"
                         WIDTH="140"
                         VPOS="3003"
                         HPOS="5454">
                  <String ID="string_region_1638960586948_7267l36"
                          HEIGHT="122"
                          WIDTH="140"
                          VPOS="3003"
                          HPOS="5454"
                          CONTENT="d"/>
               </TextLine>
               <TextLine ID="region_1638960586948_7267l37"
                         BASELINE="3530,3146 3649,3146 3768,3144 3888,3144 4007,3144 4127,3146 4246,3148 4365,3150 4485,3152 4604,3154 4724,3156 4843,3158 4962,3160 5082,3162 5201,3164 5321,3166 5440,3168 5559,3168 5679,3168 5798,3168 5918,3168"
                         HEIGHT="189"
                         WIDTH="2419"
                         VPOS="3036"
                         HPOS="3514">
                  <String ID="string_region_1638960586948_7267l37"
                          HEIGHT="189"
                          WIDTH="2419"
                          VPOS="3036"
                          HPOS="3514"
                          CONTENT="In antw aen den ul van gisteren, wegens het pacq voorm. Philip ricaiste van Cameryey"/>
               </TextLine>
               <TextLine ID="region_1638960586948_7267l38"
                         BASELINE="3540,3236 3659,3236 3779,3236 3899,3238 4019,3238 4139,3240 4258,3242 4378,3244 4498,3247 4618,3250 4738,3252 4857,3254 4977,3256 5097,3260 5217,3262 5337,3262 5456,3264 5576,3264 5696,3266 5816,3265 5936,3264"
                         HEIGHT="132"
                         WIDTH="2428"
                         VPOS="3194"
                         HPOS="3523">
                  <String ID="string_region_1638960586948_7267l38"
                          HEIGHT="132"
                          WIDTH="2428"
                          VPOS="3194"
                          HPOS="3523"
                          CONTENT="sout in 4½ swarte fijn lakens, &amp; 2 fijn coleuren aller Antwe fabrieque, sijnde in"/>
               </TextLine>
               <TextLine ID="region_1638960586948_7267l39"
                         BASELINE="3534,3338 3631,3334 3728,3332 3825,3332 3922,3332 4019,3332 4116,3334 4213,3336 4310,3340 4407,3342 4505,3346 4602,3349 4699,3352 4796,3354 4893,3356 4990,3358 5087,3358 5184,3358 5281,3356 5378,3353 5476,3348"
                         HEIGHT="156"
                         WIDTH="1973"
                         VPOS="3271"
                         HPOS="3519">
                  <String ID="string_region_1638960586948_7267l39"
                          HEIGHT="156"
                          WIDTH="1973"
                          VPOS="3271"
                          HPOS="3519"
                          CONTENT="alles 8 st fijn lakens a god. hier inne en gelieft niet teversuijmen"/>
               </TextLine>
               <TextLine ID="region_1638960586948_7267l40"
                         BASELINE="3334,3450 3380,3448 3427,3448 3474,3446 3521,3446 3568,3444 3615,3444 3662,3442 3709,3442 3756,3442 3803,3442 3849,3440 3896,3440 3943,3440 3990,3438 4037,3438 4084,3437 4131,3436 4178,3434 4225,3434 4272,3432"
                         HEIGHT="148"
                         WIDTH="971"
                         VPOS="3360"
                         HPOS="3316">
                  <String ID="string_region_1638960586948_7267l40"
                          HEIGHT="148"
                          WIDTH="971"
                          VPOS="3360"
                          HPOS="3316"
                          CONTENT="Brussel Jacobus Mostelmans"/>
               </TextLine>
               <TextLine ID="region_1638960586948_7267l41"
                         BASELINE="5524,3464 5556,3464 5588,3460"
                         HEIGHT="113"
                         WIDTH="103"
                         VPOS="3393"
                         HPOS="5504">
                  <String ID="string_region_1638960586948_7267l41"
                          HEIGHT="113"
                          WIDTH="103"
                          VPOS="3393"
                          HPOS="5504"
                          CONTENT="D"/>
               </TextLine>
               <TextLine ID="region_1638960586948_7267l42"
                         BASELINE="3534,3536 3654,3536 3775,3536 3895,3536 4016,3536 4137,3538 4257,3540 4378,3542 4498,3544 4619,3547 4740,3550 4860,3554 4981,3556 5101,3560 5222,3564 5343,3567 5463,3571 5584,3574 5704,3578 5825,3582 5946,3586"
                         HEIGHT="156"
                         WIDTH="2443"
                         VPOS="3446"
                         HPOS="3519">
                  <String ID="string_region_1638960586948_7267l42"
                          HEIGHT="156"
                          WIDTH="2443"
                          VPOS="3446"
                          HPOS="3519"
                          CONTENT="t' sedert dat gisteren aen ul hebbe ges sijn de witte grijse tot bott geariveert, soo dat"/>
               </TextLine>
               <TextLine ID="region_1638960586948_7267l43"
                         BASELINE="3534,3632 3653,3632 3772,3630 3891,3630 4010,3632 4129,3632 4248,3634 4367,3637 4486,3640 4605,3643 4725,3646 4844,3650 4963,3654 5082,3658 5201,3661 5320,3664 5439,3667 5558,3670 5677,3672 5796,3674 5916,3676"
                         HEIGHT="144"
                         WIDTH="2417"
                         VPOS="3597"
                         HPOS="3517">
                  <String ID="string_region_1638960586948_7267l43"
                          HEIGHT="144"
                          WIDTH="2417"
                          VPOS="3597"
                          HPOS="3517"
                          CONTENT="de selve in 4 a ¼ hier sullen wesen, volgens ul saterdagh mondelingts sal segges"/>
               </TextLine>
               <TextLine ID="region_1638960586948_7267l44"
                         BASELINE="3526,3724 3566,3726 3607,3726 3647,3728 3688,3728 3728,3728 3769,3730 3809,3730 3850,3730 3890,3730 3931,3730 3971,3730 4012,3730 4052,3730 4093,3730 4133,3730 4174,3730 4214,3730 4255,3730 4295,3730 4336,3730"
                         HEIGHT="140"
                         WIDTH="840"
                         VPOS="3659"
                         HPOS="3511">
                  <String ID="string_region_1638960586948_7267l44"
                          HEIGHT="140"
                          WIDTH="840"
                          VPOS="3659"
                          HPOS="3511"
                          CONTENT="4 welck ul diens tot advijs"/>
               </TextLine>
               <TextLine ID="region_1638960586948_7267l45"
                         BASELINE="5468,3800 5493,3807 5518,3808 5543,3807 5568,3808"
                         HEIGHT="132"
                         WIDTH="138"
                         VPOS="3723"
                         HPOS="5450">
                  <String ID="string_region_1638960586948_7267l45"
                          HEIGHT="132"
                          WIDTH="138"
                          VPOS="3723"
                          HPOS="5450"
                          CONTENT="d"/>
               </TextLine>
               <TextLine ID="region_1638960586948_7267l46"
                         BASELINE="3328,3794 3364,3799 3400,3805 3436,3808 3473,3812 3509,3814 3545,3816 3582,3818 3618,3818 3654,3818 3691,3818 3727,3818 3763,3818 3799,3818 3836,3818 3872,3818 3908,3818 3945,3818 3981,3818 4017,3820 4054,3820"
                         HEIGHT="149"
                         WIDTH="759"
                         VPOS="3708"
                         HPOS="3311">
                  <String ID="string_region_1638960586948_7267l46"
                          HEIGHT="149"
                          WIDTH="759"
                          VPOS="3708"
                          HPOS="3311"
                          CONTENT="Brussel Joseph Sabbarton"/>
               </TextLine>
               <TextLine ID="region_1638960586948_7267l47"
                         BASELINE="3522,3926 3638,3928 3754,3931 3870,3934 3987,3936 4103,3940 4219,3942 4336,3946 4452,3949 4568,3952 4685,3956 4801,3958 4917,3960 5033,3964 5150,3966 5266,3968 5382,3970 5499,3970 5615,3972 5731,3972 5848,3972"
                         HEIGHT="192"
                         WIDTH="2361"
                         VPOS="3847"
                         HPOS="3505">
                  <String ID="string_region_1638960586948_7267l47"
                          HEIGHT="192"
                          WIDTH="2361"
                          VPOS="3847"
                          HPOS="3505"
                          CONTENT="hopeing to his yd. handes a saturday, desire to know wedoner you lave any"/>
               </TextLine>
               <TextLine ID="region_1638960586948_7267l48"
                         BASELINE="3530,4044 3649,4041 3768,4040 3888,4038 4007,4038 4127,4038 4246,4038 4365,4040 4485,4040 4604,4042 4724,4044 4843,4044 4962,4046 5082,4048 5201,4050 5321,4052 5440,4054 5559,4056 5679,4057 5798,4058 5918,4060"
                         HEIGHT="145"
                         WIDTH="2423"
                         VPOS="3982"
                         HPOS="3513">
                  <String ID="string_region_1638960586948_7267l48"
                          HEIGHT="145"
                          WIDTH="2423"
                          VPOS="3982"
                          HPOS="3513"
                          CONTENT="monyes lere &amp; that you please to leave them for my, for which I shall ie pay you "/>
               </TextLine>
               <TextLine ID="region_1638960586948_7267l49"
                         BASELINE="3510,4150 3609,4148 3708,4145 3807,4142 3906,4140 4006,4140 4105,4138 4204,4138 4303,4138 4402,4138 4502,4138 4601,4140 4700,4142 4799,4142 4898,4144 4998,4147 5097,4150 5196,4152 5295,4154 5394,4158 5494,4160"
                         HEIGHT="180"
                         WIDTH="2016"
                         VPOS="4051"
                         HPOS="3494">
                  <String ID="string_region_1638960586948_7267l49"
                          HEIGHT="180"
                          WIDTH="2016"
                          VPOS="4051"
                          HPOS="3494"
                          CONTENT="the valew in Brussels, exspecting yd answer by friday morning a"/>
               </TextLine>
            </TextBlock>
         </PrintSpace>
      </Page>
   </Layout>
</alto>
