8549 4601
1100 182 1992 112 desine to be excused, in the like occasion, for itt comes in a vere ill sime

1085 259 2252 124 I have sold 3 of yd cloathes more, & shall endeavour to putt of the rest to cleare

1101 368 2248 128 al. I receave tust now a letter from JB. by which he sayes that Iohm de coninck doing

1112 452 2218 103 hath afslicted him soo much, that he kept his bed well 8 dayes, butt no hopes yett

1095 514 2233 144 for any mony. I knw here are more protested bills att his charge, butt what

1099 617 2259 130 shall I do to secure you, I wrott him that you sended mee his ledder of 17 past, he

1107 691 2227 146 desires to be excused, & that next week he will endeavour to remitt some mony, &

1095 798 2210 117 deseres mee not to astront him, butt I feare he will suffer by others, what passes

1109 903 783 139 more you shall know rext

2729 995 476 127 a4 april 1682

865 977 814 174 London n Deury Maijnard

1099 1046 2245 177 in the first curtt have pertely answered yd of 13 & 17th past, as for spanish cloather

1101 1202 2221 128 puk now & then a 3 as you finde our advantidge, butt not to many & most low

1107 1256 2218 174 prijsen of 6„6„ 7 ƒ & under 8 a gad pray desist not with the 618 silver mack for

1106 1352 2258 141 I can nott gett 2 dyed & to make them well must have 5 att a time, so haster ther

1105 1424 2200 172 as much you can, in case you finde apenniewortk in reds send a bale of 5 or 10

1098 1545 2219 124 butt if to deare, would rather desist. if the pack whites low prijses be good cherp

1110 1659 2217 151 please to buy 5& of £30- & 5& of £35- a 36  god send klarck specdly over, for

1095 1744 2250 149 I want the goods on his board, I have understood mr. Randals beeng fouled, & buthes

1100 1826 2269 165 of Epon & sampson of london, trnly itt is fallen vere heary upon some here ood confort

1103 1912 2206 139 the concerned: some difference between John de coninck & John vale hath been cause

1109 2018 2182 160 of severall bills on sV protested, amonghst others 3 of H.C. of which he payd the

1119 2107 2189 168 finst which was all ready returned in london, the other 2 I have payd to help

1099 2180 2236 186 my good old freind for this & last time, for though I have effects of his yett they

1122 2286 2181 157 are standing out debts, so there is no danger, I do for the valew here inclosed send

1123 2374 2192 175 you my bill on him att Wto £200- p att 35„3, for which please to secoeune

1124 2478 2169 140 the needfull, & where payd pas to yd. owne acctt. god comfort houest I v. for he

1101 2564 2193 152 is nu an asslicted condition, to have so many proteste, I have seen non of yd bill

1123 2655 2205 169 butt I suppose John de Coninck doth discharge them for yd. honor, as you do for him

1119 2775 1105 132 other wise I should take care for them

2747 2821 223 111 a4d

834 2814 819 207 Lenden mr. Edmund Warner

1135 2916 2167 178 on the 21th past wrort you the needfull, sence recd yd of 13 d with yd dixcethons, for

1129 3008 2170 152 what laccs you order mee so provide, which will be osserved in all respects I shall

2233 3120 118 57 what

1124 3091 2191 160 eveny weet dispatch one or 2 packetts, & finst all ready I have by mee for yd acctt

1133 3180 2194 150 which will be cheapes by 15  by what dayly I now buy assureing you, that you have

1133 3290 2173 122 all advantages in that trade that can be exspected, & in case you do nott finde mee

1123 3400 2197 123 capable, to incorridge not onely, butt to continew you in the same, then should not

1129 3466 2209 160 advise you to medele with itt att all, for sur. I know them that buy dearer by

1129 3591 2196 124 butt itt is the ready mony that fathous the bottom of itt, & a continuall imploy, I am

1113 3690 2184 118 sure that England never demanded more laces then now butt the woust of all is

1125 3758 2192 176 that itt is in so many handes, yett pray do nott under valew itt, & be confident of my

1121 3880 2172 132 endeavour to serve you as well as can be imagined nay I am sure no beddy shall out

1133 3954 2161 159 do you, except they would wort for others. you define no more Antworp laces, I have

1128 4048 2188 127 about for £250- bought for you, butt seeng you do not desie itt, itt shall be sendt to

1134 4110 2196 157 other freinds, yett them of ¼ of an ele are there by, which I have ordered to be made for

1117 4229 2209 155 you neversheles I have not one & to many neither can wee att this time provide

3612 193 2420 109 great quantiies to our minde, so must take the best opportunitie I can, for other wise must take

3604 264 2425 96 all as itt comes, & allow the worck wonnen their pleasure, which I do not rekon yd. Intrest: the

3604 320 2416 108 is some patt. of smaller flowers, butt not so plentie yett in low prijsed goods, whoever you shall

3599 430 2420 110 have of itt, & I shall observe the mannes you direct mee of makeing up the packetts, the f. of

3597 496 2435 123 plaine ground N.117, I could not discorer any thing of what you say, in case you can not pust att

3597 565 2350 171 oft for proffitt returne itt, & I'll shew itt the maker, sure wee bny not oneell, butt what in

3596 674 2050 142 looven: whoever I hope to give you content as much as any one can do

5517 778 449 128 @ 4 april 1682

3469 752 677 176 Londen m. anthus Anneslay

3609 805 2365 216 I have delayed answer to yd of 20 feb. last, because I did not thinck butt that

3605 965 2373 142 ene now I should have been in a good capacitie to remitt you a good some of mony

3588 1032 2393 166 butt allthinghs go so cnoss, & ill here, that wee are almost unden, whoeves I have

3605 1147 2413 141 grasped something for you which shall remitt you & rext, you dechine of continuing the

3594 1236 2325 146 stuff srade here, patience I can not incorridge you to trade against yd him our

3605 1295 2405 135 whoever in case I finde some thigh thingh more werth yd notice &  proffitt shall

3610 1420 341 137 advise you

3463 1512 787 168 Brussel Mons Jeon enle

5394 1544 569 188 @4 april 16682

3615 1646 2392 150 Mons. tis mij leet te verstaen bij den ul van 3 deser ul in dispositie

3602 1740 2417 207 & ongelegentijt, hebbe heden soo veel te wege gebraght dat den brief

3605 1806 2303 194 an m. collier heden overvallen geprotesteert sijnd niet en is

3591 1900 2404 226 wegh gesonden maer op gehouden sal worden tot dijnsdagh

3600 2005 2353 170 soo gelieft die weirde aen mij te besorgen, om den selven

3619 2105 2326 159 te voldoen, ende de reste sal met meerder gelegen tijdt af

3618 2223 1432 177 waohten, waer op mij verlaete

3481 2328 760 193 russel mons. carsavont

5347 2417 624 128 4 april 1682

3614 2417 2415 188 mons. in antwort aen den ul van gisteren en hebbe present

3621 2519 2408 205 gene witte engelsche baeyen vollgens ul versock alenelijck

3588 2589 2435 237 vier stucks van stijf een elle breet tot ƒ26:10 ot kan ick ul

3603 2697 2339 189 daer op & mede bedienen gelieft te commanderen maer om

3597 2792 2419 263 dat de selve soo smal sijn en heb die niet derven seyndek

3613 2894 2389 245 verwachte een groote partije ballen ider dagh te arriveven

3619 2989 2330 220 alswanneer weveel beter sal versien sijn gelieft ul daer

3626 3109 2296 203 te gen sil te hebben gelieft maer te commanderen

3477 3182 850 160 brussel Ana mari de vos

5292 3318 640 146 @4 april 1682

3615 3303 2406 247 mainff den 2 deser hebbe aen ul gesonden pr dondaghs bend

3599 3399 2386 260 tschip op brussel twe pack het een gemerckt a db voor

3600 3467 2417 265 mj alex ander de bresst van berge ende et ander voor ur gan

3605 3593 2393 235 batasta. massain mede van borge het welck gewerckt is

3613 3703 2377 204 i6 in waer voore het nodigh gelieft te besorgen kaen

3623 3789 2388 227 hijn voort senden stellende de oncosten op hunne rekeninghe

3466 3864 564 165 brussel monsr. Coots

5307 3976 623 144 26 april 1682

3611 3996 2399 251 monsr. sedort mijnen van 8 deser, den ul van den selven dato bekomen

3612 4106 2342 247 wat onkosten als andersins wegens het clavers aet gepassceirt is

3606 4192 2331 236 verwachte heden te verstaen, het pack sergen sien tegemoet
