8030 4581
814 184 2297 108 A5 dier haestigh om was, ende deselve waren dan ondertusschen soo dra

813 248 2372 102 hier alst schip tot Brugge want als de goederen pr: bargie van ostendvoolgaen

803 313 2285 131 soo sijn sij den derden dagh hier, ende wagens van costij directelijck tarderen

803 363 2318 134 3 a 4 dagen, oversulx mijn versoeck is ondermael de meer gemelde packen

824 443 2180 137 voor alles & op alle spoet te depescheren al soude die selfs vooraft tot

817 491 2280 138 oftend doen uijt lossen, want jonge cremers moeten meer geevonceert

805 578 1938 141 worden als die niet noodigh hebbe oversulx doet mij wele

2278 621 845 174 In Antwerpen 8 march

536 649 687 148 Lop don John Loijd

1634 696 82 103 th

800 700 2370 162 S. in answer to yd of 21: past, do send you here inclosed invoyce & bill oft

800 789 2373 153 loading of 2 packes of tykes N. 10„ 13 aboard adriaen de Raes: they cont. mall

816 886 2326 141 142 p, which are as well assorted, as are to be hadd for mony I have great

811 937 2325 140 reason to incorridge you to accept off all though somich more as yd order

808 1005 2317 148 because they are not onelij verij good butt cheaper then any other one

797 1060 2316 176 could buy them for you for mony, nay if I would sell them here againe

816 1153 2295 175 att present, I could make more for them so do exspect yd apprabation

811 1228 2262 152 when I shall then dispose of the valew wanting to pay some monges

806 1266 2343 189 in London towards the latter end off aprill, you will finde the 3 seals

802 1377 2336 168 & 1¼ greend lead good cheap, so expect  that you shall gaine well

804 1457 2235 174 by them & the rest, for I could make no less for them here, without

811 1542 2295 143 any charges, as I note them free aboard, all the tykes I hadd by mee

805 1599 2339 164 were packt, so have pickt out the 2 best for you & in case you please

818 1667 2283 167 to send mee the acctt. of sale of these twoo, when they shall be disposed

818 1816 2312 94 off shall perhaps keep onely to you & be equally concerned: butt I do not

800 1846 2227 143 thinck to finde such a penmy worth a gaine all this approaching

810 1920 2253 138 summer, whoever shall endeavour to finde goods, as cheap as

800 2000 2252 129 possible, whilst I exspect yd answer att the returne of the post

787 2064 2296 143 for in case you do not accept off all, shall advise you where

779 2122 2319 134 to deliver them for be confident I gott by last post more orders

805 2194 2232 148 then goods being now quite without one pas to the legaturen I have

799 2272 2241 145 writt the needfull about them & exspect answer p first whilst

779 2315 2316 189 I hope to dispatch the same speedly tis a strangs thing what demand

779 2413 2327 147 there is att present for that com for francs & other places, yett shall

813 2498 2263 142 endeavour to loose N. longertime & serve you to content whilst

2234 2540 861 156 In Antwarp 8 march

821 2607 151 80 rest

547 2586 884 156 London Henry Maynard

800 2631 2321 187 S my last to you was on the 4 curitt. to which referre you as, also in

1484 2744 72 57 th

792 2715 2263 149 answer to yd of 21 past as to which the bill I drew on you att 2 uso

793 2780 2257 169 shall without faile rembourse you before dewday & give you dew

757 2838 2362 137 content for what goods you procvide for mee & in case you dew content

803 2902 2269 173 for what goods my last be not to yd content write mee plainly the

768 2985 2377 139 needfull, for I will not oblige you to any thinck against yd inclination

801 3040 2316 172 & supose casely to finde out the way to drive my trade up on my owne

813 3121 2296 157 without to preiudice others by under selling or punctuallitie

806 3208 2216 118 in payement & Bloch & Devos are well arrived, the bale N.5 is

802 3265 2253 147 indifferent well assorted & for what you provide more, send no

807 3327 2267 142 more graijes butt what you might have al ready bought & odd

813 3431 2231 115 some mode drapp cullours of a lovely pleasant light mixture

801 3483 2267 140 in steed of grayes & in case any oportunitie of hipping for Rotterd

796 3561 2309 130 lett one bale come that way to Joan Vandermeulen to follow

802 3637 2282 130 my order, besides in case John nelson begon from hull & that

787 3706 2295 123 a vessel be ready for Rotterdam lett our desired northrens be sent that

802 3777 2258 116 way to sind vandermeulen as for the mocks I tought there abare

796 3859 2270 129 non butt black, which I desire or browne much as to cottons lett

790 3913 2260 142 them aye by till further order wantingh some more whites of

787 3984 2313 134 23 a 25 pence a goud of which please to provide some more att least

793 4094 2331 129 10 a 12 double peeces & here after shall order how to packt them

779 4177 1905 140 whilst met francine with hindesalen

3269 178 762 115 London will Scawen

5052 215 885 111 In Antwerpen 8 march

3537 225 2400 132 Sr. my last to you was on the 1. curitt then desired you to provide & l att

3549 347 2342 111 the east india sale 200 salempores of 12:6 a 13 st a ƒ to be dyed as I shall

3557 406 2378 111 order p next, besides 50 p of a fines sort thought browne, for our people

3546 460 2381 113 will have them  finer because theest ware very cours & much courser

3548 534 2390 98 then our first parcell, to buy also 60 or 70: p: long cloth of pN. x2 of 29:6

3541 606 2351 108 in case yyou could have the browne for that price itt would be better for

3536 658 2400 130 the browne are most demanded here, because wee have those that ducti

3536 743 2336 117 them & do not well know how the keep the withned from spotting so

3546 786 2384 129 leave toy on to do as best you shall finde for both our sadvantidge

3547 902 2349 69 mr. maynard shall buy cottons & then shall order how to dispose of

3555 926 2331 119 goods desired I hope you shall finde the goods cheap to content & in case

3578 1023 1952 106 you be not in corridge buy oot her the less & so remane

5124 1058 810 125 In Antwerpen 9 mee

3322 1046 989 176 Brussel Judocus De sadelier

3541 1165 2399 151 mons. in antwoort aenden ul van 6 deser segge als dat de weirde

3542 1244 2312 161 voor ul remise van drij hondert guldens hebbe ontfangen in het

3555 1311 2373 125 eijnde van dese weeke sal, mijn goet soo goet gelieft sonder twijffel

3542 1408 2394 103 alhier wesen de sortering is groot, soo dat het best waer ul eensooe

3543 1478 2387 138 quam al was omtegen heden & aghtdagen dat is naert sondagh

3534 1578 2351 124 hier te wesen, want het is bij na on mogelijk van ider laken

3545 1654 2352 128 stael & prijs te senden vermidts de menighte en meest al vers

3531 1711 2348 118 goot vandat season, want ick schick maer eerst ontrent de

3563 1782 2348 133 golde weeke tot Brussel te wesen soo sal ul oft ul brief verwagh

3298 1835 793 159 Brussel Ann Artsons

5105 1872 831 142 In Ant 9 meert

3541 1925 2388 159 Mons. 3 deser was aen ul mijnen leeften, sedert den dil van dien

3506 2013 2426 124 dato wel becomen de brieven ter acceptatie vertoont voadrvan

3537 2115 2280 140 den eens hier mede terugge van £50 den andervolghtmorge

3248 2198 805 176 Brussel Steven kint

5103 2235 351 125 4 mens

3549 2275 2337 141 Inantw: van ue van 7 deser heb heden op ue getrock

3543 2387 2333 155 te betalen aen Piirre meirsant van Bergen Banger

3525 2457 2403 173 deser ƒ300: deew: gelieft te voldoen en saege opiue ted sult

3529 2599 2329 121 onse verse goederen begri te arriveren soo ul iet

3572 2670 1490 137 oodich hebt geliet te comn

5164 2710 606 128 3 meert 1680

3290 2765 870 144 Antw Coonelis real

3549 2807 2358 161 mons. Gelieft te verclares p beurtman and mijn Amsterdam

3545 2906 2375 138 een pakie met een camer sayette tapijten beneffens een casse

3552 3000 2346 118 niet aghten geortigh pout weirden aen houde terren stelo op rek

3301 3072 179 128 Lillo

3547 3091 528 126 Joande Grans

3550 3120 2345 147 Mons. gelieft te claren p: beurtman sande bruyn op Amsterd

3547 3229 2345 117 ven casse in houdende drij kamers goudeleiren weirt ƒ 42: is

3556 3320 2267 103 een packie nmet een cannen sinetapijten van sayest kost ƒ 1580-

3575 3368 1318 132 gelift de selve ver holgens ielant

5072 3431 536 133 10 mars 1681

3272 3429 727 157 Cauyy g rapcoofs

3555 3496 2277 149 den 8 deser was aen ul my ick losten sedert den ue van ditto ontfangen

3555 3622 2300 101 als mede de 2 stoff packen en N.36, ul had wel gelvenst N 23 miede had

3557 3686 2319 105 gekomen doch nan verwaght het cceep, en arriverende sal de leade examen

3802 3757 96 63 tidt

3541 3763 2345 101 ick had ul gear donnert omdat adroiteur te senden, maer tot mijncordese

3523 3832 2316 119 dewan, want mijn intente was dat pr wage nest 6 arg iste laten

3530 3874 2364 125 komen oelijk N. tren 22, en had ie heden geleden & daeren geseint ten saud

3529 3968 2357 93 net de reste niet gesonken hebben, oock mett sijndenander hier gelieutt

3529 4027 2231 86 hebben, dochpatient ie eul alleersije versocht ee packen p vorrgn

3555 4067 2312 125 degressen vant ben daer omseeer verheegen verom  N8:3 dese

3544 4186 2354 75 hepe morgen oft oer margen suln e wesen, te belaende tsellve

3526 4216 2205 86 ren commodeveende calnie torgelejt die daer naer waght en

3544 4242 2354 135 veraene geinnewat van johnnelsenwort gehoort, ul londn

3546 4343 2288 92 ts voor mijn geladen aenboort benedictio of landryn enen
