8494 4636
978 279 2289 79 shall proceed as formerly whilst I leave all to yd considerations, as also where

976 323 2208 125 sale is low mony is scarey, so consequently I can not do as well I could

1008 362 2265 115 wish whower patience yd bill for £500: shall finde due honnour: by yd

1003 451 2251 120 next pray lett mee know the need proceed of my clothsent you N.9 & you

986 537 449 112 shall oblige

2547 550 620 106 Antw: 10 sber 1681

784 606 800 131 Brugge Raphael Coots

1000 664 2280 109 mijn st Alhoewel sedert mijnen van 3 deser met had getwijffelt oft fran

996 694 2292 188 limons soude sijn gearrieert soo nochtans hebbe sedert niet sonder naedenken

982 776 2267 172 dese wegens niet vernome, eghter hope hij ten leefte sal uo sal arriveeren

1004 848 2256 154 aen boort steven warner van London is geladen het pack MN.41 met

989 911 2267 206 &E gemengelde grove spaens lakens daer voor ten arrivement het henoodigh

1006 1024 2221 197 gelieft te besorgen behalve de 3 gementioneert packen tot Hull aen boort

954 1068 2278 183 thomas fuuith sijn N.° 42 & 49 bij geladen, jder inhoudende 12 gemengelde

1004 1149 2189 181 nortse lakens van exon verwaghte p John Ewinge 4 packen

1013 1250 2137 175 N. 19 met 30„20 met 30„N21 met 30 N 22 met 25 somen

1002 1319 2238 213 115 ftuix gemengelde serges: godt sende alles salue als wanneer

1007 1406 2142 182 het noodigh daer voor gelieft te besorgen ende aen mij nevens die

1016 1441 2238 219 van andererrinden het te senden wat passeirt vernemegeerne

2731 1532 469 160 20 ditto 1681

2626 1585 126 112 @

777 1586 848 145 Brussel Andries Artsens

1026 1659 2215 122 Mons. in antwoort aenden ul van gisteren segge dat mons. Atianis mertins

1022 1718 2240 124 de ƒ900: heden heeft betaelt volgens den wissel brief, die ul mij heeft gesonden

1023 1797 2261 136 ick hope naeste saturdagh bij ul te wesen & ue dae over satis factie tegeven

1039 1861 2056 157 waer in ick ul voordere dinst kan doen gelieft te commandeeren

2674 1918 511 109 @ 17 ditto 1681

791 1931 847 147 Leuven Andreas verrou

1033 2003 2247 151 in answer to yd of 6: curitt as to serve you in comission for yd mony att

1010 2090 2248 111 Dunquerque, that is that you shall order yd mony there to be payd to mee or

1025 2158 2250 126 order which then Ill draw from theme, remit for london, & from thenme

1041 2261 2223 104 to what place in grland you will & to whom you will catas short a tne

1042 2321 2256 118 as itt shall be to be had, & then shall give you an accompt of the ex. from

1034 2373 2235 106 one place to the other, as itt shall prove demanding onely for my pamis

1032 2444 2134 143 one Pc. for wee have no bills here directely for Irland, butt haveing

1043 2525 2220 138 remitted yd mony to london to my correspondents there, they will remitt itt

1029 2596 2228 106 for mee to yd order & otherwise itt is not to be don which is the nadfull

946 2682 725 127 att present from

2694 2672 466 142 @ 11 ditto 1681

764 2726 1163 130 Amsterdam De Hulter & van Homright

1044 2769 2185 145 Msss. op 8 deser was aen ul mijnen leesten, waer aen mij referrere ondertusschen

1061 2851 2159 116 wegens de 20 vaten boter niet vernomen, de cleyn fristasie wort minder gearnt

1043 2904 2182 144 omdes will de refacie & terra teweel is op de selve, eghter geen hebbende en kan

1053 2974 2088 159 geen verkoopen, een weijnngh tot assortement, soude my inde kennisse

1054 3029 2235 139 onderhouden soo de verse nievere komt te arriveren soude daer van wel pertije

1051 3163 2163 98 tegens den winter konnen debiteren agoverno  wat de gementioneerde

1052 3223 2165 120 wolle belanght, mijnen wercknun thuys gekomen sijnde heeft de selve

1050 3258 2197 120 niet wel bevonden, ende mij geheelyk ontraden, oversulx wenste wel noch

1055 3346 2133 122 pertije te hebben gelijk de 5 leste balen door ul voor mij gekoght, want

1063 3401 2170 141 die wel bevallen, ofte een stercke proma segouische soorte van ons 31 sp

1066 3489 2189 153 niet suprafijne maer, een stercke bequane soorte tot coleure lakens te

1071 3564 2157 140 maken, oversulx gelieft mij devrintscas te doen, te doen informeeren

1055 3645 2170 160 ofte eenige soorte danighe is te bekomen, ende vande selve staelen ofte mons.

1063 3707 2108 199 aen mij te senden om vervolgens te ordonneeren den inkoop de pertije

1068 3775 2188 187 voor Amr. Roosendael afgeladen is verkoght, want anders bijde reste sonde

1989 3838 1251 198 geen pr. segruische sterke sor te konnende vinden

1066 3923 700 117 hebbe bekomen anaer

1048 3940 2192 182 laet stalen besorgen diransoria segoiiene ofte van bijde soo mogelijk is

2737 4032 340 117 @ 12 ditto

816 4064 858 149 Brussel Jouerr ½ ververs

1068 4117 2071 119 mons. Ick hebbe vandigh toldagh deer verwaght van ul hier telen want

1076 4186 2149 115 nu ben ick ten uijtterste van alle sorteringe wel versien soo dat ick buyt

1067 4245 2154 120 twijffelle ul dinst soude konne doen m. Ranwaelt heeft mij geseyt dat

1079 4316 2134 121 delanck verwaght payen de naeste wedhe hier sullen wesen als sijnde

1073 4398 2142 91 de selve al van Ains vertoorken ot geene teerder gel goet dachet

3558 238 2431 114 te laten weten omdeswill dat mij geseijt was ul over morgen hier soude wise

3547 308 2325 72 tgeene wenschte tot De naeste weeke gelieftde uyt te stellen want dan geene

3559 349 1995 112 thuys soude sijn & overmorgen stjcke geerne bij ul te wesen

5439 364 539 158 a 12 7b 1691

3403 383 720 130 London Abram vivian

3576 438 2370 150 Sr. mj last to you was on the 10 curitt to which referre you sence recd. yd of 29 past

3555 548 2409 99 with invoyce for the bale N.37: with 32 bayes which wilst came to late to come

3555 625 2325 66 by smith must exspect them by pindar as also the other bayes & what Elle is

3558 672 2418 117 remaining to compleat the full orders intrim I hope still to see you here, when

3573 736 2409 111 wee will fully discours off all this day is sent to newport the packett N. 19 cour

3566 819 2406 93 boath to thether 11 p. laces according to the inclosed invoyce, because the least

3555 884 2412 90 is for Cruwat laces acor, so could not well make itt one packett, butt itt is

3550 966 2400 102 in 2 which boath are tyed up to ghether that when they come att Dovers they

3565 1013 2402 120 can besent forward distinetels the biggest is marckett with  doth coud

3552 1074 2431 143 N. 206„ 207 „ 209„ 211„ 213 „ 214 d& the other the rest I wish them safe to yd haid

3557 1170 2360 130 & doubt not butt they will give good content N. 206 is the reece you sent

3563 1249 2399 134 mee to be made 5 yd & is long now a 6  & I payd a 5¼ att ƒ11:4 where

3568 1317 2420 128 in I can fuithen serve you or any other freind freely command mee whist I ave

3398 1324 696 136 London Henry Maynard

4468 1408 115 82 th

5350 1406 519 117 @ 12 ditto

3568 1432 2402 157 S. my last to you was on the 6: curitt sence recd yd of 29 pass, as yett wee have no

3564 1523 2419 125 news of sjmons, god send him well, I wonder what is become of him: I have made

3573 1578 2288 125 you deb in my acctt. for the £109:6 t you receaved of m. Hawen & I do

3572 1622 2381 146 write this day, because I am iust going for Brussels where I hope to finde good

3568 1725 2347 114 store of mony, that I might be in a condition to send you a good supply p. next

3563 1794 2385 126 post on boath acctt. on which you may depend I have given you creditt for my half

3572 1869 2395 121 share in the bale of redds, aboard warner: I perceave that I did not well eapress

3553 1936 2395 117 mij self as for the northren trade: I shall onely answer, that when you shall

3567 2019 2403 116 be here, I shall shew you how I am served by others, and in case I can bj yd meanes

3563 2091 2409 108 have the same sorts & goods, shall wholly keep to you, for you may be confident

3581 2172 2364 95 Ilove rather to have to do with one all alone then severall, where fore what

3564 2220 2415 138 I can not well explaine by letters, shall shew you by the deed & shall endeavour

3563 2281 2391 148 to bring itt so farr, that wee might have agenerall trade toghether, & when you

3580 2382 2376 131 see the goods the one bij the other you will better be able to iudge what measirres

3566 2462 2349 97 that to taker then I can make you understood, for mr. freemans buying

3586 2471 2401 164 was not well, in hills I confess is better, and I beleave when I see you, shall, accquaid

3572 2604 2430 135 you yett of abetter & the best wee want, to bring our whare house in reputation

3583 2661 2415 141 which I endeavour to procure as well as proffitt intrim returne you thanckes

3579 2726 2386 148 that you preferre mee before others, you may assure yd self I shall do all

3590 2801 2340 146 I can to please you & to promote yd intrest as well as mine, & to mte

3580 2888 2379 126 all things the more I have a small trade from Exon, in which in case you be

3579 2958 2400 142 accquainted, shall be willing to proceed as in the rest for what I can have with

3570 3075 2398 99 one letter, shall not inclina to trouble others you have given a letter

3572 3110 2364 140 shall not incoie of creditt to yd freind mr. Henry furnace, which comes up

3567 3196 2337 132 on the lace trade where in Ibeginne to bes much accquancted, so you

3568 3270 2412 135 maij be sure I shall do for him as much as if yd selfs was here, and endeavour

3587 3338 2391 114 to give him good content, whilst I hope this will give you satis faction till

3582 3414 732 146 Isee you & so remaine

5243 3424 679 157 23 n ditto 1681

3420 3480 144 144 sent

3593 3501 557 132 B thijsebart

3571 3502 2362 177 monsr. op 30 passato heb aen ul gesonden een briefken van ƒ 205:12½ t

3572 3679 2412 51 ten laste Adrianus mest dagh laken verkooper d'wekke hope aen ul wel is geword

3582 3689 2380 130 ende alsoo den vrint adviseert dat het briefken aenden bode vander kappen soude

3587 3735 2415 160 geven, ende dat hij aen hem soude voldoen, soo en will aende goede betalinge

3567 3836 2373 115 niet twijffelen oversulx sende den in gesloten aen hem ondert u covert ende

3574 3901 2406 137 gelieft de weirde in te voorderen & mij des wegens te adviseeren als mede soo mogelijk

3570 3995 2406 121 is vande rest te disponeeren waer inne ick ul eenige dinst kan doen gelieft tte condn

3406 4043 826 142 Gent francois Herrebout

5435 4059 505 132 @ 12 ditto

3590 4088 2395 160 mons. pr versoek van ul gebeurtman mons. Geeraerd timmermans het aen ul

3580 4202 2407 125 gesondenp gents beurtschip een packie N.1 met twee lakens en een heeft, waer mede

3593 4272 2368 124 sijn ordre gelieft te volgen inghesloten mijn tolbrieven voor goederen die voor mij

3582 4349 1682 98 met godts gratie staen te comen waermede blijve
