8481 4663
2413 239 799 137 In Antw: 24 Augusti

735 268 929 132 Brussel Antonio peeter

986 334 2244 128 mons. Ickentwijffele niet ofte ul broever heeft ul laten weten als

984 394 2281 144 dat hij met mr. slnighter is veraccordeert aen hem de lakens te leveren

980 457 2328 174 ende de rest in gelde te betaelen soo dan om die sake af te doen en mnght

988 513 2312 182 ul niet langer uyt stellen hier te komen om de goederen te versenten

975 585 2281 181 endede betaling te doen, want ten sij saeke wij onse dingen niet een

986 641 2303 193 adiusteeren, en wille ick mij geen sins met moyen oversulx manquert

989 699 2259 225 niet te komen opdat ul sijn broeder sijn woort & gelofte kan voldoen

2587 793 650 186 @ 24 Auyust

1005 871 623 128 waermede blijve

750 926 1029 151 Brussel Joseph Sabberton

1416 1017 95 77 th

980 967 2277 183 Sr. yd of 8: curiatt I have duely recd. as also the 3 p of laces by mr. clay att my

1005 1042 2281 216 next voage which will be withein  shall pay gond the our and other intrim

1014 1105 2264 220 send you ap of lace which formerly I had from you and my freind desires

1008 1203 2221 198 that itt should bemade 5 gard long where fore desire you please with all

1020 1291 2253 182 possible expedition to gett itt made up to 5 gard. to be returnce mee

1021 1339 2253 195 besides I want 5 a 6 peeces of laces of 8 @ ap for crawats boath plaine

1022 1432 2172 185 & laped ground from boto 1o guill p a of a quarters & 2 mailles

1017 1528 2248 172 of agard broad att least of which my freind ffor itt is to putt of the

1028 1626 2113 137 rest he hath & so remaine exspectingh yd advise a7 24 ditto

772 1694 737 146 Brussel Rosseaur

1006 1711 2178 165 monsr. le 22 June cestois chez vous, et alovw vous m'avez vendu 4 p.

1020 1780 2281 177 de den telles: entre temp ie pourrois faire un correspondence avec vous plas

1002 1914 2251 108 favorable, in cas que vous me voudrez bien sernire & comme des autres

1031 1931 2263 193 car je doine tous jours argent contant, a present j'ay besoing que quis

1041 2009 2249 182 peeces de 3 aulnes pour de crarats, ford detrailled at devenise de ƒ6

1019 2104 2189 172 iu syne au ƒ11: p a & si vous avez encor de la sorte de N1697 et 1826

1021 2173 2253 172 en voyez moy 3 a 4 p pour un preuve, mais il fault qu'ils sont

1023 2245 2279 162 de la hanteur comme la papiere ic incluse & pas moindre et trouvin

1018 2345 2270 135 lapreuul bonn, ie vous donneray ordre pour ce que jaurois necessaire

2739 2414 383 140 @ 22 ditto

1043 2447 800 121 en attendentre advise

766 2492 185 127 Lille

1064 2515 558 108 Jcam De grand.

1042 2508 2251 195 mons. aen boort tschip van Joris borsbeck gelieft vooriijte claren een

865 2610 70 103 £

1052 2579 2212 228 gescildert soutsel kost £5:- vlaens & stelt den onkost op mijn Rek

2735 2653 499 115 @ 24 ditto

772 2730 1172 144 Amsterd De hulter & van homright

1054 2728 2238 194 S. sende ul p schip. Jois oorsbeck een gesculdert soutsel, een cleiyn packett

1041 2790 2251 227 te kanten gemerck l droogh & wel geconditoneert betale wagh

2729 2881 423 147 @ 29 ditto

1058 2914 1489 142 nae reden & volght ordre van als p nost

1058 3030 491 91 Reall:

759 2991 274 156 luster

1049 2972 2186 200 mons. aenboort Joris borsbeck geliet te claren een schitsel kost

2748 3078 516 148 @ 29 ditto 681

1057 3110 1351 154 ƒ30: stelt de onkoste op mijne heb

767 3198 1199 148 Brugge Pceter Willaert d'jongen

1053 3197 2235 186 monsr. ick hebbe den ul van 20 deser van michiel de Raes ontf. ick hebbe

1065 3319 2129 137 oock de qitantie van gilis van coppen hollen gesien die vrinst heeft wel

1056 3381 2183 159 gedaen voor sijn achter gebleven frisaert de uitterte weirde te ontfangen

1034 3467 2144 116 ende ick meijne wwet dat imant sal segge dat ick qualijk daen als

1055 3504 2204 151 wanneer ick reeter de wolf niet veel en schick te geven ovemidts hy

1066 3567 2170 160 mijne goederen aen sijn boort niet behoorliyk en heeft gelever waht

1070 3632 2147 165 hij die alle hadde open gedaen & de foute van schip daer meede gevult

1068 3702 2136 172 waer daer mijne goederen schade hebbe geleden, den frrlaert

1074 3801 2109 130 en kam in koops met onkoste ben wterste maer ƒ40 gekolt

1049 3831 2123 193 hebben is saeke dat mons hopper hullen daersoo veel gelijt te

1061 3903 2209 190 avanceeren het taeten sijn begeert want den schip, gehouden is satis

2651 4006 56 59 est

2549 4007 81 65 Leed

1067 3984 2176 205 fuctie voor is te geven & aen mij tgeene ick mach pretendar

1081 4100 1733 149 oversulx soude alsoo wel doen daer van te sergge

1089 4169 2173 161 evenwel dat ick niet voor onveedelijk gehoude worde sal ten sijn

1085 4255 2024 144 ordre Aotvodoenighe 10 patt betaelen warmen blijve

5063 221 926 105 In Antwerpen 27 August

3365 234 484 102 Brugge Rap: Coots

3500 266 2457 132 mijn H: 22 deser was aen ul mijnen leeften sedert niet verlange verwaght hae

3496 329 2478 112 verneme oftes John Colliver oft tsimons waren gearriveert te welk morgen eghter

3502 376 2444 141 hope te verstaen. het voorleden jaer heeft peeter de wolf voor mij eenigh goeete

3509 423 2452 140 van londen medegebright dew: als u bekent es voorden sclve aen sijn boort geepen

3519 473 2478 154 sijn geweest ende daer over oock claghtigh hebbe gevallen, doch alsoo ick bnnden

3501 556 2460 134 best was met een overich stuck is de sake tot u getardeert: ende doet p

3504 605 2442 162 willaert voor ƒ50: mij daer over aen mainnen waer op ingesloten een

3525 695 2403 136 antwoort senden de welke gelieft bestellen laeten, en soo noodigh is daer in

3524 706 2463 189 voor mij ageeren g vande leste packen  tt sijn mede aenboet hoonen geweest

3524 762 2484 190 soo dat dengelsche schip soo wel onse bylansche vavers daer voore behooren gecasitel

3514 835 2473 168 te worden twelk aen ul voor dese brieder hebbe gerecommandeert duick

3519 920 2464 145 u dat ick kan volstaen met p dewolf niet men dallen tegeve soo hout inde

3531 1036 1677 106 in gesloten waermede nae groetrenisse blijve

5415 1041 480 129 C 27: ditto

3437 1064 50 81 ƒ

3393 1087 662 126 Puco John button

3523 1093 2392 181 S. desen tot covert van den ingesloten gisteren van Engelant ontfangen

3526 1192 2473 135 als mede vanden wisselbrief van 50st tot mijn favour getrockendeuw geaccept

3534 1238 2461 146 gelieft terugge te senden mendeken wouters heeft mij gelooft heden te tellen

3598 1323 2327 137 97:17 ft hollansch gelt daerentuschen, soo ul iets noodigh hebt vn onse

3538 1376 2325 174 goederen tes nu deatijt om te koopen waer in ul in kan dien doen tgeent

5458 1451 543 138 @ 28: ditto 1681

3536 1510 456 113 Blijve

3359 1554 620 136 Liers Jan de Kinder

3520 1524 2494 217 monsr. Desen tot adviser als dat veele on frisaerden & kersijen hebbe ontfangen

3536 1612 2417 180 ende aengesien het den toot nu is om sijne profij.  kopen op te doen, in dat

3540 1664 2413 182 ul iets noodighlahet gelieft maer eens over te komen, wille niest twijffele

3550 1728 2374 199 ofte sal ul seer wel konnen dienen & goede koop waerop ul dh

5369 1767 597 179 Adij 28 ditto Jos

3391 1859 749 139 sier peeter matheus

3519 1839 2469 204 monsr desen om ul te laeten weten dat onlanghs veele, verse goederen hebbe

3539 1902 2469 185 ontfangen ende het seson nu is om deprovisie te koopen oversulx iets noodigh

3539 2006 2305 142 hadt gelieft maer eens over te komen plnieten wille niet twijffelen oft

3537 2115 1838 110 sal ul sterwel & goede koopen dienen terwijlen blijve

5377 2079 539 161 @ 25 ditto7

5647 2141 339 113 van Es: chord

3391 2171 737 117 Lenny Joande Goeden

3487 2176 2507 154 den ul van 25 stup hebbe ontf. als mede de ƒ313:15: volgens quitantie daer van

3539 2280 2459 115 aen hem op de facture gegeven & ick bekenne dat u voort d'een modecoleur laken

3542 2360 2308 122 maer ƒ 4:2 & d'ander ƒ4:10 hadde gebode waer op ick repliqueerde dat in

3543 2390 2417 172 sinceere tijts noet minder als ƒ4:4 & ƒ4:12 conde laten, en alsoo ul daerover

4230 2466 1768 153 ht ick ul te weden was tot dien prijs te aenveerden te geene

3523 2532 569 100 niet meerde sende

3926 2545 285 97 Sabbeyte bijr

4192 2563 1764 126 eder geschieden terwijlen volgens u begeere voor dese regse

4112 2602 52 25 9

3545 2602 530 89 in toe comende r

3532 2621 2433 139 de facture verandere terugge gaet, tis mij leet dat eenigh ongemach aen ien

3541 2662 2448 144 van ul lakens is overkomen ick wille hope dat ul daer sonder schade genochsa

3540 2709 2439 187 sal afkomen, die daer oorsaeke van is moes dat betaelen ick voor mondeel

3549 2804 2413 147 treke mij dat niet aen want soo haest als ick ul ordre hebbe volbraght om

3542 2856 2457 173 ul goet aen debade te severen hetw behoorlijk draop ende wel geconditioneert

3553 2919 2412 165 is geschiet soo is mijn obligatie voldoen, & den risio loopt tot uwen last

3542 2971 2449 160 al waert sake oock daer ons godt voor bewaere dat op den wegh gestollen weirt

3561 3036 2422 164 wat ul vande betalnp segge referret dat aen ul discretie terwijlen ick alteot

3562 3115 2370 154 genegen omonse correspondentie niet te verminderen maer mijn calante

3508 3185 2215 122 wel te doen & trouwelijk te dienen gelijck ul allijt sal aender vinde

5341 3217 647 122 a 28 ditto. 1681

3438 3281 1035 112 brusse De Hulter & van Homrigh

3551 3332 2401 129 ul aengenaeme van 22 deser is mij wel gewoorden: tot nogh toe can voor de boter geen

3550 3403 2463 141 groote priysen toe seggen, alsoo de waeghe maer weijnigh is eghaer geen aen de hant hebbende

3573 3477 2438 159 en can soo wel dies wegens niet adviseeren, wegens de 20 vaten boter van brussel en hebbe

3549 3576 2320 119 nogh niets vernomen, soo die aen mij ter hant comen, sal het beste daer mede doen

3549 3651 2404 128 hope haest occasie & dublu sal wesen, waer om aen ul hebbe toegesonden, p schip sois

3558 3735 2399 140 Rotsbeck 4 geschildert schutsel, & 't pacckettien canten ijder gemerckt  't welck te

3557 3825 2414 134 samen costen ƒ 540.5½ deser gelde, soorder de oncosten op het schutfel tot austrneel & all

3573 3905 2398 136 alsoo de canten van alle oncosten moeten bewart woorden. icq en wil niet, twijffelen ofte ul

3553 4016 2460 119 heeft van m Lumm de noodige ord becomen om de geseyde te depecheren, & aen mij de weerde

3563 4101 2448 134 In ul cred. te laten pass seeken van cns neernigh heeft van cost 4 valen wolle

3565 4181 2441 132 ontf.. C 28½ s ab seer goet voor sijn gelt, wenschte wel van de selve conde bedient

3569 4274 2441 131 voorden soo in gevalle het niet te veel moeyte en was, conde bij den facteur van ul
