8426 4663
2518 261 612 105 Antw 8 August

760 271 769 120 Lille Richd Southell

972 325 2359 108 Sr. in answer to yd of 6t. curitt my thanckes for yd letter to T.S. I hope

965 404 2353 113 I shall gett cleare of him,  I heare nothing of his preformed

971 465 2305 107 if I could do him service I would do itt: our trade here is o toghether

968 517 2343 125 ast ostand and hath been ever sence may & butt little hopes for florishing

965 604 2350 94 because wee have a raport as if the french were entred the payes dewaer

956 633 2359 128 this day, pretending Helft & severall villages to the gates of Gant: I have

979 719 2288 111 all my winter provision a coming from bruges & may be now ready to

975 771 2280 116 come from theme, & upon this news I am much alarmed not

990 842 2344 105 knowing what to do, for feare that the french should sease upon

983 904 2234 93 them between gant & this please so could wish I had yd advise

971 993 1239 96 for I am unload the goods att gane

2404 991 805 135 @9  Augusti 1681

776 989 702 135 Leuven Joande Goede

987 1072 2310 110 Mons. Aot antwoort aenden ul van 6 deser sende hier ingesloten estalen van

979 1126 2303 145 coleur de spine lakens waer van N.662 het naeste aen ul stael comt maer

983 1243 2316 88 10 in de 50 ellen lanck te van ƒ4:4:-soo dat sonder ul perticuliere ordre niet

983 1245 2321 146 endirue senden staen eenigh van dese ul aen, laet het mij cato weten en salsen

983 1313 2317 131 ul toesenden, ick hebbe un oock schoone fijne lakens van mijn Eyge sabryu

985 1391 2204 125 van alle coleuren, waghte ul antwoort alsoo dese coleuren haest

995 1411 2294 178 verkoght worden de perpetuanen sullen oock de naefte weeke gedaen sijn

983 1513 2247 179 kan ul mij eenigh gelt sende sal opt kooghste willecom sjn

2157 1601 1042 156 N. 676 aƒ3:15 @ 9 ditto 1681

991 1630 1404 124 en sal ul oock wel doen mits ick ben

1834 1712 700 104 N. 654: 4 3:12 N 661„4:4

794 1682 1303 171 gent francois Herrebout N:660: a ƒ4

2094 1774 88 56 :5

2053 1773 52 64 4

1839 1777 168 65 1:427:

1001 1735 2307 162 mons. verwachte heden oft moogen tot gent te arriveeren een pertije packen

984 1797 2310 168 doch soo bekomen wij tijdinge van Rijssel dat de fransen in mars sijn naert

976 1885 2329 155 lant van Helft, ende be liggende dorpen onder sent soo ben seer beducht

990 1948 2299 142 ofte sij onse goederen die naer dermonde soude passeren, souden aenstaen

986 2016 2330 182 ende vermeesteren, oversulx soo eenigh waertheyt is dat de franse intlant

995 2089 2308 145 van telft sonder sijn, soo vinde geraden het schip costij ofte houden, ende

994 2154 2321 181 de goeederen tot dat wij meerder securiteiyt daer van hebben, want liver

999 2192 2327 183 mijn goederen coste wille doen lossen, als waer te loopen soo verwacht

1011 2326 1817 144 ul advies tegens morgen avont sonder faut blijvee

2599 2329 608 145 @ 9 ditto 1681

780 2396 635 151 Brugge Rap: Coots

1002 2444 2306 155 mijnrt sedert mijnen van 6 deser den ul van 4 ditto bekomen thomas barber

1011 2524 2242 134 was gearriveert t selve hope heden van klerck te verstaen er ende dat

1006 2580 2122 163 de goeder soo wel als die van Hullat terwarts sullen sonversonden

1030 2627 2269 178 ingesloten de versoeghte certificatie. wij bekomen soo tijd ing van bijsel

1026 2668 2294 232 al ofte de fransen in mars waren naert lant van helft onge op discretie

1023 2765 2282 190 te leven, d' welke waersijnde anonse goederen van gent herrewaerts wel

1016 2838 2206 206 ongemaeck mogt causeeren doch verhope niee waer mede blijve

2713 2948 416 144 C 9 aug 1681

842 3008 747 134 Londen mr. Edmund Warner

1026 3048 2198 172 mij last to you was on the 30th pase, sence non from you, yett hope thatt you have well

1023 3150 2191 149 receaved the 2 packetts from Italy. Inclosed send you the acctt of charges on them, as also

1036 3218 2170 172 of the cost & charges of one packett of our, countrey laces, which are sent to newporte

1031 3316 2189 135 easterday, to come over with these letters, I wish itt safe in ye postession, & thatt itt may

1039 3398 2209 158 prove to content incoridgement for more, I amsure t is as well assorted, & bought as itt

1032 3470 2197 144 can be practised, I here fore hope it will render, boath proffitt & content, as for the prou

1045 3595 2188 105 is ordinary 5  yett to give you wath advantidges, I can in that trade have charged

1029 3687 2190 133 with 4 onely, my disbours ad. In all is £135.5 ƒ vlemish accordingh to the inclosed

1044 3737 2197 162 note for wich have valued on you £76.1101  att 35.4 att 2120 in favour of mr. Jac

1033 3838 2300 137 Bouwens, for the valeu of the same, which pleases to give, dec. honour, & note accordingly

5246 229 737 100 In Antwerp, 9 August

3344 238 564 109 London Abram vivian

4398 271 143 71 th

3520 247 2444 160 Sr. my last to you was on the 6: curitt: sence recd. both yd of 22 & 25: past I amsorrs

3528 374 2429 99 pindar brings no baile of fine cloth & now them I want most as last yeare

3527 443 2356 84 I did the dozins, yett hope that smith will bring the rest of the in ordered

3503 492 2402 97 goods & where as you supose he will tarry to long, so itt will be as well to

3515 543 2412 104 dispatch 2 bale of fine northrens by the vere first for Rotterdam to my

3528 619 2444 105 order, n'ay rather then faile butt one bale the bale N. 41: promises vere well

3526 689 2401 73 by the pattarnes & as yett am of opinion that m. potter shall be the man

3531 747 2429 115 butt when all the goods are here shall be able enought to iudge the need full

3517 811 2454 117 I wont have mr. Potter to pick the best goods to make up the last bale of fine

3515 882 2469 102 northrens thought he should pay al togheter about 5 18 ayd raw, be cause I want

3516 957 2419 93 some of the vere best northrens, so pray write him this, if itt be not to late

3519 1016 2460 107 & that yd order be complented: I have accepted yd bill for my acctt. according

3529 1061 2417 114 to order: wee do not know how things will go on this side, because the french

3510 1118 2468 126 demand almost all our countrey I could wish: wee were att rest to drive our trade

3529 1200 2447 110 with case whist I exspected to understand from you what passes further

3540 1271 2444 102 in our concens the goods out of pindar are on their way from Bruges hether

3357 1326 687 136 London Henry Maynard

5421 1319 503 124 @ 9 ditto -

4390 1379 140 76 th

3540 1371 2417 132 Sr. my last to you was on the 6: curitt when remitted you £150:-:- att 354½ on mr.

3534 1467 2392 97 will scawens for yd acctt & £128:6:7 on me  bounell for my acctt. which

3536 1486 2444 150 I hope is will comes to yd handes, now have before mee yd of 25 past when you

3547 1624 2414 58 come, you will be welcom & I hope finde all things to content, intrim barbar

3544 1619 2444 117 is well arrived, as much I exspected to have of Ben: Clarck you wonder

3527 1683 2471 132 that I give no orders for northren goods, I have enought for these 3 monthes, so shall

3547 1765 2447 101 in order non till I see you for though m. Hill doth indifferent well, yett finde

3552 1840 2390 99 not those advantages as by others I have & which I'll shew you when here in

3544 1918 2380 91 the meane while wee much feare the french disturbance, for I doubt

3534 1953 2371 113 they will take all our countrey, before any naigbours shall be awake

3553 1995 2414 142 & wee our selfs are not att all in a expacttie to defend itt inclosed acctt. of

3539 2095 2395 125 sale of Julij last, which I hope you shall finde right, mony is extreame

3537 2161 2450 126 sale of july scarey, yett shall do on my side all what you can exspect from

5329 2224 594 127 @ 10 ditto 1681

3391 2241 1031 110 Gent francois Herrebout

3548 2327 2457 115 monsr. gisteren was aen ul mijnen laesten sedert verstaen van brugge dat 13 packen

3547 2389 2435 97 voor mij ul waren toegesonden de welke hope oock wel sijn geworden, ende middts

3554 2474 2444 91 het seijnt seker te wesen, dat de franscheliggen bj pond si pierre ontreayt

3557 2514 2433 99 deviviere soo twijffele oft eenige schepen sullen mogen passeren, voordatte

3553 2601 2416 107 sij hinne pretentie voldaen sijn, en al hoe wel andere kinne goeduren

3539 2636 2446 138 lieten depescheren, soo wil ick mijnen intrest gedwerteert hebbe deade het niet

3554 2693 2438 133 versonden voor dat het ander gepasseirt is, soo dan is saecke dat een schip pertreck

3549 2768 2448 140 herrewoeerts laet daer in laden alleenlijk MN 26: 30 & 31 met Rt44:

3566 2888 2407 109 en 46 sijn 5 packen de 2 packen MN 29 & 32: sal ul apart houden want die

3554 2929 2413 145 p wagen wel moght on biden, dander ses tot naeder ordre te bewaeren

3548 2980 2437 171 soo gelieft daer goede sorge voor te dragen, ondat ick aen geongeluck en gerake, ver

3548 3072 2381 111 wacht heden ul advies vant geene gepasseirt is en volgens dien sal morgen

3562 3165 1028 119 brader scrijven midts Blijve

3567 3223 2069 130 daer moeten in alles 4 packen onvrij verklaert wordens a gouverno

5436 3270 559 112 @ 1 ditto 168

3396 3329 591 151 Brugge Raphael Coots

5575 3335 379 129 3 auy :1661

3579 3392 2420 153 volgens den ul van 8 & 11 deser syn hiet lof de besende packen mij gewoorden. het stoght gonen gelt

3570 3503 2418 157 frisaert woorts & aldereersten gesonden, daer over de satisfactie van den ontfanger van sijn maytr

3568 3561 2433 178 reghten verwaghte, mits dat ciiel sal belasten renvoyeere de staelen alsoo die niet noodigh hebbe

3579 3660 2407 176 oocq voor 42 st mij niet sonden aenstaen, de reeg van oncosten sal examineeren & verlanghe

3573 3765 2422 132 naer het arrivem. van Beniamin elerct, 't welck morgen hope te verstaen, wesens ul verkoghte

3564 3855 2427 152 dosijnen, sal ten eersten de reeq. seijnden, alsoo veele beletselen tot nogh 't selve hebben verhindert

3560 3978 778 138 1 gepasseerde, verneme geerne
