8399 4663
2284 253 976 110 In Antwerpen 10 July 1681

706 282 1009 120 Co louia Ruijsten & van Boun

1005 330 2179 143 mess. in antwoort vanden ul van 6 deser wegens het packettie gelieft te

1007 418 1597 111 expedieren al ordinairt, terwylen mae groete

2503 440 742 135 11 ditto 1681

752 478 1412 147 over Bode mijn steer Ambrosins Hertuys

1001 557 2241 119 Ick hebbe den ul van 6 deser wel ontf. als mede de ƒ509:- door

1001 603 2189 160 ul ordre van nist tlexandevigas en gevolghde quitantie aen hem daer

1014 668 2216 132 vangeven, waer over ul hertlijke bedancke ul versekerende vande

2532 738 594 158 d 11 Ditto

1019 781 721 121 groo te geneghent heyst

740 829 726 159 Bruggen mijn hr. Coots

1008 890 2267 149 mijnst. sedert den mijnen van 9 deser, den ul van selve dato bekomen John Collinur

1005 966 2271 160 heeft wel gedaen geen kanten mede te nemen, t geene andere oock wel souden doen

1013 1048 2249 179 soo eenighe vreese hebben van outdeek & alsoo hobert for ul veel goets toeseght

1002 1125 2282 178 soo gelieft hem het packie N.17 mede te geven, N.18. gaet heden op nieuwporte

1010 1188 2257 176 en hope for oock haest sal vertreken, waer van een woort tot adviss: ul

998 1247 2257 168 tratos sal vereeren, en bij mankemente van tijt en hebbe ul Rek noch niet

1012 1283 2257 183 gexamineert die aen mijne gissinge in debet ontvalt: verneme gerne £

1003 1370 2270 198 thomas white int minste niet vernemt, midts die van london scryve

1007 1446 2241 194 hij allanck van daer was verroke godt verleene alles te beste d'eenot

1016 1519 2264 200 d'ander arviveerende doet als voor eggen Aen boort Joan Hrmoys is tot london

1023 1613 2245 170 voor mij geladen een Engalsch pack perse bestaende in defferente stucken

1015 1660 2265 185 daer over groot sorge gelieft te nemen, op dat geen boomen spillen schjven

1008 1739 2220 198 ofte iyet dier gelijck wort geguelst ofte verloren gaet & mij met alle

1013 1815 2208 213 sorge wort toe gesonden tis twee spillen & oper & onder werck mat

1018 1834 2232 235 2 ysere stucken 4 lodges een groote & clejn handt boom a gonieno blijv

2561 1912 618 175 21 ditto 1681

746 2043 842 130 meuwe port michiel vallego

1023 2034 2162 214 monsr desen alleen te accomparnieren een packie canten AIN.18

1027 2073 2241 244 voor mons. sH: vivian van london de welk aenden selve metalle

1042 2131 2249 263 sorge gelieft voort gaenck te geven & die vant parkett boot genooghsaen

1018 2222 2264 219 belasten dat sij wel toesien want door himnne negligentie int ongerden

1037 2274 2220 281 soude geraken betaele de poort tot costij a gouvn vandeon

1055 2358 2139 236 hebbe geirne is adius whier in ul kan dieaen mij se lieft telen

2675 2437 530 128 @ 11 ditto 1681

763 2528 201 125 Lille

1049 2562 486 102 Richd:. Southell

1042 2552 2242 142 Sr. I have this week receaved 3 of yd one of 22 past. & of 6 & 8 curits

1044 2612 2235 151 as for yd drawing, I could vere well digest, onely, because I promised you

1029 2665 2264 152 to remitt & that you without any more draw, you could not be or finde

1075 2730 2183 160 yd self the fristrated by my non complyance for you knew I wass att

1029 2801 2268 153 Brussel to provide mony to the purpose butt no more of that because the

1042 2855 2276 192 difference is onelj a mis understanding I have made no scruple in the least

1052 2917 2243 180 to accept yd bill, butt gave itt all necessary know itt is indorsed to m.

1045 2968 2234 200 van Ess mr. seamans landlord, which know boath you & mee, so beg

1048 3088 2249 130 not concerned in the least, neither blame mee for grumbling, because

1047 3099 2221 213 I had not yd advise which now come to hand with that of 6 curitt

1054 3161 2214 195 where itt hath been detained I know not I am sorry that you feare

1050 3227 2285 185 that yd naturalisition shall not answer yd purpose, yett I could advise

1056 3346 2232 152 to venter the case, because yd freinds will engage that itt shall pass

1048 3436 2242 133 the seale, so, into one butt itt will be inregistred: which in case nt

1042 3509 2252 131 that you do not thingck yd self secure enough without itt you will

1059 3571 2204 151 do well to choose best, butt att Lille you are now settled & accquainted

1055 3643 2156 158 which perhaps should cost you boath mony & greath paines to be alle

1074 3721 2241 167 where except you I could finde conveniency att hambourgh as formearly

1074 3820 2258 150 you proposed where in I can serve you, you may depend up on my utmost

1057 3876 2206 155 endeavours to promote yd intrest wee apprehend no warre between

1051 3961 2212 175 france & England butt to contrary with france & as because the

1068 4038 2175 167 king doth continew new pretentions & maintaines not the articles

1073 4108 2193 204 of please, as the news is here so in case any rupture itt will be yett

1074 4231 2221 130 worse with us for nothwithstanding wee have a verey inconsiderable

1064 4326 2216 155 trade yett others are geallow & will be of our intrest, in som

3484 231 2538 88 that 3 new ware houses are sett up, besides that the heares of dumont

3485 310 2448 99 do maintaine theirs, I say ware houses of cloth so there is the less hope to

3483 363 2473 125 promote & advance bij our selling here the bill I shall send you next tuesday

3506 447 2137 92 my freind being yett this day here exspected & so remaine

5126 487 763 123 Antwerpen 12 July

3334 471 879 139 London Michiel Peeters

3506 571 2438 118 mons. 5 deser heb aen ul wat noot sakelijk was gescreven, sedert den ul van 2

3519 649 2385 116 passato bekomen: ul lakens moeten costij verkoght worden, en doet debvoor

3501 670 2438 154 r. slaughter daer toe te bewegen dat hijse wederneemt al wast tot 20 P

3509 754 2414 114 verlies, want vande geilcoleuren en kan ick int minst geen gelt makens ul

3501 828 2386 112 Broeder schrijft dat ick ƒ1000: in cassa hadde, ende dat ul een ordre hebt

3517 871 2422 170 gegeven aen mr slaught om deselve aen hem betalen: daer heeft ul qualijk in

3495 937 2462 152 gedaen, want gij en sult van hem dan geen genegentheyt vinden tot de lakens

3518 1041 2425 114 maer hij sal continueeren om u te presteren tot betaling van d'ander reste soo

3521 1152 2392 95 is, daer niet anders aen te doen, dan dat hij de lakens weder nemt volgens ul

3507 1129 2457 192 sal accordeeren ende dat men hem de reste op leght in gelt tot volle betalinghe

3337 1250 51 85 d

3523 1255 2461 106 d'welke als wanneer geschiet, over mijne rekeninge verstaen een advistement

3519 1321 2433 105 te hebben, oversulx soo haest ul mat mr. slanghter over een komt, soo

3534 1361 2328 151 belieft aen ul broeder Antoni een volle procuratie te senden om mij te

5465 1460 79 63 -

3512 1462 1355 114 dischargeren van alles waermede nae graet

5310 1475 636 119 @ 12 ditto 1681

3334 1501 873 140 London William Scawen

4639 1573 112 88 th

3534 1597 1076 105 Sr. I have recd. in due time yd of 1

4692 1567 1229 130 past. as for our callicoes

3535 1658 2416 109 butt vere few, because the bales of long cloth prove so cours & bad that when

3533 1719 2429 104 wee have yett butt small

3530 1792 2441 111 sale, besides the bales of long cloth prove well 10 p.. worse then the formars, &

3518 1856 2378 106 can herdely sell y the dyed salempores are ill conditioned, full of holes within

3532 1930 2385 104 I sold yesterday 50 peeces, & have been obliged to take y. all againe, because att

3532 1989 2350 104 the opening of 5 or 6 they were all faulty, so they would not keep the rest

3520 2065 2457 109 the mulmus will not sell att all because the hollands is much finer & better

3514 2155 2442 88 the duagares are to cours forour markett, so I doubt I shall have much a do

3540 2207 2385 102 to putt off most and or all before next sale: when you have any mony for

3533 2243 2435 120 mee please te pay itt to mr. maynard & advise mee: tijkes are risen here because

3537 2327 2410 136 thread is risen neare is p yesterday i pay 10 stivers a peece for each sort

3545 2406 2445 118 more then here before, so you please to governe yd self accordingly whilst I remain

3531 2488 106 58 Lile

3340 2458 1303 147 London nam  Lury knightley

5293 2488 561 115 @ 12 ditto 1681

4740 2473 156 122 dck

3551 2546 2420 123 Sr. I have before mee boath yd of 17 & 23: past with the accounpt of 5 dubble

4641 2601 75 63 to

3547 2607 2410 117 reds & one bay in the bale N.7: ams. to £57:3  with the charges of packing

3556 2662 2401 132 & brok. which you have valuwed on mee att 2 uso in yd bill for £150 & that

3557 2753 2410 130 I should pass £92:17 to acctt. of HC. which I have accepted accordingly & past

3532 2841 2400 104 to booke — I observe what you say of GN silver: I have no correspondency

3549 2894 2391 135 with John kent, butt I know he sends them to one of his correspondents

3555 2985 2370 128 here, from which our Jesuits take 20 or 30 & some times more cloathes

3557 3101 2376 103 a yeare & that I desired them silver marcks is because the Jesuits have

3551 3162 2407 123 promised mee to take them from mee in case I could deliver them the

3555 3236 2419 116 right marck & sort and as yett I have not had any butt you say he hath

3564 3341 2407 92 now 5p. underhand which if were ready in london, that I could have

3549 3404 2401 108 them in 2 or 3 weekes could yett serve  mee, so please to do mee

3569 3461 2413 120 the favour to procure them if possible whilst in all occasions you will

3569 3530 863 127 besure to finde mee

5168 3536 711 162 a u 12 ditto 1681

3372 3583 657 129 London Abram vivian

3571 3611 2388 158 Sr. mij last to you was on the 5:h curitt sence recd. yd of 24 past tis wel you have

3572 3720 2387 150 orders to finish the last desired pack in closed are pattarnes for one pack of fine

3584 3795 2347 110 northrens, which please to order mr. potter to provide for as yett I approve of

3577 3826 2391 163 his doing, recommend, him the grayes that they be exactely to the pattarnes

3575 3925 2411 138 mr. lively hood & cullours, & that he doth his utmost endeavour to compleat

3587 3987 2370 164 this pack to the orders  pr yd next I hope to understand how you shipped

3585 4078 2410 143 the good att Hull John nelson is now there & I supose he will be ready as soone

3591 4192 2322 110 as pindar for I know there is much butter & severall packs ready to ship

3579 4279 2342 104 aboard of him to gett him awaij before pindar yett, so do yd endeavour

3568 4350 2382 93 to divert our risico & to have some goods aboard of each, of which thought
