8535 4595
1023 220 2255 101 you wrott mee so I hope itt is not a mis that & pay him so much, for he

1038 296 2273 96 wrott would send no goodsefore he had my letter of promise to pay to the valew

1036 369 2282 107 of £300: & he hath send part already that I am not one penue bachward

1022 441 2218 100 on yd batt soo much on mijne wherefore to go right itt should be better

1043 502 2231 129 pleased inmine as ex. rules att sight and chope before yd commg auway

1039 578 2237 108 to remitt £5 a £600  more towards which now I o all I can to make

1033 638 2277 121 itt up whilst you may assure yd self of the seveere in clination I haustole

1049 732 2209 127 could you butt betwixt each pack whits one swanskins bay oft would be good

2769 782 455 115 ad 15 gb 168

775 772 723 171 London  Boses sone

1044 836 2231 146 S. mr. van breusighen hath not one hour lost sent, sence & tras restored to my

1038 924 2231 108 formar disposition, to discorse mee about what you pretent & I promises

1036 979 2170 151 him to write to you my self this post yett & can not pomist itt

1040 1054 2259 137 whoever, you may assure yds self, that pnext you shall have mij answer

1042 1113 2237 150 to the full of yd contents whielst this will cost butt & pence & soremane

2687 1199 428 106 @ 15 ditto

794 1212 932 133 London Edmundwarner

1950 1275 113 76 th

1034 1260 2247 185 S. my last to you was on the 6 the curitt to which referre you now have butt

1032 1322 2169 163 iust recd. yd of 31: past the parcell of antwarp lacesare almost ready

1040 1362 2277 219 wanting butt 3 or 4 peeees which & exspect un this day so that p next dritt

1041 1460 2150 186 not to send itt forward & invoyce there off as for the otherparcell

1041 1521 2169 197 which new you are pleased to in order all take als possible care to

1053 1574 2246 220 please you to in corridge a trode & take the advantidge of the markett

1031 1658 2201 196 beeng glad yd order comes now before wee receave news from spaine

1044 1730 2182 189 of the arrivall of the silver fhet, which if arrives, well

1048 1798 2191 183 make the best I can & when draw on you shall draw att the

1039 1859 2256 215 best advantidge that any one of ous ex. cando you may assure yd self

1056 1959 2181 177 of my endeavours to promote yd intrestas my owne whilst  greim

2648 2052 425 111 @ 15 ditto

781 2077 895 130 London michiel peeters

1049 2122 2200 156 mons. mijnen lestenwas aen ul op 8 deser waer aen referre enere

1046 2170 2179 188 antvoort te gemoet sien, sedert den ul van 24 passato ontfangen de

1046 2258 2271 181 gesonde rekening is genoeghsaem oversoeght, ende vanden beginne

1036 2295 2198 190 tot het eijnde geappointeert soo dat all derruren daer in vermest

1056 2400 2211 188 sijn waer op ul magh gerast sijn, oock moet ul niet geloove

1028 2465 2201 177 dat ick een stuge van duwe soude begeiren, alwaent dat alles

1052 2519 2203 173 ondervol accquit stont ende dat het houde aengewesen worden

1056 2594 2240 204 want ick godt lof opeen ander het sijn mij net den ike te beden

1052 2679 2216 210 maer om gerust televen, alsoo ick onlanghs seer nae bendort geweest

1049 2759 2229 179 dat doet mij te meerder sorgen alles effen te stellen, de lakens en hebbe

1048 2861 2229 164 ick niet opgehonden maer u broeder en heeft die niet willen laten

1065 2921 2189 154 volgen nochte leveren, tot den prijs die ul heeft gemaeckt meet

1056 3022 2186 140 mr. Eslaughter, maer hij wilt dat het geschiet gelgk in mijne lesten

1050 3088 2206 145 hebbe gescreven, soo dat ick niet en twijfel oft het sal ul

1070 3187 2268 109 ock tot content wesen, terminsten dat inflanghter de verkoopt

1069 3250 2176 103 voor ue best aadvonlagie en voor het provenii ue vergoet

1069 3344 1272 112 wat passern verneme geire soo

2625 3327 610 156 p 715 ditto 1681

783 3363 837 142 London Abram bivian

1072 3418 2225 138 Sr. my last to you was on the 8: curitt  sence yd of 28: past with a note of

1059 3512 2246 108 50 baijes which I could wish where here, pray lett them be dispatched p. first

1063 3610 2197 96 butt finde no 4 ott bayes amonghst them, therefore pleasets in order

1795 3667 95 55 t2

1059 3662 2179 121 one bule more to cont. 20 p. of 4ott weight & so of the AH.B of

1057 3730 2160 113 40st or of the of 41:6 aswere in the bale N.37i& that will be all

1055 3786 2191 119 that thuck to imorder or have occasion for this year as for the acctt

1072 3858 2160 133 I shall send p. next an extract of yd as for asitt joith, for itt xber

1055 3934 2218 96 f. the time of ballanting when you shall have thefull perfect nntrus ry

1050 3993 2203 116 lett mee have my acctt. that wee on each thersided see from which the fault

1039 4051 2262 103 depends, & observe that yd occasions will continue argent yett this month there

1057 4122 2145 122 fore can not refuse to accept yd bill which will be punctualy observed

1038 4188 2224 144 & am sorry that yd laces continew ander seasure & coned wish they wire

1058 4265 2248 113 cleared & that you was were, whilst I assure you that I take all imaginy

1049 4334 2249 102 care to promose bok our intrest & that I shall doall I canto remitthenme

1055 4419 687 52 tor ware & loreirane

3429 198 706 103 gent francois herreboiurt

5218 208 776 89 Antw 16 gb 1681123

3540 248 2405 90 mons. in antwoort aenden ul van gisteren sende in gesloten mijnen tolbrief

3543 324 2427 96 die voor 3 packen heden van brugge te comen moeten dienen die spoedigh

3545 370 1088 136 gelieft te depescheren terwijlen

5445 377 427 111 a 16 ditto

3396 446 1071 142 Meggel Cornelis van Aken de jonge

3543 475 2445 135 mons. 12 deser hebaen ul 2 stux swaerte catoene lijnwate p de convoij gesond

3543 546 2442 137 de welke hope ul wel sijn geworden, gisteren is eerst afgeladen een pack CVA

3555 628 2360 134 inhouden 6 stuken bayen 6AA1 syn 11 stuck a ƒ 32:- ƒ352:-

4050 698 519 118 5 stucher ditto

3548 704 2415 190 roken will niet twijffelen oft de selve sullen ul tot sontentement dienen

3547 778 2430 148 heeft ul eenigh minder soorte van doen ofte swaerder gelieft te comman

3550 838 2374 183 als mede ware in ick ul eenige dinst sam doen hebbe noch geene

3552 859 2433 203 tijdnige van devrogetten medt het quaedt weder, even welhoge de selve

5498 1016 414 124 @ 16 ditto

3562 1025 802 119 dese weeke sullen comen

3388 1082 867 140 Brussel Govert ververs

3552 1079 2399 164 monsr. het packbayen soude aen ul overgent sijn gesonden geweest maer alsoo

3543 1215 2360 109 der twee van eenen Nr waeren, heeft den factuer tot gent daerover

3559 1244 2370 130 verlegen geweest & mijden onkost aen gedaen het pack beneffens andere

3546 1291 2381 161 hier ores te senden, soo dat het selve eerst gisteren is geladen  bomet

3546 1386 2364 144 godts gratie morgen bijul sal wesen sijnde gemerckt At„ N. 37 daer

3548 1439 2415 165 onderhebbe gelet ul merck ie volgens d'ordinatie en kande vraght met

3566 1542 2404 125 meer als p: voort selve pack wesen soo waert saeke de seip meer vraghde

3566 1582 2346 143 u voyliyk magh refuseerent & allen ƒ4 presenteeren den u hout is ul

5631 1624 315 108 ƒ680:

3551 1677 1702 122 bekent, sijn a 20 swaer dijck bree bayen a ƒ34

5643 1688 273 78 „336

3978 1729 1300 115 22 andere huinder soorte  „28

5547 1736 412 127 ƒ1006„-

4450 1769 930 145 tsamen 32 bayen cost

3551 1822 2431 148 het is te goede coop evenwel hope dat ul sal animeeren om mij tivermael

5479 1888 493 161 @ 16 ditto

3540 1927 1603 116 te mplogeren ul versekerende in alle occasie

3397 2005 910 133 brussel seges vanderborght

3553 1990 2366 204 monsr. hope ul wel salthey gecomen sijn gisteren hebbe ul geeoht gredt

3561 2094 2345 185 afgeladen int seortschip in een pack S V BB waervande facture is

5492 2152 501 150 @ 16 ditto 1681

3566 2194 1109 145 als volgh een dobbel hoot dosijn

3401 2301 861 122 brussel Anna maria Devos

3580 2251 2398 199 meionft gisteren hebbe p beurtschip aen ul geardresseert 2 packenste weten

3545 2339 2349 166 N.IN2 voor Rek van mons t Templar van bergen & JBM voor monsr

3569 2372 2422 208 Joan Ermasson den & d'ander wel geconditioneert ontfangen hebbende

3560 2408 2484 221 gelieft opbergen ijder aen hun met alle spoet voorts te senden stellende

3564 2538 2142 200 desonkoste op himme Aek dew diende voor ul advies van

5480 2580 415 114 @ 16 ditto

3402 2646 898 162 brussel francois kersavont

3562 2608 2477 255 monsr. hadde geerne ul antwoort gehadt op mijnen leften van 13 deser

3570 2724 2417 216 nu hebbe ick van Engelant ontfangen een pertije witte grijse laken soo

3570 2819 2406 155 ul im deen ofte dander occasie voorvalte ul kan sigh daer van bedienen

3552 2876 2416 155 doch sijn hoogher in prijs als daer ul leeft van hebbe gestreven soo ul

3566 2908 2429 182 die dienen gelieft te commandeeren, als mede oft is bayen frisaerde

5484 2972 572 176 @ 17 ditto 169681

3592 3032 1586 125 of te fijn lakens van doen hadde & Blijve

3421 3088 741 157 brugge Raphael C Coots

3568 3125 2455 174 mons. in antwoort aend ul van 14 & 15 deser, ben blijde te verstaen het arrivement

3576 3186 2400 190 van Beniuin klerck de paxken N 51„ verwaghte in alle haest t & voor ick

3576 3246 2338 204 anders sullen gedegescheirt worden, en aengesien ul soo veel swarigheijt

3577 3316 2414 180 maeckt, soo daet ul wel naer behooren te verklaren, de goederen p fenwich

3570 3386 2399 200 gearrivert hien te gemoet ende vant gepasseirde advies ul trato wert

3561 3460 2384 165 prompt betaelt &pr John simons van londen verwaght het pack M

3559 3540 2373 201 N 52 met 5 witte pack lakens de welk arriverende adroiture gelieft

5324 3632 621 120 ad 17 ditto 1681

3585 3668 907 108 te senden waer mede blijvv

3391 3698 757 138 Nieup. muchiel vallego

3592 3689 2415 201 monsr. mijnen leften was aen ul op 14 deser sedert den ul van 13 ditto bekon

3587 3790 2411 144 waerbij het gepasseerde verstaen eghter verwondere mij dat den bode goos his

3584 3856 2463 158 van brugge de packetties M°R N.6 & 7 niet hadde be stelt de geene niet e

3593 3937 2356 145 entwijffele ofte sijn voor nu aen ul geworden heden vertreckt p bode

3595 4050 2402 92 nicclaes marri 2 paxken vant selve merck No.8.9 om daer mede te volgen

3578 4104 2423 123 d'ordre van monsr. Jan f. BBaudier van brussel volgens denadvies brief

3594 4203 1308 130 daer beneffens waer mede nae groet
