8549 4601
2728 200 426 140 314 meij 1682

877 206 746 135 Ant Samuel de Sulter

1106 279 2287 173 metel aeng. Hcb: ie wae ul wegens den wolle gedaen hadde, oversulckx hope alles wel

1113 384 2220 148 sal uyt vallen, & sie de selve te gemoet. de reeg van de 3 bbecomen, die d'accort

1126 521 2249 103 vindende, met ul consom geboeeft woort. de resaeyre op de bael ue 6 canel nu

1118 563 2295 145 mancqnem. van tijt niet seynden, geschiet p raesten Inclusa de antw van pr. bouweren

876 674 693 153 Aets r. Philippe Lison

2765 690 206 125 C 14d.

1881 742 80 117 l

1081 757 2298 207 En responce a la m. du 9 sor. ie pensecy d'envoyer avecq cette mestaggier les 2 demis

1111 882 2234 172 p. que vous demende, mais quand ie vien a les ovrir, je neles ronva a ssup

1114 980 2243 157 d'envoijer a cause qu'ils n'estoint pas bona pour leur puse, mais demaini atte

1128 1086 2265 122 un sort bonne parke novelles. arrive, dont ie vous envoyeray 2 demie pieces sans

1107 1199 286 141 faulle

1613 1277 140 74 ne dit

842 1213 237 216 megelen

1110 1274 685 168 Maria Jan ebedeusans

1852 1293 1000 142 in Antwerps den 12 meij 1682

1195 1394 2046 189 foffron sende hier ingesloten een stuck hant dwelck verkoght

1264 1486 2096 201 sijnde aen mijnen vrindt die ick diene soo is sijn versoeck ende het mijn

1165 1610 2249 174 dat ul gelieft van den selven patoen en denght te sijnden 24 ellen maer

1177 1749 2220 131 sij mogen niet sleghter van wel beter sijn ick en weete niet beter oft ick hebe

1146 1814 2216 126 van u gehadt soo gelieft mij hier in welte dienen ende bij  aldien datter

1150 1913 2245 168 soo veel niet gereet en is soo gelieft de selve gereet te maecken in st tijt sal

1172 1991 1094 163 ue Antwoort verwaghts & blijve

2687 2056 519 171 a12 mij 1681

904 2028 788 211 Brussel mr. and. Aentsens

1147 2202 2175 133 desen tot advijs als dat geden mijn goet alte gaeden is gearriveert, soo sal ul

1157 2272 2222 138 een painge bayen & donderdagh beurtschip toe seynden, ten waere dan ul dae contn

1142 2364 2230 147 mandeerde, soude die wel beden nogh seynden, maer sal wel avont sij aleen al

1146 2486 2222 131 gie goet geloft can woorden, de sijn geeele coleuren tot daer bij t& een soot

1139 2574 1400 169 bruynden gaoen als ul van mij diest g hadt

2780 2703 230 112 a12

922 2681 823 176 Brussel m Jan van Elsen

1169 2724 2206 206 deden is al mijn vensch goet geanivert, soo dat in gevalle scq ul eenige dinst

1162 2831 2236 227 can doen, mij nu gelieft te comen besoecken, en twijffele niet oft sal ul goet contat

1162 2971 1031 175 geeven, hebbende wel 20 packen ontf

2870 3034 230 128 En

911 3065 1104 199 Brussel m Seger vander Borghte

1152 3134 2203 220 mijn noortsche goedenn sijn nu allen comen & alsoo tel laet sal sijn alvooren

1163 3246 2162 190 de selve wel connen gelost woorden soo sal tegens donderdagh de gemeijne

1153 3345 2166 171 bayen voor ul m artsens seynden, daer en tussen soo ul eenige voor ul

1157 3426 2169 180 winckel stofferinge gelieft te hebben sal ul comande verwaghten het gevlamdt

1170 3545 1920 156 coleur sal ul dese weeke sonder fante hebben, waghte ul antwe

2817 3661 231 125 a2d.

923 3680 885 152 Brussel n Govert ververs

1163 3747 2194 171 desen om ul t adviseeren als dat heden ontfl een groote partije versche goedenen

1164 3860 2076 148 van Eng, van alle sorteaingen, soo dat seg ul nu meet as oyt afsien ben

1180 3947 1723 192 van alle gerief, can seg ul dinst den gelieft mij te comand

3474 181 796 160 Duynhet hj m. Aemij Willinghton

5309 190 710 155 C12 meij 1681100

3656 275 2367 153 op 9 deser hebbe voor ul op Brugge aen Raphael Coots gesonden 2 pacheiens ANw1.2 die

3652 361 2360 157 als verstaen sult hebben, gearriveert sijn, nu dieft ue snenes de facture bedragende ƒ1300:9

3640 494 2120 125 daen iIn begreepen ƒ60- aen ul cons. waer voor mr Abram Wwaer gede bild. hebbe

5447 588 267 134 C 280

3474 573 708 171 Brussel mr. Joseph Sabbarton

3625 717 2403 115 I have nme before mee yd of 8 & M esd. yd bils I have pard and recd yd packett which

3627 817 2428 111 I'ls epaim to marrow, I hope itt will sure encomidq. bomy freinds, that no others

3631 900 2392 110 may out do them ats least that they may sell as well to contens as any body ela

3652 976 2364 140 & contineu the trade, I want some cornets of which the in casine shall follow

3637 1052 2346 183 to marrew, I must have no dubleepurles more, the cornecrs must be 4 of

3655 1173 2383 146 flaine ground small floiers from ƒ12 to p18 a p. 6 with purles from ƒ10 so ƒ17

3649 1262 2384 128 apa gad., I exspect the nightrayles of an ell broad, yd packets to come

3642 1398 2387 95 shall be carefally dispatched them that arr sent last firday are well arrived

3637 1468 2401 159 att newporte, the messenger is not yett come for tis mary for port of Brussels

3644 1612 2400 113 which is according to the ciulit of chem is abait 6 p a packett ordinary & to

3637 1678 2364 137 meuspont 8p, yd, boock sack is bij vanden borght neyt to Jacobs & the other

3638 1796 2403 115 bj and artsens att the sagh signe of the enepecor by an, now as to me

3629 1856 2433 187 valer bassonen, itt is impond. for mee drond to stur out, for I am in the mdtt

3626 1990 2366 103 of my bustijnes, & if I should be with you, I am no more able to do

3656 2052 2382 173 any thing then to follow good advys, in which you are as exsperient as

3646 2201 2294 130 any que can bes yett I'ls take counsel here and avise you to marrond

5540 2293 268 153 Eng

3497 2297 616 145 London mr. Will. Scawer

3648 2348 2384 178 In antwer to yd of 28th past, shall excpet the goods you shipt for mee aboard waner

3645 2461 2421 160 suposeiig they are of the some qualitie als as them you bought for mee att the last sale

3646 2565 2372 127 other nse our people will have non, as now our remainders of last yeare will not go

3637 2663 2383 172 of, sence I receaved them you last sent, for they must be fine & full 13 of 2 yd. broad

3650 2754 2390 148 x C flemish, as them last sent are. m. Sabborton tells mee ofa bale of the same

3642 2836 2387 167 qualite intended for I vale, which I'll wite for, & dispose of them either for yd or

3641 2949 2393 155 mij acctt. Inclosed invoyce of the bale of tykes & m 23 for which please to give yd

3634 3031 2366 168 acctt credit with mee, I can not butt wonder how sou you should loose by the last bale, f

3634 3135 2396 132 shy will not do, I'll never medele with any more, I hope itt nnw with you, I ob serve

3630 3244 2420 111 what you say about the ƒ490- for the packett of lace, you know I sheerd you, theright

3629 3318 2307 149 invoyce which differed about 10  from that I sent you, & wee did aggree ƒ 490-

3634 3432 2373 132 which was not above 8  proffitt, as you intened, so if you please you may have

3641 3513 804 113 invoyce of itt, as itt was

5558 3553 251 156 6 11d

3496 3572 738 160 London m. Luey Kenightley

3644 3649 2367 189 In answer to yd of 28 past shall exspect the reds In the bale N.10. according to the acctt

3653 3770 2384 149 you send mee, haveing give the necescary order to Bruges to take itt up there att arrivall

3641 3879 2399 136 you dave 3 reds more for mee, to which I could mish you would be pleased to provide

3654 3951 2396 138 3 op 4 spanisl clwaches of the yallow keys & of a drap cullour as lively as is to be hadd

3663 4040 2375 118 about the inclosed patt, not epcceding „6 provided you could not meet tle heys to yd

3655 4159 2363 103 content, this I hope you will penforme I first, & shipt as soone as pou, & I'll see

3648 4250 1341 120 you duely satisfied whilst I heae on dependugh
