8569 4642
2670 241 517 120 C@ 11 april 1682

879 209 853 177 London m. Luey Knightley

1099 347 2303 135 I have before mee yd. of 21t pase reourne you thanckes for yd cordial opinios

1117 432 2272 141 you save of mee. Inclosed my bill for £60- att uss on m. Ed. Warner, for

1117 566 2296 100 which pllase to procure the needfull & pass to my acctt. when rad I have

1120 643 2254 113 not had from you any other acctt butt what you wat mee where yu sendad

1102 737 2321 126 the 2 last bales away, & by that itt doth not, come to so much you say, butt I supose

1117 856 2269 117 there are charges, which will make itt up, of which please donce the favour

1109 923 2291 140 to send a particolar note, I do not remitt the nette somme of the bat

1101 1034 2294 133 because I exspect a fine assortment of reds from you, & then y'ls make itt

1127 1141 2266 124 even, pay let mee heare pom you, & if you can, send me some att least, &

1110 1216 2269 149 I'll satisfye you wish thankes. I have had the news of handal & others, &

1130 1297 2237 141 Buskes att Exon beeng stept aside, butt god bethancked, I had never any

1126 1418 2055 136 dealings with either, where in I can serve you frely commande

928 1509 812 177 Brussel n ant. Rosseau

2899 1517 203 179 a4d

1101 1649 2241 150 je vous aiy oblie a iex de demander quelque a les de toil crai vous

1113 1711 2287 180 prient de me faire la grace d'envoyer pour demain 56 bellus ie toit

1102 1823 2287 148 fine sans faut, ayent besoing pour send leinde de bon mettion, suis que

1124 1950 1599 142 je van envoijeren les danteller du vol deman

894 2027 692 169 Epon m. witt. Lobbrs

2863 2050 211 118 C 11d

1133 2119 2281 152 mj bast to you was on the 4h crtt. which I hope & formar shall be comturdnough

1126 2215 2242 119 to gett a bale of 22 yd serges a board wills in which pray neglett nothing, which

1121 2295 2263 131 must be assorted as the inclesed patt, which returne you, butt not so high in prysen

1134 2402 2220 126 for I have recd. that bale, & suide the grayes inferier by 4ƒ a p to the sparrain

1124 2492 2229 127 grayes & the golde cullours also not worth theim prise, so that I feare not to

1114 2569 2245 105 be able to gett any thiugh by them, so pray make emends by this, & give my an

1135 2648 2257 134 epact accctt. of every perticulier as others do, I have recd yd of 18th past I do nrt

1122 2730 2249 134 doubt butt m. Cole shall duely comply with yd draughe, which I'll discharge ith

1110 2815 2245 136 all pinctualitre necessany, inclosed my bill for £50- att vl an m. itt. scaly,

1123 2904 2208 167 neron for which pletse to procure the needfull, & advise mee what passer

1129 3010 2223 156 Pray minde these 22 yd. serges, & then I may thinck to come to a considenable

1124 3158 249 119 fancell

2842 3180 255 133 a11d

909 3188 905 196 londen mr. Edmind Warnet

1120 3273 2248 212 mij last to you was on the 4h curtt. sence non from you, inclosed an invoice

1136 3390 2233 183 of the packett EIW N.21 amd. to £136„3„8 flamith for which if you

1129 3484 2215 172 finde itt right please to give mee credit, this packett goith forward the 13: prest

1120 3611 2263 135 you shall have invoyces of N.22, & of the stolen goods all which I hope att neuprrite

1107 3681 2263 169 before later end of nopt week, for wee must take the ficurest way for conviance

1133 3761 2248 147 wee can, because all shuys here go vere duordrdley, yett wee are not altoghetier, pust

1119 3874 2262 167 of yett of recovering some thing, by the states of flanders, of which next wah also, wa

1122 3949 2291 142 shall give the last attempt & & fuls advise to you. Daveing occosion to paym. lucy inglely

1139 4038 2245 141 £60- st have valuwed d' humm on you this day 2 att 33.3 for which please to give due

1126 4108 2249 149 honar, & note accordingly. I shall compleat about 3 packetts of thhe good cheap, & the rest

1144 4191 2224 176 you must exspect as lest I can have itt, butt I worder you order con for wight reylen

1136 4319 2097 114 of ½ a yd. ⅔ & there abouts broad, of cwlich I send severall te Eng. for yd. gad

3494 195 557 152 Londen m. Juqu Cole

5426 233 635 122 11 april 1682 434

3633 319 2434 156 mij last to you was on the 8t currtt. advisingh of £50  which m. Well Lobbe have

3641 394 2440 146 drawne on you, which I hope you shall have accepted, & for yd nembours redrawor mee

3643 489 2421 103 att 2147 which will be discharged with all puncualitie, by yd nept you will oblige mee

3625 588 2463 141 to accquaint mee of their qualitie, & if with safery I mighs trust on them in the like occs

3613 663 2441 175 I shall not faile to serve you inclosed the neet accompt, or invoyce of the so ocheads of

3630 785 2409 109 cloverseeds bought & provided for yd acctt & loaden aboard John Evinghs att Brudges bound

3633 879 2413 122 for topsame, where I do not question butt he is before now arrived, I hope you will

3628 975 2431 139 make a good price of them for itt continews here on the rising hand, if you finde the

3620 1055 2456 146 Envoyce sight please to give mee creditt for the valeu £183:160 9 slemish, upon the

3630 1162 2407 145 acctt of the estate of JB. deseated, the rest due to said acctt. is yett in Dandes

3636 1269 2324 133 of fhn Caile de coninck, & am about itt to gett itt in so that I hope to cleame i

3641 1334 387 151 iddainly

5430 1407 258 158 a 11 d

3490 1410 642 170 Londen mr. Jenry Collier

3613 1508 2449 188 mij last to yn wat on the 8th curtt. sence non from you, so this to advise you that fehe

3611 1647 2446 94 vale wartt mee eanseley not to aftront, or trouble him, that he would have send the

3622 1739 2424 107 valew of £100 sts before now butt noth with standing my desire, that he sould do so

3624 1820 2376 136 cett never a word of answer fo I doubt vere much that thinghs are wouse with

3613 1918 2391 122 hur then I exspected, I'll waite this day to a frrind of mine & procose that

3593 2024 2446 100 in should give ficurite, or suffer the seventie of law, which if doth not tr te will

3607 2106 2451 121 be a bad omen of which shall advise you rext, Inclosed one froms uttm

3505 2200 801 158 Brussel mr. Joseph Sabbearen

5507 2223 241 161 a 11 d

3633 2349 2367 123 I'exspect some ells of seer cloth according to my formar desire now come to

3631 2443 2406 133 Intreat you in behalfe of my vere good freind m. Hemy Colles of london, that you

3613 2561 2392 106 would be pleased to do mee the hindness to deliver the inclosed letter in handes

3595 2639 2358 135 of Jan vale, whres billsn here are dayly protested for non payment, amonghst

3623 2764 2412 115 others 3 each of a Llv0 of m Collier, who most einstly desires mee to seep

3609 2837 2410 125 to Boussels & gett eithers securitie or the valew from s and as much he

3592 2925 2402 149 huth don, in desiring m. Sonthell to come from lille butt be can not come, & I

3590 3060 2433 119 not gett, butt he beeng so ingens, for feare of loss, desires mee to gett sicunte

3608 3175 2422 155 oneway or other, yett I can not aprehend any thing of that natine, butt have

3605 3275 2415 116 neally better thoughts of him noth uithstanding that he hath positively fcomised

3610 3415 2415 135 to send mee £100- & ths week, & sends not a faithiuy n'ay doth not ostend you

3585 3489 2398 148 to much as answer my last lebers, there fore pray if itt doth not ostend yo

3591 3604 2396 119 descomte huim what he intends to do, & in wat manner he can propose sicurite

3575 3668 2418 187 or satisf. for I have payd £200- for hone of the drawer, & am clarged with flo 3 st

3592 3776 2425 138 more for the first risurned bill. if he hath mony ready, lett be as much as itt will

3585 3915 2457 141 pray receave itt from hm, for itt might be he will excuse him self, that he could not finde

3570 4039 2425 98 occasion to remitt, so pray do at you would be don by if you hall the ike occasion

3587 4090 2421 110 in Eng, or elsewhere, where I assure you both m. Collier a I will make itt a peare

3593 4210 2434 136 the oblig. which ly this wee shall have, for what wee can ostaine with good meanes

3579 4298 731 120 needt noother e
