8344 4595
2288 203 718 114 En fnvers 3 Juny

683 229 878 120 Mons michhel cannot

940 301 2240 151 mons. De 8 Du corant J'ay vendu a mons vre fils 3 serges & 30 p de

943 356 2246 146 toilles de cottons, selon la facteur lay donne portant ƒ319:1ost

947 446 2243 147 ua fout pacte ensemble dans un ballote M1 envoyer a Brussel

933 521 2216 158 a mad Deros aucod ordre de le vous envoyer avec le wanier, hier ie

923 585 2228 176 trouue loccasion detirrer sur vre grace, ce que jay fairt dans mo

910 673 2269 171 lettre a trois j ours dereu a lordre demons Jacques trianvier, qu'il mat

921 735 2331 210 payez l'argent ie vous priant de payer ma lettre avec tous lhonnour

2688 814 366 176 17 ditto

948 879 888 131 necessarie quis que je suit

690 964 913 119 mons Jacquis basselourt

944 950 2256 203 mons. Depuis que vous est partie dier la dernier fois, mons Dumont

941 1091 2250 165 est mort, et comme touts les fabriques estaint vacantes, il lestous

948 1169 2211 144 entre pris et cest laraison que ie me trouv a present extremement

925 1247 2249 186 presse pour de l'argent et oblige de vous charger avec incent et

940 1332 2198 130 in quante florins, & ce que iay faut hier en faveur de mons Jacque

923 1391 2230 197 trivier atrois jours devene vous priant treshamble ment de les paye

943 1499 2107 154 et de croire muss prendre song pric res compenser la faveire, quant

921 1556 2136 184 la avenir vous aurez desoing des autr chose Esperant delstre

950 1643 2117 191 poureveu de tous donspeudutemp, manque pourt d'faire bonpliyd

2641 1731 310 118 15 ditto

690 1770 790 119 mons. mad. Dubekub

949 1822 2243 153 mad: Dupuis la mort Demons Dumont, jay commence maintenant touts

954 1917 2168 95 ces fabrig. en fin que ie pourrois estre en estat et vous rendre servce avecq touts

933 1981 2250 133 sans et draps, mais la maintenue dons: grande fabrique, me preste detours

942 2082 2237 111 coste pour d largent, ce qu'il mafaut prendre la liberte ditirer sur vous

924 2143 2246 127 £150:- en faneur de monsr. Jacques trivier en malets. dhier aa 3 jours

935 2234 2239 95 deven, vous priant dela satis faire prontement, ayant reccu la vallur

941 2285 2241 119 de luy ceque sespecd vous me preueras en mal parte car je ne perpas ault

2226 2361 914 143 In Antwerpen 14 Juny

678 2365 688 154 Breda Laureys Ka

940 2470 2220 96 mons. hebbe ul brief van 11 deser ontfangen geirne gesien dat de 2 balen

949 2554 2266 94 wolle ware gearriveert ende dat de selve ul wel aenstaet, soo verwaght daer van

956 2603 2208 116 goet goet, oversulx doet ul devoir om mij te animeeren & soo ul tene

935 2696 2259 97 lakens claer sijn laelse in holant vollen, ende aen mij te komen omte

963 2790 1913 99 sien, hoedanige mij hebt te reguleeren waermede Blijve

2732 2840 396 110 14 Juny 1681

703 2847 654 141 London George Cole

1964 2867 52 114 th

951 2912 2198 135 Sr. I have delayd to answer yd of 5 Aprill last, because I did not thinck, butt

936 3020 2169 98 that before now should have been in cash to remitt you soone mony en

948 3081 2150 117 actt. of JH butt trade beeng very low here & mony extreamly scarrey

940 3174 2208 115 keeps itt back whoever Ill be pressing for what is yett standing ott on that

951 3230 2211 129 accomps & remitt you as soone es possible, hopeing with next harvest to gett

950 3318 2211 132 in all in so much that with in 3 monthes hence all might the adviseed

942 3437 2175 104 to which I shall continew iny endeavour whilst I was in hopes you

947 3523 2143 116 should have minded the more mentioned £80: wherein I can serve

964 3589 742 140 you freely command

2722 3656 435 122 14 June 1681

706 3682 859 145 London Abram vivian

3046 3789 61 58 th

1599 3796 97 68 th

955 3800 2215 106 S. I wrott to you the 7: curitt what was need full, sence receceved yd of 27 pat

951 3875 2198 145 bij which I feare that non or few goods will come with these 2 vessels

962 3956 2185 120 now ready att Hull orperhaps departed, because, as yett you gve mee

949 4027 2205 124 no advise of any thingh beeng shipped which should cause no small preiudicce

959 4130 2165 114 butt I hope & exspect to understand better news, for wed ought not to be

963 4216 2110 113 served as least yeare: I take notice what you say of m. Holreiden

959 4295 2088 101 writing I am gladd you finde yd. self better served & though itt cost

933 4365 2179 93 some more troubles now, yett wee will finde the benefist of itte

3521 262 2425 91 when wee keeponely to one or 2 correspondents, which I'll be able to advise

3518 309 2390 107 you when Isee the goods now underway: I have examined the patt. of the bale

3501 364 2467 153 N. 34 which doth promise well, god send them butt safe over when you send med

3505 454 2441 119 the factory of the bayes you say itt will before about £600: and most

3514 537 2415 103 the other bales you y  beeing finished will make you pay

3514 588 2391 145 £900: st which I do beleave will be there about, butt in case you please to

3517 642 2460 163 peruse my acctt you will not finde yd self in disbourse for my share: whoever

3518 762 2438 122 Iintend for Brussels next week, where I hope to receave a parcell of mony

3518 822 2447 133 when I'll remitt att short sight for yd acctt. on which you may depend, for I would

3521 893 2366 119 Rather keep not one farting in cast & be aremitting then to have bills

3520 977 2412 137 remning up on mee - inclosed is invoyce for a packett N. 154.22 p of lace

3513 1049 2330 123 for which please to give mee creditt beeng £80:4:10 f. itt will come with

3489 1172 2451 114 Ben: klerck as I supose he intending to saile very speedly I do not question, butt

3518 1244 2357 116 that you will finde these to content & that you will advance well up on them

3517 1283 2429 153 your measures for the broadest sort is so bro ad, that & can finde non or verry few

3526 1393 2393 121 of that sige, so that I can not assort the packetts to my minde, whoever the

3503 1423 2464 171 next will containe more broad laces, which I have ordered to be made to purpose: when

3503 1523 2438 153 now you receave these laces, lett mee butt know which numbers prove good, or bad & then

3515 1608 2435 104 I shall know how to governe my self, for I note up on my book eack peeces from

3520 1698 2423 120 whom I have itt to my opinion are the N. 116: 118:119:121„ 122„ 123„ 124„ 125 of the

3513 1751 2346 112 best hande now afford mee yd for these 8 st are of one hand & all the rest of

3508 1822 1782 133 severall others a governo whilst I remaine with kinde saluts

3316 1857 2623 192 London P. S. Receave  ust yd of 30 passo the orders In Antw: 14 june 1681

3503 1968 2410 153 you are given for 3 bales more are well as also, that you shall not delift in giving

3505 2059 2419 135 mr. potter continuall icorrigement for his persisting in well doing, the pattarnes

3511 2120 2361 130 for the bale N.35: are well, as also Ihether to receaved, hope the rest will prove

3499 2177 2447 101 accordingly, god send all safe over, there were 5 bales att Hull lett our risi co bedorided

3500 2272 2473 97 that is in each vessel ½ of what comes to Hull & lett yd freind att leeds not over staste

3505 2352 2451 127 them selves for what can not come biy these vessels, for when these you, they shall

3495 2404 2290 129 have time enought to compleat our orders before any others ships ready I have

3499 2465 2408 140 observed what you say about mony, I know that my orders for the whole will be

3504 2550 2338 104 more then £9: a £1000: yett you must not pay itt all att a time where fore

3490 2608 2373 134 hope to prevaill what with timely remisess butt as yett I hope itt isto contant

3504 2694 2438 55 asseuring of ar other remisire the next week onwach you may depend as for laces

3516 2745 2354 113 I'll desist with what is already bought & attworck whith in all will be about

3331 2775 88 116 ƒ

3496 2807 2422 134 £300: flemish yd inclosed is delivered in the post house & so remaine tillnext

3298 2865 745 120 London sHenry maynard

5449 2874 502 135 14 June 1681

4429 2917 84 81 th

5210 2933 83 75 h

3511 2939 2432 144 S my last to you was on the 11: curitt sence recd. yd of 30: past. by which take not iue

3491 3009 2443 122 how our 4 bales N. 20 „ 22123 & 24 are shipt I hope the spanish resting cloathes may come

3502 3082 2456 120 with the same because I doubt that no other vessel will part 100 soone yett whoever

3488 3125 2441 162 to minde our intrest att yd side is best to you, as here I endeavour on this side as to the

3496 3208 2458 151 6N. silver marck I hope you shall prevaile with the clothier for some peeels because

3505 3268 2446 157 I have so fuit fully promised to deliver them & roosen dael here m. kent freind doth

3486 3375 2447 125 bragy, as if ha had & onely could engeage the maker for him self yds 2 bills shall

3490 3465 2421 120 besent for acceptance in closed one bill on John rearse for 5221 Crownes att 56¼

3502 3537 2366 120 is £122:6:10 ½ att 1 ½ uso for my acctt. which I hope shall not in commode you becausee

3486 3596 2421 146 this day could finde no billsatt short time, so pleased to procure the needfull: whilst

3493 3687 1658 137 I shall endeavour to contin a remitting & remaiie

5393 3704 329 156 15 Juy

3345 3730 733 133 sent Francois Herrebout

3486 3819 2457 153 mons. heden vertrckt van hier nae costij beurtschipp Jan lathonder, voor mij in hebben

3487 3904 2455 142 R N 15 & 16. soo haest de selve ul terhant comen sult die cito opbrugge sende aende oA

3479 3975 2458 140 Raphael Coots om mijne ordre te volgen in gesloten senden t wee wisset £100: t

3473 4041 2458 157 totloste Ber: vandervinck & soo veel tot last lodonichis dewolf dew gelieft

3472 4136 2467 143 bijde tte doen amgre oste bij foute van die te doen acrepteeren & aen mij tegen

3488 4245 2130 101 dijnsdagh savangen herrewaerte te besorgen waer op mij verlate & blijve
