<?xml version="1.0" encoding="UTF-8"?>
<alto xmlns:xsi="http://www.w3.org/2001/XMLSchema-instance"
      xmlns="http://www.loc.gov/standards/alto/ns-v4#"
      xmlns:page="http://schema.primaresearch.org/PAGE/gts/pagecontent/2013-07-15"
      xsi:schemaLocation="http://www.loc.gov/standards/alto/ns-v4# https://www.loc.gov/standards/alto/v4/alto.xsd">
   <Description>
      <MeasurementUnit>pixel</MeasurementUnit>
      <OCRProcessing ID="IdOcr">
         <ocrProcessingStep>
            <processingDateTime>2022-02-04T12:07:42.641+01:00</processingDateTime>
            <processingSoftware>
               <softwareCreator>READ COOP</softwareCreator>
               <softwareName>Transkribus</softwareName>
            </processingSoftware>
         </ocrProcessingStep>
      </OCRProcessing>
   </Description>
   <Layout>
      <Page ID="Page1" PHYSICAL_IMG_NR="1" HEIGHT="4567" WIDTH="8091">
         <TopMargin HEIGHT="0" WIDTH="8091" VPOS="0" HPOS="0"/>
         <LeftMargin HEIGHT="4567" WIDTH="0" VPOS="0" HPOS="0"/>
         <RightMargin HEIGHT="4567" WIDTH="0" VPOS="0" HPOS="8091"/>
         <BottomMargin HEIGHT="0" WIDTH="8091" VPOS="4567" HPOS="0"/>
         <PrintSpace HEIGHT="4567" WIDTH="8091" VPOS="0" HPOS="0">
            <TextBlock ID="region_1638885801776_2414"
                       HEIGHT="4222"
                       WIDTH="2654"
                       VPOS="159"
                       HPOS="552">
               <Shape>
                  <Polygon POINTS="552,159 3206,159 3206,4381 552,4381"/>
               </Shape>
               <TextLine ID="region_1638885801776_2414l1"
                         BASELINE="640,202 665,202 690,204 715,204 740,202 765,202 790,202 816,202"
                         HEIGHT="74"
                         WIDTH="206"
                         VPOS="163"
                         HPOS="626">
                  <String ID="string_region_1638885801776_2414l1"
                          HEIGHT="74"
                          WIDTH="206"
                          VPOS="163"
                          HPOS="626"
                          CONTENT="1"/>
               </TextLine>
               <TextLine ID="region_1638885801776_2414l2"
                         BASELINE="2222,234 2263,234 2304,236 2345,236 2386,236 2427,236 2468,236 2509,236 2550,234 2591,234 2633,232 2674,230 2715,230 2756,228 2797,226 2838,225 2879,224 2920,222 2961,221 3002,220 3044,220"
                         HEIGHT="106"
                         WIDTH="852"
                         VPOS="190"
                         HPOS="2208">
                  <String ID="string_region_1638885801776_2414l2"
                          HEIGHT="106"
                          WIDTH="852"
                          VPOS="190"
                          HPOS="2208"
                          CONTENT="In Antwerpen 17 aprill 1681"/>
               </TextLine>
               <TextLine ID="region_1638885801776_2414l3"
                         BASELINE="640,288 688,283 737,279 786,276 835,274 884,272 933,270 982,268 1031,266 1080,264 1129,264 1177,262 1226,262 1275,260 1324,260 1373,259 1422,258 1471,256 1520,256 1569,254 1618,252"
                         HEIGHT="135"
                         WIDTH="1011"
                         VPOS="198"
                         HPOS="623">
                  <String ID="string_region_1638885801776_2414l3"
                          HEIGHT="135"
                          WIDTH="1011"
                          VPOS="198"
                          HPOS="623"
                          CONTENT="Rotterdam Joan vandermeulen"/>
               </TextLine>
               <TextLine ID="region_1638885801776_2414l4"
                         BASELINE="944,356 1055,354 1167,352 1279,350 1391,348 1503,346 1615,344 1727,342 1839,340 1951,338 2063,338 2174,336 2286,334 2398,333 2510,332 2622,330 2734,330 2846,328 2958,328 3070,326 3182,326"
                         HEIGHT="111"
                         WIDTH="2268"
                         VPOS="281"
                         HPOS="930">
                  <String ID="string_region_1638885801776_2414l4"
                          HEIGHT="111"
                          WIDTH="2268"
                          VPOS="281"
                          HPOS="930"
                          CONTENT="mons. uijt ul aengenamen van 15 deser seer geirne verstaen het arrivement van 2"/>
               </TextLine>
               <TextLine ID="region_1638885801776_2414l5"
                         BASELINE="934,426 1042,424 1151,422 1260,420 1369,418 1478,416 1586,416 1695,414 1804,414 1913,414 2022,412 2130,412 2239,410 2348,409 2457,408 2566,406 2674,403 2783,400 2892,397 3001,392 3110,388"
                         HEIGHT="154"
                         WIDTH="2206"
                         VPOS="324"
                         HPOS="919">
                  <String ID="string_region_1638885801776_2414l5"
                          HEIGHT="154"
                          WIDTH="2206"
                          VPOS="324"
                          HPOS="919"
                          CONTENT="packen van London en een van hull, bij het leste sal ul ongetwijffelt vinden"/>
               </TextLine>
               <TextLine ID="region_1638885801776_2414l6"
                         BASELINE="926,506 1033,502 1141,496 1248,494 1356,490 1464,488 1571,486 1679,486 1786,484 1894,484 2002,483 2109,482 2217,481 2324,480 2432,477 2540,474 2647,471 2755,466 2862,461 2970,454 3078,446"
                         HEIGHT="112"
                         WIDTH="2180"
                         VPOS="417"
                         HPOS="912">
                  <String ID="string_region_1638885801776_2414l6"
                          HEIGHT="112"
                          WIDTH="2180"
                          VPOS="417"
                          HPOS="912"
                          CONTENT="het pack A.I.VN.31 als voor nu gemelt, t sal mij seer aengenaem sijn"/>
               </TextLine>
               <TextLine ID="region_1638885801776_2414l7"
                         BASELINE="918,570 1028,566 1139,562 1250,560 1361,558 1472,557 1582,556 1693,556 1804,556 1915,556 2026,554 2136,554 2247,552 2358,551 2469,548 2580,546 2690,542 2801,537 2912,530 3023,522 3134,512"
                         HEIGHT="153"
                         WIDTH="2248"
                         VPOS="471"
                         HPOS="902">
                  <String ID="string_region_1638885801776_2414l7"
                          HEIGHT="153"
                          WIDTH="2248"
                          VPOS="471"
                          HPOS="902"
                          CONTENT="soo ul deselve al heeft versonden p een kloek hollants schipper, mijn intentie"/>
               </TextLine>
               <TextLine ID="region_1638885801776_2414l8"
                         BASELINE="904,642 1013,638 1122,635 1231,632 1340,630 1449,628 1558,628 1667,626 1776,624 1885,624 1995,622 2104,620 2213,618 2322,616 2431,614 2540,610 2649,608 2758,604 2867,599 2976,594 3086,586"
                         HEIGHT="134"
                         WIDTH="2214"
                         VPOS="553"
                         HPOS="887">
                  <String ID="string_region_1638885801776_2414l8"
                          HEIGHT="134"
                          WIDTH="2214"
                          VPOS="553"
                          HPOS="887"
                          CONTENT="is niet, dat ul sal tarderen tot dat een beurtschip volladen is, maer"/>
               </TextLine>
               <TextLine ID="region_1638885801776_2414l9"
                         BASELINE="936,704 1049,704 1162,704 1275,704 1388,702 1502,702 1615,700 1728,698 1841,696 1954,694 2068,692 2181,688 2294,686 2407,682 2520,678 2634,676 2747,671 2860,667 2973,664 3086,660 3200,656"
                         HEIGHT="132"
                         WIDTH="2296"
                         VPOS="595"
                         HPOS="920">
                  <String ID="string_region_1638885801776_2414l9"
                          HEIGHT="132"
                          WIDTH="2296"
                          VPOS="595"
                          HPOS="920"
                          CONTENT="mijne packen liever met den veerman te senden, alsoo de beurtlieden dickmas"/>
               </TextLine>
               <TextLine ID="region_1638885801776_2414l10"
                         BASELINE="928,782 1041,780 1155,778 1268,778 1382,776 1495,776 1609,774 1722,772 1836,772 1949,770 2063,768 2176,765 2290,762 2403,759 2517,755 2630,752 2744,746 2857,742 2971,736 3084,728 3198,722"
                         HEIGHT="167"
                         WIDTH="2299"
                         VPOS="663"
                         HPOS="913">
                  <String ID="string_region_1638885801776_2414l10"
                          HEIGHT="167"
                          WIDTH="2299"
                          VPOS="663"
                          HPOS="913"
                          CONTENT="lanck tardeeren, en boven dien al hier bij de stadt tot austruweel opgehoude"/>
               </TextLine>
               <TextLine ID="region_1638885801776_2414l11"
                         BASELINE="934,850 1047,850 1160,848 1273,848 1386,848 1500,846 1613,846 1726,844 1839,842 1952,840 2066,838 2179,834 2292,832 2405,828 2518,824 2632,820 2745,815 2858,810 2971,805 3084,800 3198,794"
                         HEIGHT="123"
                         WIDTH="2294"
                         VPOS="753"
                         HPOS="919">
                  <String ID="string_region_1638885801776_2414l11"
                          HEIGHT="123"
                          WIDTH="2294"
                          VPOS="753"
                          HPOS="919"
                          CONTENT="worden al vorens de geinterresseirde al hebben geklaert, soo recommandeere"/>
               </TextLine>
               <TextLine ID="region_1638885801776_2414l12"
                         BASELINE="936,928 1047,926 1158,924 1269,922 1380,920 1491,918 1602,916 1713,914 1824,912 1935,910 2046,908 2157,904 2268,902 2379,898 2490,896 2601,892 2712,888 2823,882 2934,878 3045,872 3156,866"
                         HEIGHT="157"
                         WIDTH="2255"
                         VPOS="805"
                         HPOS="918">
                  <String ID="string_region_1638885801776_2414l12"
                          HEIGHT="157"
                          WIDTH="2255"
                          VPOS="805"
                          HPOS="918"
                          CONTENT="ul Die lake opt hooghste en bij soo verre geanimeert ben sall veel goederen"/>
               </TextLine>
               <TextLine ID="region_1638885801776_2414l13"
                         BASELINE="938,1002 1048,1002 1158,1002 1269,1001 1379,1000 1490,999 1600,998 1710,996 1821,994 1931,992 2042,989 2152,986 2262,982 2373,978 2483,973 2594,967 2704,960 2814,954 2925,947 3035,938 3146,930"
                         HEIGHT="158"
                         WIDTH="2237"
                         VPOS="891"
                         HPOS="923">
                  <String ID="string_region_1638885801776_2414l13"
                          HEIGHT="158"
                          WIDTH="2237"
                          VPOS="891"
                          HPOS="923"
                          CONTENT="over costij doen passeren wat voor gevallen is verlange te verstaen &amp; nae cordi"/>
               </TextLine>
               <TextLine ID="region_1638885801776_2414l14"
                         BASELINE="2560,1036 2588,1038 2616,1041 2645,1043 2673,1044 2702,1044 2730,1044 2758,1044 2787,1042 2815,1041 2844,1040 2872,1038 2900,1037 2929,1035 2957,1034 2986,1032 3014,1030 3042,1030 3071,1028 3099,1028 3128,1028"
                         HEIGHT="132"
                         WIDTH="600"
                         VPOS="958"
                         HPOS="2545">
                  <String ID="string_region_1638885801776_2414l14"
                          HEIGHT="132"
                          WIDTH="600"
                          VPOS="958"
                          HPOS="2545"
                          CONTENT="17 Aprill 1681"/>
               </TextLine>
               <TextLine ID="region_1638885801776_2414l15"
                         BASELINE="604,1084 636,1082 669,1080 701,1078 734,1077 766,1076 799,1076 831,1074 864,1072 896,1071 929,1070 961,1070 994,1068 1026,1067 1059,1066 1091,1066 1124,1064 1156,1062 1189,1062 1221,1060 1254,1058"
                         HEIGHT="175"
                         WIDTH="683"
                         VPOS="961"
                         HPOS="587">
                  <String ID="string_region_1638885801776_2414l15"
                          HEIGHT="175"
                          WIDTH="683"
                          VPOS="961"
                          HPOS="587"
                          CONTENT="Brussel John vale"/>
               </TextLine>
               <TextLine ID="region_1638885801776_2414l16"
                         BASELINE="920,1146 1028,1142 1137,1138 1246,1136 1355,1132 1464,1130 1573,1128 1682,1126 1791,1124 1900,1122 2009,1120 2117,1118 2226,1118 2335,1116 2444,1116 2553,1114 2662,1114 2771,1112 2880,1112 2989,1110 3098,1110"
                         HEIGHT="149"
                         WIDTH="2209"
                         VPOS="1040"
                         HPOS="904">
                  <String ID="string_region_1638885801776_2414l16"
                          HEIGHT="149"
                          WIDTH="2209"
                          VPOS="1040"
                          HPOS="904"
                          CONTENT="Mons. verneme geirne wat wegens de bekende brusselse lakens sedert"/>
               </TextLine>
               <TextLine ID="region_1638885801776_2414l17"
                         BASELINE="944,1214 1054,1210 1164,1207 1275,1204 1385,1202 1496,1200 1606,1198 1716,1196 1827,1194 1937,1192 2048,1190 2158,1188 2268,1186 2379,1184 2489,1182 2600,1180 2710,1178 2820,1176 2931,1174 3041,1170 3152,1168"
                         HEIGHT="118"
                         WIDTH="2239"
                         VPOS="1109"
                         HPOS="927">
                  <String ID="string_region_1638885801776_2414l17"
                          HEIGHT="118"
                          WIDTH="2239"
                          VPOS="1109"
                          HPOS="927"
                          CONTENT="mijn lest vertreck van costij is voorgevallen, terwijlen desen wijders dint"/>
               </TextLine>
               <TextLine ID="region_1638885801776_2414l18"
                         BASELINE="914,1286 1027,1283 1141,1280 1254,1276 1368,1273 1481,1270 1595,1268 1708,1266 1822,1264 1935,1261 2049,1260 2162,1258 2276,1256 2389,1254 2503,1252 2616,1252 2730,1250 2843,1248 2957,1246 3070,1245 3184,1244"
                         HEIGHT="122"
                         WIDTH="2301"
                         VPOS="1169"
                         HPOS="898">
                  <String ID="string_region_1638885801776_2414l18"
                          HEIGHT="122"
                          WIDTH="2301"
                          VPOS="1169"
                          HPOS="898"
                          CONTENT="tot covert vanden in gesloten wissel brief van in H. collier totst"/>
               </TextLine>
               <TextLine ID="region_1638885801776_2414l19"
                         BASELINE="926,1348 1036,1348 1146,1346 1256,1344 1367,1342 1477,1340 1587,1338 1698,1336 1808,1333 1918,1330 2029,1328 2139,1326 2249,1323 2359,1320 2470,1318 2580,1316 2690,1314 2801,1312 2911,1310 3021,1308 3132,1306"
                         HEIGHT="99"
                         WIDTH="2235"
                         VPOS="1269"
                         HPOS="911">
                  <String ID="string_region_1638885801776_2414l19"
                          HEIGHT="99"
                          WIDTH="2235"
                          VPOS="1269"
                          HPOS="911"
                          CONTENT="laste voor £130 st den welke aen mij geacceptert gelieft terugge te "/>
               </TextLine>
               <TextLine ID="region_1638885801776_2414l20"
                         BASELINE="940,1420 1052,1420 1164,1420 1277,1419 1389,1418 1502,1416 1614,1414 1726,1412 1839,1408 1951,1405 2064,1402 2176,1398 2288,1394 2401,1392 2513,1388 2626,1384 2738,1380 2850,1377 2963,1374 3075,1372 3188,1368"
                         HEIGHT="163"
                         WIDTH="2282"
                         VPOS="1305"
                         HPOS="922">
                  <String ID="string_region_1638885801776_2414l20"
                          HEIGHT="163"
                          WIDTH="2282"
                          VPOS="1305"
                          HPOS="922"
                          CONTENT="senden, ick hebben de selve weirde voor ul geacceptert direcktjckee "/>
               </TextLine>
               <TextLine ID="region_1638885801776_2414l21"
                         BASELINE="2652,1456 2677,1456 2702,1454 2727,1454 2752,1453 2777,1452 2802,1452 2827,1450 2852,1450 2878,1448 2903,1448 2928,1446 2953,1446 2978,1444 3003,1444 3028,1443 3053,1442 3078,1442 3104,1440"
                         HEIGHT="135"
                         WIDTH="484"
                         VPOS="1370"
                         HPOS="2635">
                  <String ID="string_region_1638885801776_2414l21"
                          HEIGHT="135"
                          WIDTH="484"
                          VPOS="1370"
                          HPOS="2635"
                          CONTENT="17 Aprill 1681"/>
               </TextLine>
               <TextLine ID="region_1638885801776_2414l22"
                         BASELINE="664,1514 713,1516 763,1516 812,1516 862,1516 912,1516 961,1514 1011,1513 1060,1511 1110,1509 1160,1508 1209,1505 1259,1503 1308,1501 1358,1500 1408,1497 1457,1496 1507,1494 1556,1493 1606,1492 1656,1492"
                         HEIGHT="169"
                         WIDTH="1022"
                         VPOS="1403"
                         HPOS="647">
                  <String ID="string_region_1638885801776_2414l22"
                          HEIGHT="169"
                          WIDTH="1022"
                          VPOS="1403"
                          HPOS="647"
                          CONTENT="Brussel Andries Artsens"/>
               </TextLine>
               <TextLine ID="region_1638885801776_2414l23"
                         BASELINE="926,1594 1039,1592 1153,1588 1267,1586 1381,1585 1495,1584 1608,1582 1722,1580 1836,1578 1950,1576 2064,1574 2177,1572 2291,1570 2405,1568 2519,1564 2633,1562 2746,1558 2860,1555 2974,1551 3088,1546 3202,1540"
                         HEIGHT="134"
                         WIDTH="2307"
                         VPOS="1475"
                         HPOS="911">
                  <String ID="string_region_1638885801776_2414l23"
                          HEIGHT="134"
                          WIDTH="2307"
                          VPOS="1475"
                          HPOS="911"
                          CONTENT="mons. in antwoort aenden ul van 15 deser is ul remise voor £50: geaccepteert"/>
               </TextLine>
               <TextLine ID="region_1638885801776_2414l24"
                         BASELINE="922,1674 1033,1670 1145,1666 1257,1662 1368,1658 1480,1655 1592,1652 1703,1648 1815,1644 1927,1642 2039,1638 2150,1636 2262,1632 2374,1630 2485,1628 2597,1626 2709,1624 2820,1622 2932,1622 3044,1620 3156,1620"
                         HEIGHT="125"
                         WIDTH="2262"
                         VPOS="1576"
                         HPOS="907">
                  <String ID="string_region_1638885801776_2414l24"
                          HEIGHT="125"
                          WIDTH="2262"
                          VPOS="1576"
                          HPOS="907"
                          CONTENT="betaelt sijnde, sal in ul ick crediteren u.l hadde de resterende £100:"/>
               </TextLine>
               <TextLine ID="region_1638885801776_2414l25"
                         BASELINE="910,1746 1019,1742 1128,1738 1237,1735 1346,1730 1455,1728 1564,1724 1673,1721 1782,1718 1891,1714 2000,1712 2109,1708 2218,1705 2327,1702 2436,1698 2545,1694 2654,1691 2763,1688 2872,1684 2981,1680 3090,1676"
                         HEIGHT="166"
                         WIDTH="2212"
                         VPOS="1632"
                         HPOS="893">
                  <String ID="string_region_1638885801776_2414l25"
                          HEIGHT="166"
                          WIDTH="2212"
                          VPOS="1632"
                          HPOS="893"
                          CONTENT="In remise op Brussel ontfangen, ende ul sal mij remitteeren uy"/>
               </TextLine>
               <TextLine ID="region_1638885801776_2414l26"
                         BASELINE="914,1822 1024,1820 1134,1816 1245,1814 1355,1811 1466,1808 1576,1805 1686,1802 1797,1800 1907,1796 2018,1792 2128,1788 2238,1783 2349,1779 2459,1774 2570,1768 2680,1762 2790,1754 2901,1748 3011,1740 3122,1730"
                         HEIGHT="117"
                         WIDTH="2241"
                         VPOS="1701"
                         HPOS="896">
                  <String ID="string_region_1638885801776_2414l26"
                          HEIGHT="117"
                          WIDTH="2241"
                          VPOS="1701"
                          HPOS="896"
                          CONTENT="de pertije 13 deser vervallen t geene alles wel is, ul sal mij vrintschap"/>
               </TextLine>
               <TextLine ID="region_1638885801776_2414l27"
                         BASELINE="920,1896 1028,1894 1137,1894 1246,1892 1354,1891 1463,1890 1572,1886 1680,1884 1789,1882 1898,1878 2007,1875 2115,1870 2224,1866 2333,1862 2441,1856 2550,1850 2659,1843 2767,1836 2876,1828 2985,1820 3094,1810"
                         HEIGHT="175"
                         WIDTH="2207"
                         VPOS="1742"
                         HPOS="902">
                  <String ID="string_region_1638885801776_2414l27"
                          HEIGHT="175"
                          WIDTH="2207"
                          VPOS="1742"
                          HPOS="902"
                          CONTENT="doen het laken uyt de halle aen te nemen, en sal altijts alle mogelijcke"/>
               </TextLine>
               <TextLine ID="region_1638885801776_2414l28"
                         BASELINE="906,1978 1019,1977 1132,1976 1245,1973 1358,1970 1472,1968 1585,1965 1698,1962 1811,1958 1924,1954 2038,1950 2151,1945 2264,1940 2377,1935 2490,1930 2604,1924 2717,1916 2830,1909 2943,1903 3056,1894 3170,1884"
                         HEIGHT="206"
                         WIDTH="2298"
                         VPOS="1813"
                         HPOS="888">
                  <String ID="string_region_1638885801776_2414l28"
                          HEIGHT="206"
                          WIDTH="2298"
                          VPOS="1813"
                          HPOS="888"
                          CONTENT="devooren Doen die ick kan om ul wel te dienen, ende contement te"/>
               </TextLine>
               <TextLine ID="region_1638885801776_2414l29"
                         BASELINE="946,2030 1058,2035 1171,2038 1283,2040 1396,2042 1509,2040 1621,2038 1734,2034 1846,2030 1959,2024 2072,2018 2184,2013 2297,2007 2409,2000 2522,1994 2635,1988 2747,1982 2860,1978 2972,1973 3085,1970 3198,1966"
                         HEIGHT="148"
                         WIDTH="2281"
                         VPOS="1917"
                         HPOS="930">
                  <String ID="string_region_1638885801776_2414l29"
                          HEIGHT="148"
                          WIDTH="2281"
                          VPOS="1917"
                          HPOS="930"
                          CONTENT="geven in alles waerop moght verlaten midts ick ben nae groet"/>
               </TextLine>
               <TextLine ID="region_1638885801776_2414l30"
                         BASELINE="2604,2066 2629,2061 2654,2057 2680,2054 2705,2052 2731,2050 2756,2048 2782,2045 2807,2043 2833,2042 2858,2041 2883,2039 2909,2038 2934,2037 2960,2036 2985,2034 3011,2034 3036,2032 3062,2030"
                         HEIGHT="140"
                         WIDTH="493"
                         VPOS="1971"
                         HPOS="2586">
                  <String ID="string_region_1638885801776_2414l30"
                          HEIGHT="140"
                          WIDTH="493"
                          VPOS="1971"
                          HPOS="2586"
                          CONTENT="17 Aprill 81"/>
               </TextLine>
               <TextLine ID="region_1638885801776_2414l31"
                         BASELINE="662,2126 709,2122 756,2117 803,2113 850,2110 897,2109 944,2108 991,2108 1038,2108 1085,2108 1132,2108 1179,2108 1226,2110 1273,2110 1320,2110 1367,2110 1414,2110 1461,2110 1508,2108 1555,2104 1602,2102"
                         HEIGHT="160"
                         WIDTH="971"
                         VPOS="2015"
                         HPOS="645">
                  <String ID="string_region_1638885801776_2414l31"
                          HEIGHT="160"
                          WIDTH="971"
                          VPOS="2015"
                          HPOS="645"
                          CONTENT="Brussel meiuff Bonnecroy"/>
               </TextLine>
               <TextLine ID="region_1638885801776_2414l32"
                         BASELINE="910,2192 1021,2192 1132,2190 1243,2189 1354,2187 1466,2184 1577,2181 1688,2177 1799,2174 1910,2170 2022,2166 2133,2160 2244,2156 2355,2151 2466,2146 2578,2141 2689,2135 2800,2130 2911,2124 3022,2119 3134,2114"
                         HEIGHT="143"
                         WIDTH="2256"
                         VPOS="2078"
                         HPOS="892">
                  <String ID="string_region_1638885801776_2414l32"
                          HEIGHT="143"
                          WIDTH="2256"
                          VPOS="2078"
                          HPOS="892"
                          CONTENT="Jff Ick hadde geirne eenigh traille werck gesorteirt van 24 st delle tot"/>
               </TextLine>
               <TextLine ID="region_1638885801776_2414l33"
                         BASELINE="906,2298 1020,2292 1135,2286 1250,2282 1365,2276 1480,2270 1594,2265 1709,2258 1824,2253 1939,2247 2054,2240 2168,2235 2283,2228 2398,2223 2513,2216 2628,2210 2742,2202 2857,2196 2972,2188 3087,2182 3202,2174"
                         HEIGHT="242"
                         WIDTH="2328"
                         VPOS="2104"
                         HPOS="889">
                  <String ID="string_region_1638885801776_2414l33"
                          HEIGHT="242"
                          WIDTH="2328"
                          VPOS="2104"
                          HPOS="889"
                          CONTENT="ƒ5: p elle dat is soming van 30„ 40„45„ 50„ 55„ 60 stuy en soo voorts delle"/>
               </TextLine>
               <TextLine ID="region_1638885801776_2414l34"
                         BASELINE="934,2368 1046,2364 1158,2361 1270,2357 1382,2352 1495,2348 1607,2344 1719,2338 1831,2334 1943,2328 2056,2322 2168,2318 2280,2312 2392,2306 2504,2299 2617,2292 2729,2286 2841,2280 2953,2272 3065,2264 3178,2256"
                         HEIGHT="178"
                         WIDTH="2277"
                         VPOS="2211"
                         HPOS="917">
                  <String ID="string_region_1638885801776_2414l34"
                          HEIGHT="178"
                          WIDTH="2277"
                          VPOS="2211"
                          HPOS="917"
                          CONTENT="goet goet voorden prijs, kan al mij knighe sende de selve mij aenstaende sal die"/>
               </TextLine>
               <TextLine ID="region_1638885801776_2414l35"
                         BASELINE="930,2440 1040,2438 1151,2436 1261,2434 1372,2430 1483,2427 1593,2423 1704,2419 1814,2414 1925,2410 2036,2405 2146,2400 2257,2394 2367,2389 2478,2383 2589,2378 2699,2373 2810,2367 2920,2362 3031,2356 3142,2352"
                         HEIGHT="195"
                         WIDTH="2244"
                         VPOS="2272"
                         HPOS="914">
                  <String ID="string_region_1638885801776_2414l35"
                          HEIGHT="195"
                          WIDTH="2244"
                          VPOS="2272"
                          HPOS="914"
                          CONTENT="houden, ende dat p naeste waermede blijve ider stuck te sijn 4„8a 12a"/>
               </TextLine>
               <TextLine ID="region_1638885801776_2414l36"
                         BASELINE="2776,2444 2802,2443 2828,2441 2854,2439 2880,2437 2906,2434 2933,2430 2959,2428 2985,2424 3011,2423 3037,2421 3064,2420"
                         HEIGHT="89"
                         WIDTH="321"
                         VPOS="2368"
                         HPOS="2758">
                  <String ID="string_region_1638885801776_2414l36"
                          HEIGHT="89"
                          WIDTH="321"
                          VPOS="2368"
                          HPOS="2758"
                          CONTENT="rill 1681"/>
               </TextLine>
               <TextLine ID="region_1638885801776_2414l37"
                         BASELINE="2590,2460 2615,2464 2641,2468 2666,2469 2692,2471 2717,2473 2743,2474 2769,2474 2794,2474 2820,2474 2845,2472 2871,2472 2896,2471 2922,2470 2948,2468 2973,2466 2999,2465 3024,2463 3050,2462 3076,2460"
                         HEIGHT="107"
                         WIDTH="518"
                         VPOS="2398"
                         HPOS="2574">
                  <String ID="string_region_1638885801776_2414l37"
                          HEIGHT="107"
                          WIDTH="518"
                          VPOS="2398"
                          HPOS="2574"
                          CONTENT="s ul wel bekent "/>
               </TextLine>
               <TextLine ID="region_1638885801776_2414l38"
                         BASELINE="2152,2500 2196,2500"
                         HEIGHT="60"
                         WIDTH="74"
                         VPOS="2467"
                         HPOS="2137">
                  <String ID="string_region_1638885801776_2414l38"
                          HEIGHT="60"
                          WIDTH="74"
                          VPOS="2467"
                          HPOS="2137"
                          CONTENT="get"/>
               </TextLine>
               <TextLine ID="region_1638885801776_2414l39"
                         BASELINE="648,2522 685,2517 723,2512 760,2508 798,2504 835,2504 873,2501 910,2500 948,2498 985,2498 1023,2498 1060,2496 1098,2496 1135,2496 1173,2496 1210,2496 1248,2494 1285,2494 1323,2492 1360,2490 1398,2488"
                         HEIGHT="156"
                         WIDTH="784"
                         VPOS="2415"
                         HPOS="631">
                  <String ID="string_region_1638885801776_2414l39"
                          HEIGHT="156"
                          WIDTH="784"
                          VPOS="2415"
                          HPOS="631"
                          CONTENT="Brussel John Jonaert"/>
               </TextLine>
               <TextLine ID="region_1638885801776_2414l40"
                         BASELINE="940,2580 1052,2576 1164,2572 1276,2567 1389,2562 1501,2559 1613,2555 1726,2550 1838,2546 1950,2543 2063,2539 2175,2535 2287,2532 2399,2528 2512,2524 2624,2520 2736,2516 2849,2512 2961,2507 3073,2504 3186,2498"
                         HEIGHT="158"
                         WIDTH="2274"
                         VPOS="2439"
                         HPOS="924">
                  <String ID="string_region_1638885801776_2414l40"
                          HEIGHT="158"
                          WIDTH="2274"
                          VPOS="2439"
                          HPOS="924"
                          CONTENT="mons. Desen alleen tot advies als den deventer bay al nul hebbe toe "/>
               </TextLine>
               <TextLine ID="region_1638885801776_2414l41"
                         BASELINE="944,2654 1052,2650 1161,2646 1270,2643 1378,2638 1487,2634 1596,2630 1704,2626 1813,2624 1922,2619 2031,2616 2139,2612 2248,2608 2357,2605 2465,2602 2574,2599 2683,2596 2791,2594 2900,2591 3009,2588 3118,2586"
                         HEIGHT="151"
                         WIDTH="2203"
                         VPOS="2553"
                         HPOS="928">
                  <String ID="string_region_1638885801776_2414l41"
                          HEIGHT="151"
                          WIDTH="2203"
                          VPOS="2553"
                          HPOS="928"
                          CONTENT="souden pr beurtschip hebbe hem gestelt ul daer voor gedes a ƒ48:"/>
               </TextLine>
               <TextLine ID="region_1638885801776_2414l42"
                         BASELINE="926,2728 1035,2727 1144,2724 1253,2722 1362,2719 1471,2716 1580,2712 1689,2707 1798,2702 1907,2698 2016,2693 2125,2688 2234,2682 2343,2676 2452,2671 2561,2667 2670,2662 2779,2657 2888,2652 2997,2648 3106,2644"
                         HEIGHT="149"
                         WIDTH="2213"
                         VPOS="2598"
                         HPOS="911">
                  <String ID="string_region_1638885801776_2414l42"
                          HEIGHT="149"
                          WIDTH="2213"
                          VPOS="2598"
                          HPOS="911"
                          CONTENT="gets anders tot ul dinst gelieft te commandeeren waermede blijve"/>
               </TextLine>
               <TextLine ID="region_1638885801776_2414l43"
                         BASELINE="2552,2748 2579,2743 2606,2741 2633,2738 2660,2735 2688,2733 2715,2732 2742,2731 2769,2729 2796,2728 2824,2727 2851,2726 2878,2726 2905,2726 2932,2726 2960,2726 2987,2726 3014,2726 3041,2726 3068,2726 3096,2726"
                         HEIGHT="130"
                         WIDTH="574"
                         VPOS="2660"
                         HPOS="2536">
                  <String ID="string_region_1638885801776_2414l43"
                          HEIGHT="130"
                          WIDTH="574"
                          VPOS="2660"
                          HPOS="2536"
                          CONTENT="18 Aprill 1681"/>
               </TextLine>
               <TextLine ID="region_1638885801776_2414l44"
                         BASELINE="702,2814 736,2812 770,2810 805,2808 839,2807 874,2805 908,2804 942,2802 977,2800 1011,2800 1046,2798 1080,2797 1114,2796 1149,2794 1183,2794 1218,2792 1252,2792 1286,2790 1321,2790 1355,2788 1390,2786"
                         HEIGHT="151"
                         WIDTH="721"
                         VPOS="2708"
                         HPOS="683">
                  <String ID="string_region_1638885801776_2414l44"
                          HEIGHT="151"
                          WIDTH="721"
                          VPOS="2708"
                          HPOS="683"
                          CONTENT="Brugge Raph. Coots"/>
               </TextLine>
               <TextLine ID="region_1638885801776_2414l45"
                         BASELINE="918,2882 1027,2878 1136,2876 1246,2872 1355,2869 1465,2866 1574,2862 1683,2858 1793,2854 1902,2850 2012,2846 2121,2841 2230,2838 2340,2833 2449,2828 2559,2824 2668,2820 2777,2816 2887,2812 2996,2808 3106,2804"
                         HEIGHT="172"
                         WIDTH="2218"
                         VPOS="2731"
                         HPOS="902">
                  <String ID="string_region_1638885801776_2414l45"
                          HEIGHT="172"
                          WIDTH="2218"
                          VPOS="2731"
                          HPOS="902"
                          CONTENT="Mijn h in antwoort aenden ul van 26 deser referre ul aen mijne"/>
               </TextLine>
               <TextLine ID="region_1638885801776_2414l46"
                         BASELINE="948,2964 1054,2960 1161,2956 1267,2952 1374,2948 1480,2944 1587,2938 1693,2934 1800,2930 1906,2925 2013,2920 2119,2914 2226,2909 2332,2904 2439,2899 2545,2893 2652,2888 2758,2882 2865,2878 2971,2871 3078,2866"
                         HEIGHT="174"
                         WIDTH="2163"
                         VPOS="2816"
                         HPOS="931">
                  <String ID="string_region_1638885801776_2414l46"
                          HEIGHT="174"
                          WIDTH="2163"
                          VPOS="2816"
                          HPOS="931"
                          CONTENT="van selve dat u in alleen dat pack IM„ achter uyt geseylt was te"/>
               </TextLine>
               <TextLine ID="region_1638885801776_2414l47"
                         BASELINE="934,3042 1043,3037 1152,3032 1261,3026 1370,3022 1479,3016 1588,3011 1697,3006 1806,3002 1915,2997 2024,2992 2133,2986 2242,2982 2351,2977 2460,2971 2569,2966 2678,2960 2787,2955 2896,2948 3005,2942 3114,2934"
                         HEIGHT="180"
                         WIDTH="2212"
                         VPOS="2884"
                         HPOS="918">
                  <String ID="string_region_1638885801776_2414l47"
                          HEIGHT="180"
                          WIDTH="2212"
                          VPOS="2884"
                          HPOS="918"
                          CONTENT="tot Cravesanden is blijve liggen met den welke het selve komen"/>
               </TextLine>
               <TextLine ID="region_1638885801776_2414l48"
                         BASELINE="936,3120 1044,3115 1152,3110 1260,3104 1369,3100 1477,3096 1585,3091 1694,3087 1802,3083 1910,3078 2019,3074 2127,3070 2235,3066 2343,3062 2452,3056 2560,3051 2668,3044 2777,3039 2885,3032 2993,3025 3102,3016"
                         HEIGHT="219"
                         WIDTH="2194"
                         VPOS="2957"
                         HPOS="920">
                  <String ID="string_region_1638885801776_2414l48"
                          HEIGHT="219"
                          WIDTH="2194"
                          VPOS="2957"
                          HPOS="920"
                          CONTENT="sal hebt te vernemen, sien het pack IM„2 tegemoet &amp; AT."/>
               </TextLine>
               <TextLine ID="region_1638885801776_2414l49"
                         BASELINE="934,3194 1044,3190 1154,3186 1264,3182 1374,3178 1485,3173 1595,3169 1705,3165 1815,3160 1925,3156 2036,3150 2146,3145 2256,3140 2366,3134 2476,3128 2587,3122 2697,3114 2807,3107 2917,3100 3027,3091 3138,3082"
                         HEIGHT="219"
                         WIDTH="2229"
                         VPOS="2987"
                         HPOS="918">
                  <String ID="string_region_1638885801776_2414l49"
                          HEIGHT="219"
                          WIDTH="2229"
                          VPOS="2987"
                          HPOS="918"
                          CONTENT="is oock voor mij soo sal ul het salve herrewaert te depescheren et"/>
               </TextLine>
               <TextLine ID="region_1638885801776_2414l50"
                         BASELINE="942,3278 1054,3273 1166,3266 1278,3261 1390,3256 1502,3250 1614,3245 1726,3241 1838,3236 1950,3230 2062,3226 2174,3222 2286,3217 2398,3212 2510,3207 2622,3202 2734,3197 2846,3192 2958,3186 3070,3181 3182,3174"
                         HEIGHT="226"
                         WIDTH="2276"
                         VPOS="3099"
                         HPOS="924">
                  <String ID="string_region_1638885801776_2414l50"
                          HEIGHT="226"
                          WIDTH="2276"
                          VPOS="3099"
                          HPOS="924"
                          CONTENT="N. 6 geloove nae rijssel moet waer van in Annes lay ul sal hebbe gebt"/>
               </TextLine>
               <TextLine ID="region_1638885801776_2414l51"
                         BASELINE="940,3360 1051,3354 1163,3348 1274,3342 1386,3338 1497,3334 1609,3328 1720,3324 1832,3320 1943,3316 2055,3312 2166,3309 2278,3304 2389,3300 2501,3296 2612,3291 2724,3285 2835,3281 2947,3275 3058,3268 3170,3260"
                         HEIGHT="161"
                         WIDTH="2263"
                         VPOS="3215"
                         HPOS="922">
                  <String ID="string_region_1638885801776_2414l51"
                          HEIGHT="161"
                          WIDTH="2263"
                          VPOS="3215"
                          HPOS="922"
                          CONTENT="aen boort richdpruder van Hull verwaght M„N.10 met 12 nortse"/>
               </TextLine>
               <TextLine ID="region_1638885801776_2414l52"
                         BASELINE="916,3462 1027,3453 1139,3444 1250,3438 1362,3431 1473,3425 1585,3420 1696,3414 1808,3410 1919,3405 2031,3401 2142,3398 2254,3393 2365,3389 2477,3385 2588,3381 2700,3376 2811,3372 2923,3366 3034,3360 3146,3354"
                         HEIGHT="167"
                         WIDTH="2260"
                         VPOS="3312"
                         HPOS="900">
                  <String ID="string_region_1638885801776_2414l52"
                          HEIGHT="167"
                          WIDTH="2260"
                          VPOS="3312"
                          HPOS="900"
                          CONTENT="lakens die arriveerende gelieft herrewaert t depescheren, bedancke "/>
               </TextLine>
               <TextLine ID="region_1638885801776_2414l53"
                         BASELINE="940,3540 1048,3534 1157,3526 1266,3520 1374,3513 1483,3508 1592,3504 1700,3498 1809,3494 1918,3490 2027,3484 2135,3482 2244,3478 2353,3474 2461,3472 2570,3469 2679,3466 2787,3464 2896,3462 3005,3460 3114,3458"
                         HEIGHT="124"
                         WIDTH="2205"
                         VPOS="3425"
                         HPOS="924">
                  <String ID="string_region_1638885801776_2414l53"
                          HEIGHT="124"
                          WIDTH="2205"
                          VPOS="3425"
                          HPOS="924"
                          CONTENT="voorde genome moeyte den trato van ƒ4000 laets accepteeren den "/>
               </TextLine>
               <TextLine ID="region_1638885801776_2414l54"
                         BASELINE="944,3618 1052,3614 1161,3608 1270,3604 1378,3600 1487,3595 1596,3592 1704,3587 1813,3584 1922,3579 2031,3576 2139,3572 2248,3569 2357,3564 2465,3561 2574,3558 2683,3553 2791,3550 2900,3546 3009,3542 3118,3538"
                         HEIGHT="156"
                         WIDTH="2207"
                         VPOS="3480"
                         HPOS="927">
                  <String ID="string_region_1638885801776_2414l54"
                          HEIGHT="156"
                          WIDTH="2207"
                          VPOS="3480"
                          HPOS="927"
                          CONTENT="ul van £200: tot mijn last wort prompt voldaen alhoe wel"/>
               </TextLine>
               <TextLine ID="region_1638885801776_2414l55"
                         BASELINE="928,3686 1041,3683 1155,3680 1269,3676 1382,3674 1496,3672 1610,3670 1723,3667 1837,3664 1951,3662 2065,3660 2178,3657 2292,3654 2406,3650 2519,3646 2633,3642 2747,3637 2860,3632 2974,3626 3088,3619 3202,3610"
                         HEIGHT="115"
                         WIDTH="2306"
                         VPOS="3586"
                         HPOS="911">
                  <String ID="string_region_1638885801776_2414l55"
                          HEIGHT="115"
                          WIDTH="2306"
                          VPOS="3586"
                          HPOS="911"
                          CONTENT="met de casseir seer chars ben is sack A.A.N.6 niet nae rijssel moet "/>
               </TextLine>
               <TextLine ID="region_1638885801776_2414l56"
                         BASELINE="942,3766 1049,3762 1156,3759 1263,3756 1371,3752 1478,3750 1585,3746 1693,3744 1800,3740 1907,3738 2015,3734 2122,3731 2229,3728 2336,3724 2444,3720 2551,3716 2658,3710 2766,3706 2873,3700 2980,3695 3088,3688"
                         HEIGHT="148"
                         WIDTH="2175"
                         VPOS="3653"
                         HPOS="927">
                  <String ID="string_region_1638885801776_2414l56"
                          HEIGHT="148"
                          WIDTH="2175"
                          VPOS="3653"
                          HPOS="927"
                          CONTENT="&amp; stoffen sijn, soo sal die voor mij verwaghte doch daer over sal "/>
               </TextLine>
               <TextLine ID="region_1638885801776_2414l57"
                         BASELINE="938,3848 1039,3847 1140,3846 1241,3844 1342,3842 1443,3840 1544,3839 1645,3836 1746,3834 1847,3832 1948,3829 2049,3826 2150,3821 2251,3816 2352,3810 2453,3804 2554,3796 2655,3788 2756,3779 2857,3768 2958,3758"
                         HEIGHT="155"
                         WIDTH="2054"
                         VPOS="3713"
                         HPOS="921">
                  <String ID="string_region_1638885801776_2414l57"
                          HEIGHT="155"
                          WIDTH="2054"
                          VPOS="3713"
                          HPOS="921"
                          CONTENT="m. Annes lay aen ul hebbe geschreven terwijlen nae groetn"/>
               </TextLine>
               <TextLine ID="region_1638885801776_2414l58"
                         BASELINE="2548,3868 2574,3867 2600,3866 2626,3866 2652,3865 2678,3864 2704,3862 2730,3860 2756,3858 2782,3856 2809,3854 2835,3852 2861,3850 2887,3848 2913,3847 2939,3846 2965,3845 2991,3843 3017,3842 3043,3842 3070,3842"
                         HEIGHT="137"
                         WIDTH="556"
                         VPOS="3779"
                         HPOS="2531">
                  <String ID="string_region_1638885801776_2414l58"
                          HEIGHT="137"
                          WIDTH="556"
                          VPOS="3779"
                          HPOS="2531"
                          CONTENT="18 Aprill 1681"/>
               </TextLine>
               <TextLine ID="region_1638885801776_2414l59"
                         BASELINE="704,3900 739,3898 775,3896 810,3896 846,3896 882,3896 917,3896 953,3896 988,3896 1024,3898 1060,3899 1095,3900 1131,3900 1166,3902 1202,3902 1238,3902 1273,3902 1309,3902 1344,3902 1380,3901 1416,3900"
                         HEIGHT="116"
                         WIDTH="745"
                         VPOS="3839"
                         HPOS="687">
                  <String ID="string_region_1638885801776_2414l59"
                          HEIGHT="116"
                          WIDTH="745"
                          VPOS="3839"
                          HPOS="687"
                          CONTENT="Turnhout P: mertens"/>
               </TextLine>
               <TextLine ID="region_1638885801776_2414l60"
                         BASELINE="936,3984 1047,3981 1158,3978 1269,3976 1381,3974 1492,3972 1603,3970 1715,3968 1826,3966 1937,3963 2049,3960 2160,3958 2271,3954 2382,3952 2494,3948 2605,3946 2716,3942 2828,3938 2939,3934 3050,3929 3162,3924"
                         HEIGHT="164"
                         WIDTH="2258"
                         VPOS="3865"
                         HPOS="920">
                  <String ID="string_region_1638885801776_2414l60"
                          HEIGHT="164"
                          WIDTH="2258"
                          VPOS="3865"
                          HPOS="920"
                          CONTENT="Mons 14 op 14 deser hebbe aen uls geschreven, sedert van ul geene brieft"/>
               </TextLine>
               <TextLine ID="region_1638885801776_2414l61"
                         BASELINE="950,4064 1058,4064 1167,4064 1275,4062 1384,4060 1493,4058 1601,4056 1710,4054 1818,4050 1927,4048 2036,4043 2144,4040 2253,4035 2361,4030 2470,4026 2579,4020 2687,4014 2796,4009 2904,4002 3013,3995 3122,3990"
                         HEIGHT="178"
                         WIDTH="2203"
                         VPOS="3948"
                         HPOS="934">
                  <String ID="string_region_1638885801776_2414l61"
                          HEIGHT="178"
                          WIDTH="2203"
                          VPOS="3948"
                          HPOS="934"
                          CONTENT="ontfangen ul sal gelieven voor mij opt selten 6 stuken 2¼ 3 segels"/>
               </TextLine>
               <TextLine ID="region_1638885801776_2414l62"
                         BASELINE="918,4152 1029,4154 1140,4153 1252,4152 1363,4150 1475,4147 1586,4144 1697,4140 1809,4136 1920,4131 2032,4127 2143,4122 2254,4116 2366,4112 2477,4107 2589,4103 2700,4098 2811,4095 2923,4092 3034,4090 3146,4088"
                         HEIGHT="118"
                         WIDTH="2261"
                         VPOS="4053"
                         HPOS="902">
                  <String ID="string_region_1638885801776_2414l62"
                          HEIGHT="118"
                          WIDTH="2261"
                          VPOS="4053"
                          HPOS="902"
                          CONTENT="&amp; die ten alveer eerst af te werckn alsoo daer om verlegen ten &amp; sine"/>
               </TextLine>
               <TextLine ID="region_1638885801776_2414l63"
                         BASELINE="926,4236 1035,4234 1144,4230 1253,4228 1362,4224 1472,4221 1581,4218 1690,4214 1799,4210 1908,4207 2018,4204 2127,4200 2236,4196 2345,4192 2454,4187 2564,4184 2673,4179 2782,4174 2891,4168 3000,4164 3110,4158"
                         HEIGHT="154"
                         WIDTH="2217"
                         VPOS="4099"
                         HPOS="909">
                  <String ID="string_region_1638885801776_2414l63"
                          HEIGHT="154"
                          WIDTH="2217"
                          VPOS="4099"
                          HPOS="909"
                          CONTENT="demnos daer bij dat ul kan, maer de 15 &amp; segel moete hebbe"/>
               </TextLine>
               <TextLine ID="region_1638885801776_2414l64"
                         BASELINE="938,4320 1004,4318 1071,4315 1138,4312 1204,4310 1271,4307 1338,4304 1404,4302 1471,4300 1538,4298 1605,4295 1671,4293 1738,4292 1805,4290 1871,4288 1938,4286 2005,4284 2071,4282 2138,4280 2205,4280 2272,4278"
                         HEIGHT="138"
                         WIDTH="1365"
                         VPOS="4220"
                         HPOS="922">
                  <String ID="string_region_1638885801776_2414l64"
                          HEIGHT="138"
                          WIDTH="1365"
                          VPOS="4220"
                          HPOS="922"
                          CONTENT="als dan sal ul gelt betaelen waer"/>
               </TextLine>
            </TextBlock>
            <TextBlock ID="region_1638885804883_2417"
                       HEIGHT="4173"
                       WIDTH="2654"
                       VPOS="166"
                       HPOS="3289">
               <Shape>
                  <Polygon POINTS="3289,166 5943,166 5943,4339 3289,4339"/>
               </Shape>
               <TextLine ID="region_1638885804883_2417l1"
                         BASELINE="5060,248 5104,248 5148,246 5192,246 5236,246 5281,246 5325,244 5369,244 5413,244 5457,244 5502,246 5546,246 5590,246 5634,246 5678,246 5723,246 5767,246 5811,246 5855,246 5899,246 5944,246"
                         HEIGHT="104"
                         WIDTH="914"
                         VPOS="195"
                         HPOS="5045">
                  <String ID="string_region_1638885804883_2417l1"
                          HEIGHT="104"
                          WIDTH="914"
                          VPOS="195"
                          HPOS="5045"
                          CONTENT="In Antwerp 18 Aprill 81"/>
               </TextLine>
               <TextLine ID="region_1638885804883_2417l2"
                         BASELINE="3350,274 3391,272 3433,270 3474,268 3516,266 3558,263 3599,261 3641,260 3682,258 3724,256 3766,256 3807,254 3849,254 3890,254 3932,254 3974,254 4015,256 4057,259 4098,260 4140,264 4182,268"
                         HEIGHT="133"
                         WIDTH="864"
                         VPOS="182"
                         HPOS="3334">
                  <String ID="string_region_1638885804883_2417l2"
                          HEIGHT="133"
                          WIDTH="864"
                          VPOS="182"
                          HPOS="3334"
                          CONTENT="Lille Rithd. Southell"/>
               </TextLine>
               <TextLine ID="region_1638885804883_2417l3"
                         BASELINE="4434,292 4462,295 4490,296 4518,298 4546,296"
                         HEIGHT="104"
                         WIDTH="144"
                         VPOS="227"
                         HPOS="4419">
                  <String ID="string_region_1638885804883_2417l3"
                          HEIGHT="104"
                          WIDTH="144"
                          VPOS="227"
                          HPOS="4419"
                          CONTENT="th"/>
               </TextLine>
               <TextLine ID="region_1638885804883_2417l4"
                         BASELINE="5904,308 5944,304"
                         HEIGHT="72"
                         WIDTH="75"
                         VPOS="253"
                         HPOS="5885">
                  <String ID="string_region_1638885804883_2417l4"
                          HEIGHT="72"
                          WIDTH="75"
                          VPOS="253"
                          HPOS="5885"
                          CONTENT="2y"/>
               </TextLine>
               <TextLine ID="region_1638885804883_2417l5"
                         BASELINE="4252,314 4290,320"
                         HEIGHT="87"
                         WIDTH="80"
                         VPOS="255"
                         HPOS="4232">
                  <String ID="string_region_1638885804883_2417l5"
                          HEIGHT="87"
                          WIDTH="80"
                          VPOS="255"
                          HPOS="4232"
                          CONTENT="13"/>
               </TextLine>
               <TextLine ID="region_1638885804883_2417l6"
                         BASELINE="3622,340 3737,344 3853,346 3969,350 4085,352 4201,356 4316,356 4432,359 4548,360 4664,362 4780,364 4895,364 5011,366 5127,368 5243,368 5359,370 5474,372 5590,374 5706,376 5822,378 5938,380"
                         HEIGHT="153"
                         WIDTH="2346"
                         VPOS="248"
                         HPOS="3608">
                  <String ID="string_region_1638885804883_2417l6"
                          HEIGHT="153"
                          WIDTH="2346"
                          VPOS="248"
                          HPOS="3608"
                          CONTENT="Sr. in answer to yd of 16: curitt sand here inclosed first &amp; second bill of "/>
               </TextLine>
               <TextLine ID="region_1638885804883_2417l7"
                         BASELINE="3608,434 3724,432 3841,432 3957,432 4074,432 4190,434 4307,434 4423,436 4540,436 4656,438 4773,438 4889,440 5006,442 5122,444 5239,444 5355,446 5472,448 5588,450 5705,452 5821,454 5938,456"
                         HEIGHT="134"
                         WIDTH="2361"
                         VPOS="351"
                         HPOS="3594">
                  <String ID="string_region_1638885804883_2417l7"
                          HEIGHT="134"
                          WIDTH="2361"
                          VPOS="351"
                          HPOS="3594"
                          CONTENT="£100: t att 2ƒso att the charge of francus muller in london for which"/>
               </TextLine>
               <TextLine ID="region_1638885804883_2417l8"
                         BASELINE="3626,508 3741,508 3857,506 3973,506 4089,506 4205,508 4321,508 4437,510 4553,512 4669,512 4785,514 4900,516 5016,517 5132,518 5248,520 5364,520 5480,520 5596,520 5712,518 5828,516 5944,514"
                         HEIGHT="105"
                         WIDTH="2349"
                         VPOS="458"
                         HPOS="3609">
                  <String ID="string_region_1638885804883_2417l8"
                          HEIGHT="105"
                          WIDTH="2349"
                          VPOS="458"
                          HPOS="3609"
                          CONTENT="please to give mee creditt, as also for £22:11:3 which I remitt youor"/>
               </TextLine>
               <TextLine ID="region_1638885804883_2417l9"
                         BASELINE="3624,574 3738,577 3853,578 3967,580 4082,582 4196,584 4311,585 4425,586 4540,588 4654,588 4769,590 4883,590 4998,590 5112,590 5227,590 5341,590 5456,590 5570,590 5685,588 5799,588 5914,586"
                         HEIGHT="120"
                         WIDTH="2319"
                         VPOS="530"
                         HPOS="3610">
                  <String ID="string_region_1638885804883_2417l9"
                          HEIGHT="120"
                          WIDTH="2319"
                          VPOS="530"
                          HPOS="3610"
                          CONTENT="peeter stelen for which please to procure the needfull, as to the stuff"/>
               </TextLine>
               <TextLine ID="region_1638885804883_2417l10"
                         BASELINE="3606,656 3722,654 3839,652 3956,650 4072,650 4189,652 4306,652 4422,654 4539,656 4656,658 4773,660 4889,662 5006,664 5123,666 5239,668 5356,668 5473,670 5589,668 5706,668 5823,666 5940,662"
                         HEIGHT="119"
                         WIDTH="2363"
                         VPOS="596"
                         HPOS="3592">
                  <String ID="string_region_1638885804883_2417l10"
                          HEIGHT="119"
                          WIDTH="2363"
                          VPOS="596"
                          HPOS="3592"
                          CONTENT="acctt. you shall have on other extrct p first, because I finde itt right"/>
               </TextLine>
               <TextLine ID="region_1638885804883_2417l11"
                         BASELINE="3612,732 3724,728 3837,724 3949,724 4062,722 4175,722 4287,723 4400,724 4512,726 4625,728 4738,730 4850,732 4963,734 5075,734 5188,736 5301,736 5413,736 5526,736 5638,734 5751,732 5864,728"
                         HEIGHT="123"
                         WIDTH="2283"
                         VPOS="665"
                         HPOS="3597">
                  <String ID="string_region_1638885804883_2417l11"
                          HEIGHT="123"
                          WIDTH="2283"
                          VPOS="665"
                          HPOS="3597"
                          CONTENT="I have reed patt of one pack of Dozins from H.M of N. stils"/>
               </TextLine>
               <TextLine ID="region_1638885804883_2417l12"
                         BASELINE="3608,800 3724,796 3840,794 3957,792 4073,792 4190,790 4306,792 4422,792 4539,794 4655,794 4772,796 4888,798 5004,798 5121,800 5237,800 5354,800 5470,800 5586,798 5703,796 5819,794 5936,790"
                         HEIGHT="104"
                         WIDTH="2357"
                         VPOS="741"
                         HPOS="3594">
                  <String ID="string_region_1638885804883_2417l12"
                          HEIGHT="104"
                          WIDTH="2357"
                          VPOS="741"
                          HPOS="3594"
                          CONTENT="buying they promise verj well the bale of northrens for which you "/>
               </TextLine>
               <TextLine ID="region_1638885804883_2417l13"
                         BASELINE="3620,868 3735,864 3851,861 3967,858 4083,858 4199,856 4315,856 4431,858 4547,858 4663,860 4779,862 4894,864 5010,864 5126,866 5242,866 5358,866 5474,866 5590,866 5706,864 5822,861 5938,856"
                         HEIGHT="108"
                         WIDTH="2349"
                         VPOS="808"
                         HPOS="3605">
                  <String ID="string_region_1638885804883_2417l13"
                          HEIGHT="108"
                          WIDTH="2349"
                          VPOS="808"
                          HPOS="3605"
                          CONTENT="was engaged for yd share in asseuvance is arrived att rotterdam waen "/>
               </TextLine>
               <TextLine ID="region_1638885804883_2417l14"
                         BASELINE="3602,938 3715,936 3829,934 3942,933 4056,932 4170,932 4283,932 4397,932 4510,932 4624,933 4738,934 4851,934 4965,934 5078,934 5192,934 5306,934 5419,932 5533,931 5646,928 5760,926 5874,922"
                         HEIGHT="95"
                         WIDTH="2304"
                         VPOS="869"
                         HPOS="3586">
                  <String ID="string_region_1638885804883_2417l14"
                          HEIGHT="95"
                          WIDTH="2304"
                          VPOS="869"
                          HPOS="3586"
                          CONTENT="they be here, you shall know how they prove I have brought this day"/>
               </TextLine>
               <TextLine ID="region_1638885804883_2417l15"
                         BASELINE="3616,1018 3730,1012 3844,1008 3958,1004 4072,1000 4186,1000 4300,998 4414,998 4528,998 4642,998 4756,1000 4870,1000 4984,1000 5098,1000 5212,1002 5326,1000 5440,1000 5554,998 5668,996 5782,992 5896,988"
                         HEIGHT="135"
                         WIDTH="2310"
                         VPOS="913"
                         HPOS="3601">
                  <String ID="string_region_1638885804883_2417l15"
                          HEIGHT="135"
                          WIDTH="2310"
                          VPOS="913"
                          HPOS="3601"
                          CONTENT="a puck of gold &amp; black eulloured serges 22 yd here in towne att o25 "/>
               </TextLine>
               <TextLine ID="region_1638885804883_2417l16"
                         BASELINE="3600,1092 3716,1088 3832,1082 3949,1080 4065,1076 4182,1074 4298,1074 4414,1072 4531,1072 4647,1072 4764,1070 4880,1070 4996,1070 5113,1068 5229,1068 5346,1066 5462,1062 5578,1058 5695,1055 5811,1049 5928,1042"
                         HEIGHT="124"
                         WIDTH="2358"
                         VPOS="994"
                         HPOS="3584">
                  <String ID="string_region_1638885804883_2417l16"
                          HEIGHT="124"
                          WIDTH="2358"
                          VPOS="994"
                          HPOS="3584"
                          CONTENT="which willl serve mee to sett of the grayes, in case the bale ftrhs"/>
               </TextLine>
               <TextLine ID="region_1638885804883_2417l17"
                         BASELINE="3612,1166 3727,1159 3843,1153 3959,1148 4075,1144 4191,1142 4307,1140 4423,1138 4539,1138 4655,1138 4771,1138 4886,1138 5002,1136 5118,1136 5234,1136 5350,1134 5466,1132 5582,1128 5698,1124 5814,1118 5930,1112"
                         HEIGHT="127"
                         WIDTH="2349"
                         VPOS="1064"
                         HPOS="3597">
                  <String ID="string_region_1638885804883_2417l17"
                          HEIGHT="127"
                          WIDTH="2349"
                          VPOS="1064"
                          HPOS="3597"
                          CONTENT="bo not for you should desire itt to be sent hether in case you can"/>
               </TextLine>
               <TextLine ID="region_1638885804883_2417l18"
                         BASELINE="3608,1232 3701,1226 3794,1220 3887,1218 3981,1214 4074,1211 4167,1208 4261,1206 4354,1206 4447,1204 4541,1204 4634,1202 4727,1202 4820,1200 4914,1199 5007,1198 5100,1196 5194,1194 5287,1192 5380,1188 5474,1184"
                         HEIGHT="145"
                         WIDTH="1897"
                         VPOS="1137"
                         HPOS="3592">
                  <String ID="string_region_1638885804883_2417l18"
                          HEIGHT="145"
                          WIDTH="1897"
                          VPOS="1137"
                          HPOS="3592"
                          CONTENT="spare so much time pray send mee yd tict signed &amp; so -"/>
               </TextLine>
               <TextLine ID="region_1638885804883_2417l19"
                         BASELINE="5356,1262 5381,1257 5406,1253 5431,1250 5456,1247 5481,1243 5506,1241 5531,1239 5556,1237 5582,1234 5607,1232 5632,1230 5657,1228 5682,1226 5707,1226 5732,1224 5757,1222 5782,1222 5808,1220"
                         HEIGHT="176"
                         WIDTH="486"
                         VPOS="1130"
                         HPOS="5339">
                  <String ID="string_region_1638885804883_2417l19"
                          HEIGHT="176"
                          WIDTH="486"
                          VPOS="1130"
                          HPOS="5339"
                          CONTENT="18 Aprill"/>
               </TextLine>
               <TextLine ID="region_1638885804883_2417l20"
                         BASELINE="3374,1318 3416,1316 3458,1314 3500,1312 3542,1310 3585,1308 3627,1306 3669,1304 3711,1303 3753,1302 3796,1300 3838,1298 3880,1298 3922,1296 3964,1295 4007,1294 4049,1294 4091,1292 4133,1292 4175,1290 4218,1290"
                         HEIGHT="144"
                         WIDTH="876"
                         VPOS="1215"
                         HPOS="3357">
                  <String ID="string_region_1638885804883_2417l20"
                          HEIGHT="144"
                          WIDTH="876"
                          VPOS="1215"
                          HPOS="3357"
                          CONTENT="mons PBierre meurant"/>
               </TextLine>
               <TextLine ID="region_1638885804883_2417l21"
                         BASELINE="3608,1398 3724,1391 3840,1384 3957,1377 4073,1372 4190,1368 4306,1364 4422,1362 4539,1360 4655,1358 4772,1356 4888,1356 5004,1356 5121,1354 5237,1354 5354,1354 5470,1354 5586,1353 5703,1352 5819,1350 5936,1348"
                         HEIGHT="158"
                         WIDTH="2360"
                         VPOS="1274"
                         HPOS="3592">
                  <String ID="string_region_1638885804883_2417l21"
                          HEIGHT="158"
                          WIDTH="2360"
                          VPOS="1274"
                          HPOS="3592"
                          CONTENT="mons. Je venient a recevoir la vre du 16 courant avet la lettre £100:"/>
               </TextLine>
               <TextLine ID="region_1638885804883_2417l22"
                         BASELINE="3604,1478 3721,1474 3838,1468 3955,1464 4072,1460 4189,1457 4306,1454 4423,1452 4540,1450 4657,1448 4774,1446 4891,1444 5008,1444 5125,1442 5242,1440 5359,1438 5476,1437 5593,1434 5710,1432 5827,1430 5944,1428"
                         HEIGHT="134"
                         WIDTH="2372"
                         VPOS="1385"
                         HPOS="3587">
                  <String ID="string_region_1638885804883_2417l22"
                          HEIGHT="134"
                          WIDTH="2372"
                          VPOS="1385"
                          HPOS="3587"
                          CONTENT="A lacharge de mons Donguers in dosseir, et aussi aust cell ala charg"/>
               </TextLine>
               <TextLine ID="region_1638885804883_2417l23"
                         BASELINE="3610,1554 3726,1552 3842,1550 3958,1548 4074,1546 4190,1544 4306,1542 4422,1542 4538,1540 4654,1538 4771,1537 4887,1536 5003,1534 5119,1530 5235,1528 5351,1525 5467,1520 5583,1517 5699,1512 5815,1506 5932,1500"
                         HEIGHT="158"
                         WIDTH="2354"
                         VPOS="1434"
                         HPOS="3594">
                  <String ID="string_region_1638885804883_2417l23"
                          HEIGHT="158"
                          WIDTH="2354"
                          VPOS="1434"
                          HPOS="3594"
                          CONTENT="demons Batt, frement de £122: jene doubt pas a la satisfactto"/>
               </TextLine>
               <TextLine ID="region_1638885804883_2417l24"
                         BASELINE="3578,1626 3696,1622 3814,1620 3932,1618 4050,1617 4168,1616 4286,1616 4404,1616 4522,1614 4640,1614 4759,1614 4877,1613 4995,1612 5113,1610 5231,1606 5349,1604 5467,1600 5585,1593 5703,1586 5821,1579 5940,1570"
                         HEIGHT="148"
                         WIDTH="2394"
                         VPOS="1507"
                         HPOS="3563">
                  <String ID="string_region_1638885804883_2417l24"
                          HEIGHT="148"
                          WIDTH="2394"
                          VPOS="1507"
                          HPOS="3563"
                          CONTENT="de touts danw fourhant or est vendu &amp; amieux pris que je ne attende"/>
               </TextLine>
               <TextLine ID="region_1638885804883_2417l25"
                         BASELINE="3602,1694 3718,1694 3835,1693 3951,1692 4068,1692 4184,1692 4301,1692 4417,1690 4534,1690 4650,1690 4767,1688 4883,1688 5000,1686 5116,1684 5233,1682 5349,1679 5466,1675 5582,1671 5699,1666 5815,1662 5932,1656"
                         HEIGHT="112"
                         WIDTH="2360"
                         VPOS="1615"
                         HPOS="3586">
                  <String ID="string_region_1638885804883_2417l25"
                          HEIGHT="112"
                          WIDTH="2360"
                          VPOS="1615"
                          HPOS="3586"
                          CONTENT="point avre senir cy nous accommoderons touts, je p tray vre lettre"/>
               </TextLine>
               <TextLine ID="region_1638885804883_2417l26"
                         BASELINE="3600,1780 3717,1776 3834,1772 3951,1768 4068,1766 4186,1763 4303,1762 4420,1760 4537,1758 4654,1756 4772,1756 4889,1754 5006,1752 5123,1750 5240,1748 5358,1746 5475,1742 5592,1738 5709,1734 5826,1728 5944,1722"
                         HEIGHT="135"
                         WIDTH="2376"
                         VPOS="1666"
                         HPOS="3582">
                  <String ID="string_region_1638885804883_2417l26"
                          HEIGHT="135"
                          WIDTH="2376"
                          VPOS="1666"
                          HPOS="3582"
                          CONTENT="de ƒ400: quand il vendrat, et donneray adiies a vre grace ausitonts"/>
               </TextLine>
               <TextLine ID="region_1638885804883_2417l27"
                         BASELINE="3618,1854 3731,1850 3845,1846 3959,1842 4072,1838 4186,1836 4300,1834 4413,1832 4527,1830 4641,1829 4755,1828 4868,1826 4982,1824 5096,1822 5209,1820 5323,1818 5437,1816 5550,1813 5664,1809 5778,1805 5892,1800"
                         HEIGHT="126"
                         WIDTH="2303"
                         VPOS="1753"
                         HPOS="3602">
                  <String ID="string_region_1638885804883_2417l27"
                          HEIGHT="126"
                          WIDTH="2303"
                          VPOS="1753"
                          HPOS="3602"
                          CONTENT="qu'il serat presente pour ledraps la chemain que vient is attent un"/>
               </TextLine>
               <TextLine ID="region_1638885804883_2417l28"
                         BASELINE="3614,1928 3727,1924 3840,1921 3953,1918 4067,1916 4180,1914 4293,1912 4407,1910 4520,1908 4633,1906 4747,1905 4860,1903 4973,1900 5086,1898 5200,1896 5313,1893 5426,1888 5540,1885 5653,1880 5766,1874 5880,1868"
                         HEIGHT="153"
                         WIDTH="2298"
                         VPOS="1806"
                         HPOS="3597">
                  <String ID="string_region_1638885804883_2417l28"
                          HEIGHT="153"
                          WIDTH="2298"
                          VPOS="1806"
                          HPOS="3597"
                          CONTENT="grand assortement in touts prus en legull que vous trouverey wl"/>
               </TextLine>
               <TextLine ID="region_1638885804883_2417l29"
                         BASELINE="3604,2008 3718,2002 3832,1998 3946,1994 4060,1992 4174,1990 4288,1988 4402,1986 4516,1984 4630,1982 4744,1980 4858,1978 4972,1976 5086,1974 5200,1970 5314,1968 5428,1962 5542,1957 5656,1950 5770,1942 5884,1934"
                         HEIGHT="151"
                         WIDTH="2314"
                         VPOS="1864"
                         HPOS="3587">
                  <String ID="string_region_1638885804883_2417l29"
                          HEIGHT="151"
                          WIDTH="2314"
                          VPOS="1864"
                          HPOS="3587"
                          CONTENT="contentement misjue plijs grandpert depremier pertije enven de"/>
               </TextLine>
               <TextLine ID="region_1638885804883_2417l30"
                         BASELINE="5272,2076 5303,2075 5334,2074 5365,2073 5396,2072 5428,2071 5459,2069 5490,2068 5521,2066 5552,2065 5584,2062 5615,2062 5646,2060 5677,2059 5708,2057 5740,2056 5771,2054 5802,2054 5833,2052 5864,2052 5896,2052"
                         HEIGHT="150"
                         WIDTH="658"
                         VPOS="1982"
                         HPOS="5254">
                  <String ID="string_region_1638885804883_2417l30"
                          HEIGHT="150"
                          WIDTH="658"
                          VPOS="1982"
                          HPOS="5254"
                          CONTENT="19 Aprill 1681"/>
               </TextLine>
               <TextLine ID="region_1638885804883_2417l31"
                         BASELINE="3598,2080 3640,2078 3683,2076 3726,2074 3769,2072 3812,2071 3855,2070 3898,2068 3941,2068 3984,2067 4027,2066 4069,2066 4112,2064 4155,2064 4198,2064 4241,2062 4284,2062 4327,2060 4370,2060 4413,2058 4456,2056"
                         HEIGHT="147"
                         WIDTH="890"
                         VPOS="1982"
                         HPOS="3582">
                  <String ID="string_region_1638885804883_2417l31"
                          HEIGHT="147"
                          WIDTH="890"
                          VPOS="1982"
                          HPOS="3582"
                          CONTENT="Zellen ue vous serv d'aves"/>
               </TextLine>
               <TextLine ID="region_1638885804883_2417l32"
                         BASELINE="3344,2156 3376,2154 3409,2154 3441,2152 3474,2151 3506,2150 3539,2150 3571,2150 3604,2149 3636,2148 3669,2148 3701,2146 3734,2146 3766,2145 3799,2144 3831,2144 3864,2142 3896,2140 3929,2139 3961,2137 3994,2134"
                         HEIGHT="146"
                         WIDTH="684"
                         VPOS="2040"
                         HPOS="3326">
                  <String ID="string_region_1638885804883_2417l32"
                          HEIGHT="146"
                          WIDTH="684"
                          VPOS="2040"
                          HPOS="3326"
                          CONTENT="London George Cole"/>
               </TextLine>
               <TextLine ID="region_1638885804883_2417l33"
                         BASELINE="4332,2178 4372,2178"
                         HEIGHT="80"
                         WIDTH="68"
                         VPOS="2119"
                         HPOS="4319">
                  <String ID="string_region_1638885804883_2417l33"
                          HEIGHT="80"
                          WIDTH="68"
                          VPOS="2119"
                          HPOS="4319"
                          CONTENT="th"/>
               </TextLine>
               <TextLine ID="region_1638885804883_2417l34"
                         BASELINE="3612,2234 3728,2234 3844,2232 3960,2232 4076,2230 4193,2230 4309,2229 4425,2228 4541,2226 4657,2226 4774,2224 4890,2222 5006,2220 5122,2218 5238,2216 5355,2214 5471,2210 5587,2206 5703,2203 5819,2198 5936,2194"
                         HEIGHT="170"
                         WIDTH="2352"
                         VPOS="2112"
                         HPOS="3598">
                  <String ID="string_region_1638885804883_2417l34"
                          HEIGHT="170"
                          WIDTH="2352"
                          VPOS="2112"
                          HPOS="3598"
                          CONTENT="S in answer to yd of 31: past seeng you do finde no errors in the acctt. of JS"/>
               </TextLine>
               <TextLine ID="region_1638885804883_2417l35"
                         BASELINE="3568,2316 3681,2312 3794,2310 3908,2308 4021,2306 4135,2306 4248,2306 4361,2306 4475,2306 4588,2306 4702,2306 4815,2306 4928,2306 5042,2304 5155,2304 5269,2300 5382,2297 5495,2294 5609,2288 5722,2280 5836,2272"
                         HEIGHT="133"
                         WIDTH="2299"
                         VPOS="2204"
                         HPOS="3553">
                  <String ID="string_region_1638885804883_2417l35"
                          HEIGHT="133"
                          WIDTH="2299"
                          VPOS="2204"
                          HPOS="3553"
                          CONTENT="wee will then keepe itt advisted, Ishall not faile to remitt you as soone, as"/>
               </TextLine>
               <TextLine ID="region_1638885804883_2417l36"
                         BASELINE="3592,2374 3708,2374 3825,2374 3942,2374 4058,2376 4175,2376 4292,2378 4408,2378 4525,2380 4642,2380 4759,2382 4875,2382 4992,2380 5109,2380 5225,2378 5342,2374 5459,2370 5575,2364 5692,2357 5809,2350 5926,2340"
                         HEIGHT="158"
                         WIDTH="2367"
                         VPOS="2253"
                         HPOS="3575">
                  <String ID="string_region_1638885804883_2417l36"
                          HEIGHT="158"
                          WIDTH="2367"
                          VPOS="2253"
                          HPOS="3575"
                          CONTENT="monyes comes in onthat acctt. on which you may relye, haveing att present "/>
               </TextLine>
               <TextLine ID="region_1638885804883_2417l37"
                         BASELINE="3584,2446 3701,2442 3819,2440 3936,2439 4054,2438 4172,2440 4289,2440 4407,2442 4524,2444 4642,2444 4760,2446 4877,2446 4995,2446 5112,2446 5230,2444 5348,2442 5465,2437 5583,2431 5700,2422 5818,2412 5936,2400"
                         HEIGHT="130"
                         WIDTH="2384"
                         VPOS="2370"
                         HPOS="3568">
                  <String ID="string_region_1638885804883_2417l37"
                          HEIGHT="130"
                          WIDTH="2384"
                          VPOS="2370"
                          HPOS="3568"
                          CONTENT="some in cash, which I hope shall in crease to remitt you p very first: the bill"/>
               </TextLine>
               <TextLine ID="region_1638885804883_2417l38"
                         BASELINE="3566,2512 3684,2508 3802,2505 3920,2502 4038,2502 4156,2502 4274,2504 4392,2504 4510,2506 4628,2508 4747,2510 4865,2510 4983,2512 5101,2512 5219,2512 5337,2510 5455,2506 5573,2502 5691,2496 5809,2488 5928,2478"
                         HEIGHT="149"
                         WIDTH="2393"
                         VPOS="2413"
                         HPOS="3551">
                  <String ID="string_region_1638885804883_2417l38"
                          HEIGHT="149"
                          WIDTH="2393"
                          VPOS="2413"
                          HPOS="3551"
                          CONTENT="of ƒ4000 hath been brought to mee with desire to procure acceptance att ostend"/>
               </TextLine>
               <TextLine ID="region_1638885804883_2417l39"
                         BASELINE="3596,2592 3712,2588 3828,2586 3944,2584 4060,2582 4177,2582 4293,2582 4409,2582 4525,2582 4641,2582 4758,2582 4874,2582 4990,2582 5106,2580 5222,2579 5339,2578 5455,2574 5571,2572 5687,2567 5803,2562 5920,2556"
                         HEIGHT="134"
                         WIDTH="2354"
                         VPOS="2498"
                         HPOS="3581">
                  <String ID="string_region_1638885804883_2417l39"
                          HEIGHT="134"
                          WIDTH="2354"
                          VPOS="2498"
                          HPOS="3581"
                          CONTENT="which I have don &amp;recd back accepted, so that I doubt not butt itt will be duely"/>
               </TextLine>
               <TextLine ID="region_1638885804883_2417l40"
                         BASELINE="3596,2660 3710,2658 3824,2656 3938,2654 4052,2654 4167,2654 4281,2652 4395,2652 4509,2652 4623,2652 4738,2650 4852,2650 4966,2648 5080,2646 5194,2645 5309,2642 5423,2638 5537,2634 5651,2630 5765,2624 5880,2616"
                         HEIGHT="142"
                         WIDTH="2316"
                         VPOS="2563"
                         HPOS="3579">
                  <String ID="string_region_1638885804883_2417l40"
                          HEIGHT="142"
                          WIDTH="2316"
                          VPOS="2563"
                          HPOS="3579"
                          CONTENT="paijd, whoever in case not itt shall be discharged bij mee for yd konour: my"/>
               </TextLine>
               <TextLine ID="region_1638885804883_2417l41"
                         BASELINE="3576,2746 3688,2740 3801,2736 3913,2733 4026,2730 4138,2728 4251,2728 4363,2728 4476,2727 4588,2726 4701,2726 4813,2726 4926,2724 5038,2722 5151,2720 5263,2718 5376,2712 5488,2706 5601,2700 5713,2689 5826,2678"
                         HEIGHT="120"
                         WIDTH="2279"
                         VPOS="2644"
                         HPOS="3560">
                  <String ID="string_region_1638885804883_2417l41"
                          HEIGHT="120"
                          WIDTH="2279"
                          VPOS="2644"
                          HPOS="3560"
                          CONTENT="thanckes for yd advise for the stuffs I shall hake itt in condiseration to "/>
               </TextLine>
               <TextLine ID="region_1638885804883_2417l42"
                         BASELINE="3576,2814 3687,2810 3799,2806 3911,2804 4023,2802 4135,2800 4247,2800 4359,2800 4471,2800 4583,2798 4695,2798 4806,2798 4918,2796 5030,2794 5142,2792 5254,2788 5366,2784 5478,2777 5590,2770 5702,2763 5814,2752"
                         HEIGHT="118"
                         WIDTH="2267"
                         VPOS="2717"
                         HPOS="3560">
                  <String ID="string_region_1638885804883_2417l42"
                          HEIGHT="118"
                          WIDTH="2267"
                          VPOS="2717"
                          HPOS="3560"
                          CONTENT="in order some for atryall whilst I remaine with kinde saluts "/>
               </TextLine>
               <TextLine ID="region_1638885804883_2417l43"
                         BASELINE="5240,2850 5272,2847 5305,2845 5338,2842 5371,2840 5404,2839 5436,2836 5469,2835 5502,2833 5535,2830 5568,2829 5600,2828 5633,2826 5666,2825 5699,2823 5731,2822 5764,2820 5797,2820 5830,2818 5863,2817 5896,2816"
                         HEIGHT="135"
                         WIDTH="689"
                         VPOS="2755"
                         HPOS="5223">
                  <String ID="string_region_1638885804883_2417l43"
                          HEIGHT="135"
                          WIDTH="689"
                          VPOS="2755"
                          HPOS="5223"
                          CONTENT="19 Aprill 1681"/>
               </TextLine>
               <TextLine ID="region_1638885804883_2417l44"
                         BASELINE="3352,2880 3400,2878 3449,2876 3497,2874 3546,2872 3594,2870 3643,2869 3691,2868 3740,2867 3788,2866 3837,2866 3885,2866 3934,2866 3982,2866 4031,2866 4079,2866 4128,2866 4176,2866 4225,2866 4273,2866 4322,2866"
                         HEIGHT="119"
                         WIDTH="999"
                         VPOS="2794"
                         HPOS="3337">
                  <String ID="string_region_1638885804883_2417l44"
                          HEIGHT="119"
                          WIDTH="999"
                          VPOS="2794"
                          HPOS="3337"
                          CONTENT="London Arthur Himeslay "/>
               </TextLine>
               <TextLine ID="region_1638885804883_2417l45"
                         BASELINE="5206,2882 5226,2890"
                         HEIGHT="79"
                         WIDTH="64"
                         VPOS="2834"
                         HPOS="5187">
                  <String ID="string_region_1638885804883_2417l45"
                          HEIGHT="79"
                          WIDTH="64"
                          VPOS="2834"
                          HPOS="5187"
                          CONTENT="£"/>
               </TextLine>
               <TextLine ID="region_1638885804883_2417l46"
                         BASELINE="3596,2942 3712,2936 3828,2933 3945,2930 4061,2928 4178,2926 4294,2926 4410,2926 4527,2926 4643,2926 4760,2926 4876,2924 4992,2924 5109,2922 5225,2921 5342,2918 5458,2916 5574,2911 5691,2905 5807,2898 5924,2890"
                         HEIGHT="173"
                         WIDTH="2358"
                         VPOS="2806"
                         HPOS="3580">
                  <String ID="string_region_1638885804883_2417l46"
                          HEIGHT="173"
                          WIDTH="2358"
                          VPOS="2806"
                          HPOS="3580"
                          CONTENT="S my last to you was on the i5tcuritt sence recd. yd of 4: ditto as to the staff trade"/>
               </TextLine>
               <TextLine ID="region_1638885804883_2417l47"
                         BASELINE="3548,3010 3667,3006 3786,3004 3905,3004 4024,3002 4143,3000 4262,3000 4381,3000 4500,3000 4619,2998 4738,2998 4857,2996 4976,2996 5095,2994 5214,2992 5333,2988 5452,2984 5571,2980 5690,2975 5809,2967 5928,2960"
                         HEIGHT="111"
                         WIDTH="2412"
                         VPOS="2915"
                         HPOS="3531">
                  <String ID="string_region_1638885804883_2417l47"
                          HEIGHT="111"
                          WIDTH="2412"
                          VPOS="2915"
                          HPOS="3531"
                          CONTENT="less then 400 £each will drive itt as I do intend to continew, where fore shall"/>
               </TextLine>
               <TextLine ID="region_1638885804883_2417l48"
                         BASELINE="3590,3086 3706,3081 3823,3078 3940,3074 4057,3072 4174,3070 4291,3068 4408,3068 4525,3066 4642,3066 4759,3064 4875,3064 4992,3062 5109,3060 5226,3058 5343,3054 5460,3051 5577,3046 5694,3041 5811,3034 5928,3026"
                         HEIGHT="153"
                         WIDTH="2371"
                         VPOS="2976"
                         HPOS="3573">
                  <String ID="string_region_1638885804883_2417l48"
                          HEIGHT="153"
                          WIDTH="2371"
                          VPOS="2976"
                          HPOS="3573"
                          CONTENT="pr next send you the necessary instructions &amp; pattarnes for atry all, not doubting"/>
               </TextLine>
               <TextLine ID="region_1638885804883_2417l49"
                         BASELINE="3584,3154 3699,3150 3815,3144 3930,3140 4046,3138 4161,3136 4277,3136 4392,3134 4508,3134 4623,3134 4739,3134 4854,3134 4970,3132 5085,3131 5201,3130 5316,3126 5432,3122 5547,3118 5663,3112 5778,3104 5894,3094"
                         HEIGHT="123"
                         WIDTH="2343"
                         VPOS="3041"
                         HPOS="3568">
                  <String ID="string_region_1638885804883_2417l49"
                          HEIGHT="123"
                          WIDTH="2343"
                          VPOS="3041"
                          HPOS="3568"
                          CONTENT="butt to give you avery good incorridgement for I am now in the way te"/>
               </TextLine>
               <TextLine ID="region_1638885804883_2417l50"
                         BASELINE="3584,3232 3701,3226 3818,3220 3935,3216 4052,3213 4169,3210 4286,3210 4403,3208 4520,3208 4637,3208 4754,3206 4871,3206 4988,3204 5105,3203 5222,3200 5339,3197 5456,3192 5573,3185 5690,3177 5807,3169 5924,3156"
                         HEIGHT="173"
                         WIDTH="2372"
                         VPOS="3086"
                         HPOS="3568">
                  <String ID="string_region_1638885804883_2417l50"
                          HEIGHT="173"
                          WIDTH="2372"
                          VPOS="3086"
                          HPOS="3568"
                          CONTENT="make itt warth itts while &amp; when soever I shall in order fresh goods indeavour"/>
               </TextLine>
               <TextLine ID="region_1638885804883_2417l51"
                         BASELINE="3576,3312 3690,3307 3805,3304 3920,3300 4035,3298 4150,3296 4264,3294 4379,3292 4494,3292 4609,3290 4724,3288 4838,3286 4953,3283 5068,3280 5183,3276 5298,3272 5412,3266 5527,3260 5642,3252 5757,3244 5872,3234"
                         HEIGHT="162"
                         WIDTH="2326"
                         VPOS="3168"
                         HPOS="3560">
                  <String ID="string_region_1638885804883_2417l51"
                          HEIGHT="162"
                          WIDTH="2326"
                          VPOS="3168"
                          HPOS="3560"
                          CONTENT="to remitt for them as well for yd as my share the bale N.3 is arrived"/>
               </TextLine>
               <TextLine ID="region_1638885804883_2417l52"
                         BASELINE="3588,3392 3705,3388 3822,3384 3940,3380 4057,3378 4175,3376 4292,3374 4409,3372 4527,3370 4644,3370 4762,3368 4879,3366 4996,3362 5114,3358 5231,3356 5349,3350 5466,3344 5583,3338 5701,3329 5818,3319 5936,3308"
                         HEIGHT="240"
                         WIDTH="2375"
                         VPOS="3195"
                         HPOS="3573">
                  <String ID="string_region_1638885804883_2417l52"
                          HEIGHT="240"
                          WIDTH="2375"
                          VPOS="3195"
                          HPOS="3573"
                          CONTENT="p the willing minde &amp; now I finde that m. ledgingham hath dubled our munbed "/>
               </TextLine>
               <TextLine ID="region_1638885804883_2417l53"
                         BASELINE="3576,3478 3694,3471 3812,3466 3930,3461 4048,3458 4167,3454 4285,3452 4403,3450 4521,3450 4639,3448 4758,3446 4876,3444 4994,3442 5112,3440 5230,3436 5349,3430 5467,3424 5585,3418 5703,3408 5821,3397 5940,3384"
                         HEIGHT="202"
                         WIDTH="2391"
                         VPOS="3314"
                         HPOS="3561">
                  <String ID="string_region_1638885804883_2417l53"
                          HEIGHT="202"
                          WIDTH="2391"
                          VPOS="3314"
                          HPOS="3561"
                          CONTENT="which I perleave he hath effccted by asnistake of my writing &amp; hath brought"/>
               </TextLine>
               <TextLine ID="region_1638885804883_2417l54"
                         BASELINE="3592,3554 3705,3546 3819,3541 3933,3538 4047,3534 4161,3534 4275,3532 4389,3532 4503,3530 4617,3530 4731,3530 4844,3528 4958,3527 5072,3524 5186,3520 5300,3516 5414,3509 5528,3500 5642,3491 5756,3477 5870,3462"
                         HEIGHT="175"
                         WIDTH="2309"
                         VPOS="3396"
                         HPOS="3576">
                  <String ID="string_region_1638885804883_2417l54"
                          HEIGHT="175"
                          WIDTH="2309"
                          VPOS="3396"
                          HPOS="3576"
                          CONTENT="one bale for you, &amp; one for mee, whoever I am gsad tis ds for I much"/>
               </TextLine>
               <TextLine ID="region_1638885804883_2417l55"
                         BASELINE="3576,3612 3693,3610 3811,3608 3929,3606 4046,3606 4164,3606 4282,3606 4399,3606 4517,3606 4635,3606 4753,3604 4870,3604 4988,3602 5106,3599 5223,3595 5341,3590 5459,3585 5576,3578 5694,3568 5812,3558 5930,3546"
                         HEIGHT="174"
                         WIDTH="2384"
                         VPOS="3464"
                         HPOS="3561">
                  <String ID="string_region_1638885804883_2417l55"
                          HEIGHT="174"
                          WIDTH="2384"
                          VPOS="3464"
                          HPOS="3561"
                          CONTENT="want them boath &amp; hope to make a quick returne for them, so you shall"/>
               </TextLine>
               <TextLine ID="region_1638885804883_2417l56"
                         BASELINE="3584,3696 3700,3690 3816,3685 3933,3682 4049,3680 4166,3680 4282,3680 4398,3680 4515,3680 4631,3680 4748,3682 4864,3682 4980,3682 5097,3680 5213,3678 5330,3676 5446,3672 5562,3668 5679,3660 5795,3652 5912,3640"
                         HEIGHT="136"
                         WIDTH="2361"
                         VPOS="3586"
                         HPOS="3567">
                  <String ID="string_region_1638885804883_2417l56"
                          HEIGHT="136"
                          WIDTH="2361"
                          VPOS="3586"
                          HPOS="3567"
                          CONTENT="have don well to pay him, I did not order mr. Ledgingham to provide more"/>
               </TextLine>
               <TextLine ID="region_1638885804883_2417l57"
                         BASELINE="3580,3772 3696,3768 3813,3765 3929,3764 4046,3762 4163,3762 4279,3762 4396,3762 4512,3762 4629,3762 4746,3762 4862,3762 4979,3762 5095,3760 5212,3758 5329,3754 5445,3750 5562,3744 5678,3737 5795,3729 5912,3718"
                         HEIGHT="141"
                         WIDTH="2360"
                         VPOS="3669"
                         HPOS="3566">
                  <String ID="string_region_1638885804883_2417l57"
                          HEIGHT="141"
                          WIDTH="2360"
                          VPOS="3669"
                          HPOS="3566"
                          CONTENT="then in p for yd acctt. so that I did not intend, neither exspected any for my"/>
               </TextLine>
               <TextLine ID="region_1638885804883_2417l58"
                         BASELINE="3568,3844 3686,3844 3804,3842 3922,3842 4040,3842 4158,3840 4276,3840 4394,3840 4512,3840 4630,3840 4748,3840 4866,3840 4984,3840 5102,3840 5220,3838 5338,3838 5456,3836 5574,3834 5692,3832 5810,3828 5928,3826"
                         HEIGHT="129"
                         WIDTH="2390"
                         VPOS="3760"
                         HPOS="3553">
                  <String ID="string_region_1638885804883_2417l58"
                          HEIGHT="129"
                          WIDTH="2390"
                          VPOS="3760"
                          HPOS="3553"
                          CONTENT="acctt. whoever in case you please these 2 bales to be for acctt. in comp. or for yd"/>
               </TextLine>
               <TextLine ID="region_1638885804883_2417l59"
                         BASELINE="3590,3914 3706,3912 3822,3912 3938,3912 4054,3912 4170,3912 4286,3914 4402,3914 4518,3916 4634,3916 4750,3918 4866,3918 4982,3918 5098,3920 5214,3920 5330,3920 5446,3920 5562,3918 5678,3918 5794,3916 5910,3914"
                         HEIGHT="98"
                         WIDTH="2349"
                         VPOS="3874"
                         HPOS="3576">
                  <String ID="string_region_1638885804883_2417l59"
                          HEIGHT="98"
                          WIDTH="2349"
                          VPOS="3874"
                          HPOS="3576"
                          CONTENT="perticular itt shall be noted to yd order &amp; in case, you noted in salves, pray"/>
               </TextLine>
               <TextLine ID="region_1638885804883_2417l60"
                         BASELINE="3582,3986 3697,3988 3813,3988 3928,3990 4044,3992 4160,3994 4275,3996 4391,3998 4506,4000 4622,4002 4738,4002 4853,4004 4969,4004 5084,4004 5200,4004 5316,4002 5431,4000 5547,3998 5662,3993 5778,3988 5894,3982"
                         HEIGHT="136"
                         WIDTH="2342"
                         VPOS="3916"
                         HPOS="3566">
                  <String ID="string_region_1638885804883_2417l60"
                          HEIGHT="136"
                          WIDTH="2342"
                          VPOS="3916"
                          HPOS="3566"
                          CONTENT="speake to . Collier &amp; he shall presently nay you my halve share, besides "/>
               </TextLine>
               <TextLine ID="region_1638885804883_2417l61"
                         BASELINE="3564,4080 3680,4078 3797,4076 3914,4078 4031,4078 4148,4081 4265,4084 4382,4088 4499,4092 4616,4095 4733,4098 4849,4100 4966,4102 5083,4102 5200,4102 5317,4098 5434,4094 5551,4087 5668,4076 5785,4065 5902,4048"
                         HEIGHT="169"
                         WIDTH="2369"
                         VPOS="3976"
                         HPOS="3548">
                  <String ID="string_region_1638885804883_2417l61"
                          HEIGHT="169"
                          WIDTH="2369"
                          VPOS="3976"
                          HPOS="3548"
                          CONTENT="do here in closed remitt you £168: ett the charges of m. enry Collier"/>
               </TextLine>
               <TextLine ID="region_1638885804883_2417l62"
                         BASELINE="3576,4162 3691,4162 3806,4164 3921,4166 4037,4169 4152,4172 4267,4176 4383,4180 4498,4182 4613,4186 4729,4188 4844,4190 4959,4190 5074,4190 5190,4188 5305,4185 5420,4180 5536,4174 5651,4165 5766,4155 5882,4142"
                         HEIGHT="153"
                         WIDTH="2337"
                         VPOS="4087"
                         HPOS="3561">
                  <String ID="string_region_1638885804883_2417l62"
                          HEIGHT="153"
                          WIDTH="2337"
                          VPOS="4087"
                          HPOS="3561"
                          CONTENT="att 2 uso att 35:6 for yd acctt. for which please to procuire the "/>
               </TextLine>
               <TextLine ID="region_1638885804883_2417l63"
                         BASELINE="3560,4256 3663,4254 3767,4254 3870,4254 3974,4254 4078,4256 4181,4258 4285,4260 4388,4262 4492,4264 4596,4266 4699,4268 4803,4270 4906,4270 5010,4270 5114,4270 5217,4268 5321,4266 5424,4261 5528,4256 5632,4248"
                         HEIGHT="100"
                         WIDTH="2101"
                         VPOS="4181"
                         HPOS="3546">
                  <String ID="string_region_1638885804883_2417l63"
                          HEIGHT="100"
                          WIDTH="2101"
                          VPOS="4181"
                          HPOS="3546"
                          CONTENT="needfull which Iassure you of the reall inclination"/>
               </TextLine>
            </TextBlock>
         </PrintSpace>
      </Page>
   </Layout>
</alto>
