8084 4574
2370 184 769 109 In Antwerpen 19 aprill

603 201 1008 149 Dermond Malliart oft ene

891 253 2187 180 Mons. tis nu seer nae 6 maenden geleden als wanneer aen ul

926 324 2256 148 huysvrouwe verkoght hebbe een pertije goet volgens de facture aen ul

911 411 2213 152 gesonden, te betalen sonder rabat in 4 a 5 maenden hebbe mijn goet

907 470 2207 176 aen ul seer goede koop verkoght op hope vant continueeren ende dat

908 565 2263 124 ul mij prompt soude hebbe voldaen, en tot mijn leet wesen, en hebbe sedert

933 672 2195 92 van ul gelt noch persoon niet vernomen, alleen dat daer nae aen ul

924 738 2213 132 ordre de 2 serges hebbe gesonden, soo danigh manieren van handelen en

922 810 2234 105 kan niet vant prijsen, jae geloove dat en in sijn Eijgen gemoet wel kan

924 865 2152 158 ordeelen, dat ick daer mede tekort kome, oversulx terwijlen nu

914 913 2188 172 grootelijkx ben verlegen om gelt, soo bidde mij gelieft soo veelte

915 1005 2183 170 betaelen als immers mogelijck is waer op mij verlate & blijve

2663 1081 478 130 19 Aprill 1681

1876 1138 154 86 th

628 1087 906 157 London Henry Collier

937 1197 2251 93 Sr my last to you wason the 15: curitt sence non from you, so this cleefly for

893 1237 2340 153 advise that I have this day drawne on you £45„ 18:4 utt one uso payable

689 1235 83 142 ƒ

919 1322 2307 120 to the order of Peeter kesteman for the valew of Adriaen speecq att 35:1

907 1398 2246 134 which is £81:17:8 flemish, besides £100 st att 2 uso payable to

906 1491 2255 126 mr. Anneslay att 35:0 both which please to accept & pay accordingly &

914 1542 2243 117 pass to yd owne acctt. for I have payd this day the £200: bill of LK

926 1629 2310 139 of 41 feb for which I am not a forthing in cash in case m' annesley

908 1696 2278 190 should Desire from you ordemand about £42: st up on my onone

891 1768 2280 153 Jacctt. please to pay itt to him & rembourse yd self on mee attsight

920 1844 2217 191 one or 2 uso inclosed you have pattarnes for 6 or 8 spanish cloathes

920 1919 2195 181 which please to provide pr. first & send mee I have sold yeasterday &

913 1983 2206 231 of yd cloathes the last prove very Deare: I have nomore in large

2674 2093 446 145 19 Aprill 8

915 2155 666 105 butt that I ame

1990 2198 141 91 th

633 2183 960 144 London Henry Maynard

930 2194 2233 232 S: my last to you was on the 15: curitt to which referre you some

908 2289 2290 169 have receaved yd of 4 ditto where by perceave that the bale N11 conne

901 2348 2263 199 to late to come ih muchiel De raes I tought as muchtbecause

911 2444 2213 178 he was arrived before had yd formar letter, I wonder that said bale was

911 2494 2213 210 not soones ready: whoever pray dispatch itt pr first & that good care

926 2549 2217 218 betaken to putt itt within the ship, for I had rather to be att the charge

913 2625 2197 253 of bringing itt up to london againe then to leave itt att grave sande

902 2685 2270 261 for thought the shippers do promise to take itt in, they will feuray

918 2786 2250 226 open the bale & full the faults of the ships with, biy which means

926 2893 2226 175 wee should be verij lijkelij to suffes, where fore pray take good care

922 2945 2258 178 & tell as much to mr. scawen, though I do not write to him this past

897 3044 2241 181 I observe the pack of Dozins to be aboard Richd. pindar the patt

902 3105 2238 174 & prijses do please, if the goods do prove accordingly, itt well

928 3176 2189 175 he to boath our advantage, our 2 sales fron costy & the one

910 3246 2245 184 from hull are well arrived att rotted am & long to see them hre

916 3335 2233 136 exspecting them next week, when I'll give you a better accompt

930 3396 2228 164 of the morthrens, whilst promtrim do send you here inclosed

918 3491 2192 151 pattarnes of our most demanded cloathes, which I resire may

934 3583 2174 137 serve you for ginde, to provide 2 bales each to cout ir panish

904 3658 2242 132 clout hes all modecolleurs, I send these pattarnes ovely that you

916 3727 2191 119 might see, what is most demanded here I will not tyd you up

921 3800 2233 118 to them, butt leave the makeing up of these 2 bales to yd faney, for

923 3878 2206 130 itt may be you will finde some to yd content, good icheap, not

923 3971 2145 139 much differing from the pattarnes onely that you wherefore

919 4091 2183 106 lett mee have good & substantiall goods & the best the markest

940 4162 2092 99 will afford, aroyd all threadbare & snelling goods each ball to

934 4217 2156 127 be vorappered with 4 bayes luy also without any loss of time 5 p

915 4335 2198 99 El yealam marck pack whites abbes you cn gett them

3618 210 2350 62 without any further adviser & Dispach them with allspeed inclosed

3632 237 2333 93 accompt of sale of last month now I hope to be a remitting hence

3611 328 2321 79 forward to yd content, haveing some mony already that plespose

3611 368 1207 122 & so remaine with kinde sallees

3619 420 2327 108 rr. Maynard thought these 12 pattarnes are of such cloathes as are here

3620 506 2339 118 demanded yett in case you can finde & meet with some, which are more

3619 565 2333 164 pleasant & lively & newermore, & lease to send them I want sever all

3597 625 2346 159 cloathes of 6  a 6:6 u yd thought itt should be 12 peeces to eac

3616 694 2322 166 putt, one provide them, and the rest from 9 st to 9 a 9:6 pence ayd

3616 766 2313 134 so referre you to yd self to do the best you can, for when goods wee

3592 857 2342 129 brought, ree can sll well lett non be of arising wool, butt good

3617 963 715 81 in uall respecte

3624 961 2338 164 in Collier  accordingly to these patt please to provide 6 or 8 spinitl

3603 1063 2325 181 cloathes of 8 st to 12 st ayd butt rather non under 9, so in casse sou

3627 1114 2274 162 mee them to content thought some drap collours more lidely

3610 1206 2271 154 then these pattarnes buy them & exceed not the number & send

3600 1274 2370 145 them buy non whoes wooll is arising non sappy, or stinking obottall

3616 1362 2300 122 substantiall goods from 9 st ayd tto 2 st ayd tobe prest & don up as

3589 1471 463 96 the last

5113 1421 831 193 In Antwerpen 20 Aprill

3334 1514 1455 135 Brussel Bernaerd vander klooster

3606 1554 2342 168 mons. in antwoort aenden ul van 18 deser segge wat dat ul niet aen staet

3614 1644 2327 129 vant gesonden goedt het selve in ul huys te bewaeren & niet in de halle

3594 1715 2348 164 laete liggen & als ick overkom sal daer van dieponneeren Alsoo de bayen

3593 1784 2368 166 opt minst sijn gestelt & noch minder als gisteren aen vrinden van brussel

3606 1862 2340 180 hebbe verkoght & gesonden, die van 5A sijn al verkoght den gesonden

3603 1938 2312 180 rooy lest deventer bay valt seer goede koop daer al buyten die put het

3598 2005 2340 188 best salt konnen winnen als hij wat geve ul kanden selve doen snew

3586 2065 2377 181 wit maken gelijk hier geschiet hebbe gisteren een pack ander deventer

3601 2137 2353 198 bayen gecresen & het selve open gedaen, ende ul daer af een fijn stuck

3591 2276 1527 189 gesonden & nu een andere bay gesonden

5114 2281 832 195 a 57 a 24 st ƒ68:8

4071 2358 908 154 is N548 roy lest „43

4069 2371 1899 206 een manchester bay die seer goet & breet is „27:14

5247 2476 714 144 samen ƒ95:14

3586 2531 2350 179 tis mij onmogelijk deen ofte d'ander minder tegeven niet twijffelen

3581 2642 2331 156 ofte sal ul aen genaem sijn & soo vande selve meerder gelieft hebt maer

3571 2735 862 143 te commandeeren

5256 2733 643 157 20 Aprill 1681

3321 2834 785 158 Brussel Joan Jacops

3717 2919 203 88 r

3594 2826 2356 219 mons. in antwoort aenden ul van 18 deser en hadde geen bayen meer vande

3594 2943 2292 201 soorte dewelke ul vraghde doch hebbe van een ander meester een pack

3562 2970 2379 224 oopen gedaen & daer uyt deminste soorte genomen, waer van ul gisteren

3578 3084 2347 205 hebbe toegesonden in een pack IPS 13 stucken & fijn vant merck

5471 3153 452 131 ƒ27:ƒ351:-

3589 3194 1378 155 N & RA Door a 13 stucken a

3580 3229 2357 173 wille niet twijffelen oft de selve sullen ul in tijts ter handt komen &

3579 3309 2287 187 tot contentement dienen waer in ul voorder kan dinst doen

3585 3419 1974 150 gelieft liberlijk te commandeeren terwijlen

5122 3486 771 133 En Anvers 20 Avrill

3326 3518 1054 148 Brussel francois Antillion

3579 3581 2327 125 mons. en responsse a la vre sans datum, je mestonne que vous nas

3579 3652 2265 154 pas receu la bay deventer vrrane mons. vander klooste & autres

3561 3740 2285 109 amis ont receu laumarchandise I uil estoient en barque avec las

3579 3783 2336 142 vrs pour les prix de 21 st je ne neu pas laissez moindre je scais

3571 3873 2297 123 que tous n'as pas euleplus f in bay de moy, car apresent sayde sorte

3576 3952 2348 133 de 22 „ 23„2 4 „ 25 26  a cane et de la parile jay eu icy devant tellm

3599 4048 2048 132 in jene suis pas recois derecuavoir moindre que 21 four
