8446 4663
979 227 2380 103 take notice what you say as if I was the ouly agent of promotte

994 322 2374 115 the makenny of cloathes here truly, in kent & others here before Jound

972 378 2394 125 sonce other incamo to accuse mee, which sime hath showne themsence

989 484 2368 98 the condrarie, non I finde makein, of cloth is the master indeed if

986 549 2361 92 itt was not, that roosendael, kents heef correspondent here was the

980 641 2325 136 onelj driver for itt, I must needs do soonething to,  otheraise

974 737 2395 121 our english trade shoud be muk less, for I lee make itt apeare that

967 794 2398 159 sence I mads cloth hers I sold more english goods then before by

973 904 2398 119 part for all the wollones that use to have of the mode culs, of thes

980 999 2383 113 making, of n de mons come non to nice & to roosendael a by

968 1051 2362 122 their english goods what they shoud not do, had I not of my

971 1166 2398 124 fabrique, which I Jan sell for £4710 & ris finer spmnigh then

955 1244 2392 139 yd englusch of 14 a 15 ƒ8 a yd & yett the same qualitie of whole

957 1346 2398 106 batt 5 pray do not beleacce that makeing of cloth here undars mee

974 1430 2385 105 the lees able to carrie outhe English trade, soo I soock up no lesthen

966 1533 2365 116 £2000: to wards the fabrikes here, whick es have att a vere loce

980 1645 2390 96 rase p which iun lee borne vere well & much bester then bils att

968 1713 2377 120 2 uso was you for northren goods, as I could wish, I shoud affure

973 1835 2384 106 you to qve commissions for 120 a 130 bales m a yeare mall

973 1867 2362 171 & case you will examon every perticular, you will finde, that

987 2005 2390 137 what I do is to promose the englsh trade & to make ni megeson

979 2071 2032 165 univers to bester for you my selfe whilse I remaine

2699 2201 490 174 a 5 ged 1682

732 2161 1024 198 London  A braham Vivian

956 2280 2411 153 on the 29 the last wrott to you the need full: sence rec yd of

977 2415 2328 131 21 the ditto which make mee yett more confues, because you tay

955 2505 2419 143 that the heary bayes vere not yett att ssale so I feare non shall

969 2624 2343 123 come whith snith, ys letter is full of slight arguments, which

969 2694 2392 124 makesnice beleave, that you have been altoghether back, in ordering

973 2824 2361 113 goods, when one shoud to have the been althoyether advantage oft

967 2918 2346 96 the marke: what signisyes to send goods to a marker when

966 2988 2407 136 the demand is hast you know I have of tendold you our aggresmer

969 3059 2392 120 with yd brother was, to past in £400- att least & more if the

960 3150 2398 135 trade doth reguire itt, that is £2000 each & pray make yd calcula

954 3271 2407 125 sion, if that mony be imployed for you & the trade beeng of greate

969 3369 2358 122 con feguence now then then ift was, soo wee want no less then

961 3473 2273 114 £2500 - aƒ 8 in case you shoud leave mee thus n blanco

961 3550 2386 145 Ishoud ee forced to take oher incasures, for a bove als I late to

970 3685 2382 109 be dirapointed in trade, where su wee dave advantidge, sot bays I must needs

972 3747 2359 165 have toof. of each vessel that coms from Hull, or elee I can do nothingl, I

954 3851 2379 113 save traded now 8 yeares, butt never in thes condition, I might have sold

953 3957 2386 114 3 a 4ooy more had I lad them, butt for you to drive trade of sull

954 4071 2364 83 a cousequence wishout a stock as there its reqused, is impon yett then

951 4158 2384 134 you must be plaine with mee & in no manner diapoint mee, tot I coud

943 4264 2390 126 be provided with the needfull, where now I hm much straigltned for

5974 219 119 101 11

3657 252 2427 126 goods, & must see mij custemers desert mee, which I hope you ill take

3641 305 2443 153 considerabion, & compie with mij last desire of which I epe to know the

3651 386 390 136 Iansicolars

3446 452 985 185 london Jeage Cole Ben Loyd

5584 467 512 179 C 5 dbre 1682

3622 569 2412 208 In answer to yd ouithout date of ang. lase, as for the  3 seales, I will make

3640 732 2424 126 some eminds in the parcell I am a preparing: ydt tykes I have not yet recd.

3629 805 2414 167 & for the future shall send ovely such as you shall desire, I cam promised them

3625 896 2418 175 nept week, when I lope to make up an assortment, Ioe which I shall putt

3623 990 2439 165 the mentioned laces well approving of yd proposite & sustrnction, which shall be

3624 1071 2411 206 in all punctually observed, I returne you my thanckes for accepting my bill

3633 1156 2403 221 please to observe that I have p for the laces I have by mee for you, & that I

3613 1285 2394 166 shall make up the tykes, so that I am sure I shall not come short with the

3626 1374 2428 199 bile I have drawne, yed pray excuse my boldness, itt was an appait the

3602 1445 820 147 ballance of an acctt

3427 1536 663 155 brugge Raphael coots

4641 1583 883 186 Antwerpen 9 gb 1682

3591 1671 2472 253 Mons. in antwoort aen ul van ben 9 deser ten blijde dat ten iamin clarck

3610 1792 2460 214 en ian henwick sijn gearriveert en volgens ul belofte soo hen de goederen

3617 1861 2460 219 van inboort te gemoet alsoo om alles ben verlegen, ende noch meer om

3619 1940 2445 224 de goederen bij ul te comen, de haelen sijn mij franc geworden waer voor

3619 2011 2432 250 al bedancke, met tegenstaende dat ul hier sijnde hebt gelooft het op rechten

3621 2124 2300 195 van de niewe mayasijn tot brussel niet te proteyeren soo worde echter

3594 2214 2049 166 contrarie yenfor meert, terwijlen naer groetenisse blijve

3425 2251 979 196 Leuven Adriaen & veraerts

4813 2355 781 187 Adij 10 sber 1682

3625 2446 2403 183 mons. alsoo ick moete eenigh gelt tot leuren hebben voor monst

3595 2521 2307 215 Jean henrij gomes te betaelen soo hebbe aen hem een bewijshen

3595 2623 2448 217 gegeven tot ul laste van een hondert entwintigh guldens segge ƒ120-

3607 2715 2438 199 de welcke versoeke aen hem gelieft te betaelen en te stellen op ick van

3413 2770 813 145 amsterd Samuel de Haster

4751 2839 679 145 Adij 10 sber 1682

3598 2885 2326 192 monsr. den ul van 20 passato en 3 deser wel ontfangen, ul traso

3616 2982 2372 212 voldaen en vervolgens ul gedebiteert, het monster wol en wort bij ons

3588 3053 2391 195 soo goet niet gevonden als die van tordelane, evenwel conde ul van de

3604 3177 2396 176 selve 4 baelen coopen a 26½ soude du wel begeeren om my selven de

3606 3266 2446 161 behelpen tot dat de verrachte schepen arriveren als wanneer perwat

3609 3338 2390 184 avontuer de woll noch sal daelen en soo ƒ5 de sans van voorige

3597 3417 2311 187 soorte hoch comt te ontfangen soude wel 20 a 12 baelen begeren

3605 3527 2424 169 over sulckx gelieft daer over spicalaere te nemen en mij tadvisen

3402 3574 921 165 meuport Michiel de valleys

4781 3611 382 144 N sber

3612 3695 2396 189 mons: op 4 deser was aen ul mijnen laesten t sedert geene van ul, desen

3600 3780 2426 177 tot advis van het versenden heden aen ul vande volgende packettiens te weten

3601 3833 776 120 1 dobbel gemernkt N

3604 3911 296 100 1 enchel

4303 3864 1740 165 N5& franc te volgen d'ordre van mons Sebbarton

3596 3981 2449 168 item noch een dobbel packettien sonder merck aen ul geaddresfeert te volgen

3591 4060 1868 151 d'order van mon anthom rouseau gods sende alles salvo
