8146 4574
2191 202 925 120 In Antwerp 13 maij 1681

639 211 1101 146 London Arthur Anneslay

1340 302 70 85 th

937 286 2311 171 Sr. yd of 22: past directed to m. Richd. Southell att lille is come to my handes

943 379 2314 135 bj his meanes the 2 small bales IMN.2 & A.IN.3 are past to yd acctt. according

928 459 2258 162 to yd advise, & shall write no more to mr. Ledgingham except onder yds

943 557 2246 149 covert to avoide all mistakes whilst I'll endeavour to cleare yd acctt. of

931 650 2314 136 the resting goods to be ginne the new in comp. in order where unto I observe

949 748 2205 165 you have sent the needfull in structions to mr. wood, as soone you receave

944 851 2289 119 the patt. & invoyces please to send them & Ill take care to fur mish you

950 914 2290 124 with the valew of my share and endeavour to drive a small trade to ghether

921 995 2122 148 to content, which is the need full att present with kinde saluts from

938 1095 2231 136 mr. Southell told mee something of yd comming over, which I domuch

937 1209 1903 115 longutt for you will bevery welcome & is now good time

2250 1256 773 154 In Antwarp 13 maij 1681

644 1277 725 158 London John Loyd

1745 1370 80 80 th

942 1366 2233 130 Sr. in answer to yd of 15: past do returne you thanckes for accepting my

945 1430 2268 136 bill, & am gladd the 2 bales of tykes were well arrived I do not question, butt

942 1508 2181 159 you will finde them to content, for non here can afford them socheap

936 1594 2212 159 & in case you pleased to in order some more I am not able to gett them

939 1663 2243 137 now altoghether for that price & wall come some affruer or 2 on a peece

923 1803 2209 85 deares foom for that come is now well demanded against whoever

947 1831 2253 145 when I have order shallendeac an to please you: as for the ligatmen

953 1922 2235 149 I doubt I shall not be able to sea you, for I finde they abuse me & nothrithstanding I have

932 1996 2196 143 been there my self & wite some times about them, yett I obsame nothing, so in case

930 2088 2229 114 they be not ready be for the latter end of nextweek, shall contramand them & send non

947 2131 2269 153 except I did in the meane which receave yd contra order as yett have had no apportunnie

941 2201 2247 206 perceave any goods from yd handes which Ill considder on more so continewevour

960 2335 1097 139 correspondency to content of bant

2315 2341 800 137 In Antwerpen 14 may 1681

718 2383 813 171 Gent francois Herrebout

956 2445 2191 162 mons. den ul van gisteren is mij wel geworden, sijen het pack N10 p schipper

952 2508 2107 186 pieter Dewaele te gemalt, hier in gesloten mijnen wolbrief den welken, soo

952 2562 2170 191 Aenomert verschrick gelieft te hant stellen om voot mijnen packen te bevrijden

2347 2657 693 140 In Antwerpen 14 maij

954 2721 526 118 waermede blijve

692 2762 766 139 Brussel vander klooster

948 2704 2225 214 mons den vl van gisteren wel ontfangen de lijnwaerten sal volgens ordre

953 2807 2187 182 op rotter dam senden Jacoues Angier doch ul moet aen mij adviseeren

932 2865 2178 224 deprecies quatiteyt van a & de weirde vande geheel pertije alsoo de scke

950 2925 2163 231 moeten aengegeven worden int in comen van holant oversulx enderue

950 2980 2183 219 daer in niet voort gaen vooral eer de selve spetificatie hebben int

959 3062 2174 218 uijt gaen van de spaense bodun en betalen de lijnwaeten niet maer

964 3121 2135 215 int in comen tot lills betalen sij een stuy p f weird & noth

944 3199 2187 223 eenigh andere recht soo dat sonder postnu ordre daer ogp over op mijn

940 3273 2188 227 autoriteyt voorte senden soo gelieft daerover eens beschrgnen sal

967 3357 2093 242 mijn devoir om voor ul bewijs te becomen & ul vant gepasseere

2569 3508 432 122 14 maij 1681

958 3516 1198 128 advies geven terwijlenBlijve

681 3591 941 149 Brussel futonso peeter

950 3573 2260 192 mons in gevolgkende ul moondeling hebbe gesproken hebben heden aen in schaghte

953 3663 2241 184 geschieven & hem gepasuadeet soo veel ick koude ul propositie te aen werden

940 3727 2144 195 wat daer op sal sal volgen, wort ul bytijt geadviseert, terwijlen hope dat ul

947 3779 2233 236 degesontheyt sal toelaten mijn hek te aproleeren, die van verkoop sedert

941 3863 2167 210 gmy left leden is hier ingesloten waer mede nae groetenisse

942 4055 330 136 Blijve

3333 192 859 122 Leuven  Joan de Goede

4777 215 1156 115 In Antwerpen 19 Maj 1681

3612 309 2346 126 Mons. in antwoort aenden ul van 14 deser seynde het wissel, wederom also

3616 373 2343 120 Hendrick rabbers, maer ƒ105 heeft te betaelen in plaet van ƒ150„ ul schrijft vande

3608 461 2348 101 den witte bayen, mijns wetens en heeft ul mij deen ordre stoe gelaten soo moet

3615 520 2318 133 ul mij adviseeren wat sort ul begeert & sal dan voor het tot witt sorge

4986 621 67 59 2

3600 599 774 127 drage waer mede blijve

4992 606 819 171 Antwerp 17 maij 1681

3308 644 825 155 London- Henry Maynard

4441 709 70 82 th

3618 743 2310 89 S. my last to you was on the 13: curitt sence non from you this then chafly for covers

3629 833 2249 119 of the inclosed bill for 500 crowns beeng £116: 18:1 ½ st att the charge of henneage

3592 890 2328 127 nott on in London, the first accepted beeng n handes of m. h.olmins which pleaseto

3610 967 2336 98 Demand & valew att due day & pass to my acctt I hope to remitt more for both acctt pr first

3606 1049 2322 94 intrim our concernes att bruges with mr. scawen go vere yll, I doubt wee will loose

3616 1095 2322 104 halfe if no more the binlander m order their bussiones very bladd, for they open all

3612 1168 2325 138 the packes as soone they receave them aboard, our bale N. 17 is come to handes and

3599 1255 2325 99 hath been also ill ordered by omert verscrick, hence forward you please to consigne

3594 1329 2325 109 the goods direetely to mee order & send of each one bill of loading that I may

3608 1412 2304 121 speake, express also in the bills that in case they open the packes, that I shall not

3584 1494 2371 95 onely pay no freight, butt demand dammage the bale MN10. is come to hands

3609 1546 2316 101 butt they do not all prove what the patt. sid promise they are course att norate

3596 1607 2349 139 so that I finde them verldeare I have nonews yett of Rogervandewall god send him

3604 1706 1616 145 fase over which is the needfull att present from

5298 1709 584 156 7 mair 1681

3312 1758 769 154 London & Willy scawen

3581 1818 2353 149 Sr. my last to you was on the 4 curitt. sence non from you their I told you that the

3589 1902 2313 111 250 p of callicols are seased on att brugges sence m. Coots is there arrvied

3584 1939 2339 157 & tought he made mee beleave here that a small matter shoul compose the

3595 2021 2307 117 bu sbijnes, yett by his of the is th curitt I perceave that wee are att a loss

3600 2053 2354 179 for thought he hadd declared part of the goods yett he had not expressed qualct

3590 2157 2328 114 or quantitie according to the book of rate 5o that the officiers make their

3599 2198 2348 133 pretence up on the whole, I wrott him to compose the bussynes as well he

3590 2291 2304 103 could though the chercher pretend ƒ900: had yon shipped in each binlander

3592 2340 2281 139 butt one or 2 bales itt att furthest wee had never come to this besides then

3582 2412 2299 138 the shippers should not have opened any as, now that roagh willard hath don

3593 2463 2358 136 what news I shall have before next post shall then beadvised whist now remaine

5281 2542 450 115 ƒ9  ne en ntn

3315 2569 614 107 Dermons Man ofte

3583 2583 2331 134 Mons. ul heeft op 27 Aprill aen mij p schip lenden ƒ100: gesoldden ick hebbe

3585 2692 2319 111 gewacht dien briefte beantwoorde omdat mij weirt geleyt dat ul stonde overtel

3589 2762 2339 102 komen gelijk van dese weeke is geschiet alhoewel ul niet nae comt veel mins

3603 2787 2310 142 gekt laet sulkx maner van handeren is buyten discretie, ick hebb op 23 ortos

3573 2862 2351 129 lest leden mijn goet verkoght soo goeden koop dat ick wel versehert ben

3590 2914 2227 157 ul van imantanders daer voor niet kan bekomen & als dan heback

3568 2983 2338 146 be sproken dat ul het sal hebben te betalen in 4 a5 n volgens op de facsure

3549 3062 2372 178 staet gesperificeert & niet een iaer alsoo ick mijn goederen soo niet verkoopen

3571 3143 2332 141 & liever te bewaeren als met sulx te doen te hebben, de geene naer bn verloop

3571 3217 2268 124 n pleats van ƒ800: een p soo senden ick hebbe geseijt dat geirne handele

3576 3285 2327 114 met de geene  d'een pertije uyt d'ander houden maer niet dat men eeniaer

3574 3336 2347 161 soude waghten alvorens een ander gekoght wort al comt dickn aels in tadt

3575 3420 2326 128 endewaert sulke ul provisie soo wel van stoffen & lakens van mij koghte

3560 3525 2264 130 dan soude ick meer van ul gelt hebbe & mak kideren licht verst aen maer

3558 3600 2288 122 een pertije sjaers te koopen ende daer toe eengeheel jaer te bogen te nemen

3570 3660 2246 128 om die te betalen, van soo danighe vrinschip hebbe ul te bedancken ben

3559 3753 2287 139 tegenwordigh om gelt seer verlegen oversulx moet ul mij daer aen helpen

3579 3832 2334 106 ofte soude genootsacht sijn selfs over te komen tgene dencken met gelt

3566 3910 1452 140 sult preinneeren ter wijlen Blijven
