8467 4663
2389 254 753 124 In Antw: 15 Augusti

756 277 1004 127 Brussel Judoous De Sadeleire

1008 358 2263 117 mons. in antwoort aenden ul van 12 deser de groene lakens en sijn noch

1026 460 2225 127 niet hier, maer sullen met godts gratie dese naeste weeke hier

1014 520 2256 167 sijn als wanneer de selve ul sal toesonden in eenen goede vrapper

1021 579 2224 171 ende pack kleet de saper fijn lakens de ul mij geordanneert heeft

996 655 2263 176 te doen koppen sijn al in gekoght ende soo haest die arriveeren

1019 739 2194 192 sal ul tlaten weten waer op moght betrouwen midt ick les

2834 803 357 97 @ 16 ditto

737 841 1080 158 Brussel Hendrick de smet

1021 885 2235 167 mons Desen tott advies als dat alle mijne goet gearriveert is

2792 982 350 115 @ 15 ditto

763 1016 1033 149 Brussel Seger vanderborght

1019 1050 2214 181 monsr. Desen tot covert van ul facture vande goederen aen ul ve

1006 1153 2188 143 koght, hebbbe voorde vraght bedongen vant pack sayen ƒ3:10 ende

1029 1184 2263 180 voort anderpack ƒ2:5 samen ƒ5:15 st ende niet meer moet ul betalen

1014 1286 2271 179 Icken wil niet eens twijffelen ofte ul sal alles ort contentement

1011 1349 2245 216 beginden, waer in voorder dinst kan doen gelieft likerlijk te co

2830 1433 339 131 12 18 ditto

765 1464 1092 154 Brussel Seb van Homborght

1011 1515 2253 188 monsr. Desen tot advies als dat alle mijne goederen gearriveert sijn

2804 1601 382 141 @ 15 ditto

773 1628 948 160 Brussel Antonio peeters

1017 1673 2223 172 monsr. Ick en hadde niet getwijffelt oft ul soude volgens ul geloofte

1018 1792 2200 138 hier gekomen hebbe, d'welke hope niet is whth blen fout

1025 1855 2236 177 van gesontheyt, soo recommandere ander mael dat ul niet langer

1015 1930 2202 145 uijt stelt, want ul doet sij selveseer groote pre iuditie met

1007 1981 2277 214 soo lanck te tardeeren t geene en een weijnigh tijt is te remeditien

1012 2056 2139 188 en daer en tussche ul broeder tot london moet dat oock door ul

1037 2157 2257 158 neghoentie bekoopen waghte ul oofte antwoort muna teregateien

2555 2219 662 144 Antwerp 18 supsi

759 2265 724 155 Leuven Joan De goede

1025 2330 2238 157 mons. in antwoort aenden ul gedateert is ang en kan de lakens daer af de

1003 2410 2200 188 staele hebbe gesonden en kan die niet minder geven als die hebbe gestelt&

1023 2465 2259 167 aengesien de selve ul maer weijnigh aenstaen soo vinde niet gereden meerder

1012 2526 2182 224 staelen, te sende oock om dat meestendeel aen ul gesonde hebbe sijn verkoght

1026 2601 2240 211 soo dat niet beter is als de goederen,: aent stuck te besien sijnde tegenwordigh

1036 2696 2191 162 uytter metten wel versien van alle sorte, hebbende veel versgoet

1024 2792 1800 131 ontfang. gelt verwaghte volgens gelofte & blijve

2659 2793 560 149 @ 16 d itto 83

761 2860 1301 161 Meggelen corne is van Aken  diongel

1025 2911 2258 155 mons. Desen om ul te adviseeren als dat van Engelant hebbe ontfangen

1022 2957 2261 192 een groote pertije verse goederen van alle soorte soo dat den uytterste

1033 3011 2266 211 wel ben versien oversulx soo ul iets noodigh hadde gelieft te command

1032 3121 2079 180 hebbe oock al pertije van mijne in lansche lakens gereet waer

2657 3185 565 127 6 16 ditto 1681

2123 3254 151 99 th

781 3241 570 138 London John Loys

1401 3244 1927 172 I had duely recd. yd of 8. past, which I should have answered accordingly

1012 3340 210 98 S I ha

1020 3329 2197 164 butt beeng about a concerne which requited more leasure have informed

1037 3376 2255 201 mij selfs, as to give you on accompt of mr. moore who hath the whole castle

1022 3436 2303 219 of Antwarp for his prison & is continually watched with a souldier & very much

1044 3553 2245 172 suspected, so that itt is very suireey to meddle with him, or to speatto him

1040 3595 2267 193 he beeng accused by our spanish ambassedor att the hague, as also by severall

1037 3714 2248 137 mimsters of stato, which he hath abused, yett sir Riold butstroide the kings

1038 3760 2269 178 resident att Brussels hath acquainted the kingof itt & these on this side

1042 3866 2206 155 are contented to deliver him so the king of England, where itt seeis

1020 3957 2297 132 he used no less tricks then here, he is n good health & well disposed & doth

1040 4031 2247 136 not att all apprehend to suffer, one may see a roogh in his face, he hath

1036 4097 2247 170 a wise here him a pretty woman, which takes much care for him, butt

1031 4175 2257 170 in yd letter I finde he hath a wife in England which if should be knouwne

1034 4292 2179 139 here, would maker him suffer though itt should be upon that accompt

1031 4371 2030 119 onely: there he ownes no other wife, but that s with him.

3539 235 2441 119 as to the annexed note of super scription I do here returne this francois

3497 324 2454 110 ofte venson is a fellow which m. moore imployes for receaving & carreing of

3437 390 2548 100 . letters & what others he hath occasion for and doth boaid att the house

3520 475 2476 88 of mad. Catherune van mill, so in case his wife, or any other doth write

3522 528 2445 91 to m moore or northon, lett him send a simple covert over their letter

3534 595 2457 96 with samer super sorption, & I do not doubt wrot butt mr. stevenson will

3513 654 2451 97 bafely deliver itt  now to answer yd of p curitt as to the

3520 722 2457 94 legaturen I amsorry the tryall doth not in corridge better this as you say &

3529 789 2458 91 yett they can not provide goods enought & do now currantley sell them for ƒ 29:10

3514 846 2429 76 e ƒ30: ocp. as to our tykes I assure you I do as much endeavour as anyman can

3533 902 2429 117 do to have y. as cheap as possible, yett all I buy & have bought these 3 months

3536 982 2423 86 cost 10 stivers a peece more then before & now I have about 200 p. ready to

3531 1017 2435 139 be packt & send for England, haveing sent above 400 p. more sence I sent yd lasto

3542 1102 2363 121 & the most part of the higher prive, so that yett there is fast demand

3529 1176 2438 111 for them where fore in case you please an assortment of 100: or more peeces

3519 1228 2479 120 lett mee have yd order pr vere first for elce I could not then so soone provide

3541 1300 2401 123 others because tis now the herveast time & few are made. as to t he

3537 1376 2442 119 yearne, when the worckmen come totowne shall in forme my selof & give

3511 1455 1532 104 you an accompt of whilst now I remain

5262 1427 721 151 @ 16 Augusti 81

3366 1483 635 138 London will Scawen

4403 1558 77 66 th

3549 1532 2430 155 Sr. in answer to yd of 25: past, I can not butt wonder what you say about

3528 1609 2407 148 the pack of tykes N.16, onely I supose you did take no notice of my letter to

3541 1726 2397 123 you on the 18 june last which if you please to examin will give you satis=

3522 1752 2459 166 faction of the contents, yett inclosed yett have an other in voyce & copy

3550 1794 2435 153 of the said letter, where by you will see the mistake lyes in yd owne neglect

3551 1868 2449 156 butt not inmine tykes are visen as Itold you & now I have a parcell ready

3549 1936 2415 167 if you please to have a pack, shall send itt cheaper then any other can

3551 2011 2338 180 provide itt for you, butt I must have yd answer speedly, other wise should

3536 2129 2407 112 dispose of them, for they yeald more here then grate them att to you, itt

3550 2161 2406 168 beeng onelj to make good yd returnes in the callicoes, which for the present

3540 2222 2445 197 prove a miserable com. becaused in haland is such avast aquantitie arrivee, &

3553 2287 2368 162 nom will bay, for feare that nexnt sale there will be vrey low so that

3543 2345 2427 203 I doubt mee must sell to little or no proffitt or lett them ye till next sale

3550 2411 2422 189 beover, on which yd advise I am a great debter to mr. Henry maynard

3557 2482 2395 214 so could have wished he was satisfied & you gove will oblige mee to pay some

3552 2534 2451 211 thing to him the sooner the better, I should draw on you butt dare not without

3549 2629 2438 219 yd order & the more because I hope mony is come is by this time of what

5307 2711 621 157 @ 16 ditto 1681

3544 2774 1599 132 passes, please to give mee yd advise whilst I rest

3379 2846 836 97 Dublin Elnathan Lumm

4358 2833 138 109 th

3571 2844 2406 169 S. in answerd to yd of 19 past I have ready the desired laces, & do not doubt

3567 2932 2378 166 butt that itt will give incorriggment in order more for now I make itt

3565 2964 2448 194 much my trade to buy laces & have good comissions from England, so have

3578 3078 2425 135 provided you from each sort a little which is ready with the mentioned

3561 3129 2423 170 sereen to be sent to you, exspecting onely the news from holand or bruges

3550 3226 2426 126 to know which opportunitie of schipping would serve best & according

3568 3275 2408 136 to which shall send itt next week & give you the advise of as also the

3559 3371 2407 91 acctts you ordered mee to valew the disbours on mes. de hulter

3579 3425 2410 112 van homrright which s tell mee to have no advise from you to that

3570 3510 2347 125 purpose, butt that they have remitted to mr Cole what they will be in

3580 3605 2061 68 cash againe pr. first which I remaine with kinde salute

3576 3670 2432 111 I am sorry you should complaine of the tapestry att present such sort yealds

3561 3714 1777 133 40 stivers an Ell herettis vere scareey & few to be hadd

5306 3752 636 130 @ 16 ditto 1681

3378 3780 779 132 London Henry Collier

4466 3789 343 116 th to 2

3580 3824 2429 147 S. in answer to yd of 18 & 25 past have accepted yd bill for £150: in favour

3583 3927 2391 126 of pickering & robinson upon condition of for beurance for I have

3569 4013 2423 114 no other reason to comply with other correspondents then yd drawing

3584 4085 2429 106 & I must assure you that though I have goods from H.M for severall

3584 4206 2369 101 thous and pound, gett have no bills from him up on mee this yeare, &

3585 4243 2435 133 I love no trade which causeth drawing & redrawing, principally now when

3568 4326 2367 133 I must fix my creditt & fortune, so I hope you can finde no reason
