8344 4588
953 220 2281 99 sorgen & alsoo het water in devaert was afgelaten soo en twijffele niet

940 316 2302 79 ofte de stussche pack sullen al terrewaert gedepesscheerthkeer dat

952 364 2278 116 eenighe andere op comen, bovendien dat, daoor saeke sal sijn om mijne

945 419 2284 90 tijk packen noch bij tijde te konnen laden wat passeirt sijn tegemoet

2058 482 1160 101 gelieft wel sorge te dragge dat soo eenighe

959 521 2234 114 nae groet: Blijve van mijne packen op gedaen sijn door de

2766 574 324 72 24 Juny

963 592 1680 85 schip van hunboort daer voor satisfactie te bekann

951 560 2297 153 gelieft oock niet te tardeeren bij in t depesscheren van goeder

953 668 2242 112 bij foute van kemrisse vanden in houdt alsoo ul de sclue kan weten

942 750 2193 120 hopende  merck eijnde, doch eghter, geerne ul advies geve soo dat bij tijder

2442 801 753 150 In Antwerpen 23 Jany

943 841 445 103 wet

747 856 770 170 Gent rancois Herre

741 1005 603 137 Bruggeh ap Coots

959 1044 2224 176 mijnhr sedert mijne van 20 deser den ul van selve  bekomen verhope

959 1172 2245 129 de twee tijk packen aen boort Clarck noch sullen sijn geladen alsoo advis

954 1232 2260 115 hebbe van Herrebout dat hij deselve op 21 deser aen ul heeft versonden

950 1316 2163 144 de 8 tulsch packen sien te gemoet als mede de3 gecomen p

950 1403 2214 135 colliver, mijnen leeften heeft ul te kenne gegeven wat ick aen boort

966 1468 2126 131 thomas sith hebbe dencke met 3 packen bayen voor de heele

977 1561 2260 123 quantiteyt sult konnen bedienen alsoick den in hout selfs niet anders

966 1651 2126 122 en wete geene wijder passeire verneme geirne nae groet

699 1654 1186 177 Amsterdam De Auffer van Homsright

2500 1670 747 164 In Antwerpen 23 ditt

959 1768 2224 97 msssr. op 16 deser was aen ul mijnen lesten, waeraen referre sedert ben tot

972 1854 2260 119 brussel geweest & wegens den bekende vrint niet anders als alles wel konnen aentertalen

940 1932 2156 72 uwe 60 vattiens botter sijn gearriveert t werden ten eerste gelost, als wanneer mijn

950 1999 2184 102 Debvoor tot ten verkoop sal contineueeren, ondertussche remitteer ingesloten

961 2059 2138 105 £67:6:8: in banco op 2:d sicht ten laste paulo Coots, de  gelieft inte

971 2125 2136 115 vooren  mij daer voor beneffens agio van banco te creditteeren ter wijlen

2555 2191 509 125 @ 24 Juny

755 2208 697 150 mons. m. JB Masson

950 2287 2196 162 ayant este pour quelque jours hors dela ville, a mon retour j'ay trouva la vre

963 2418 2175 130 agreable du 16 cor., & ensuite de vostre ordre je vous envoyerez avecq la pre

957 2543 2193 117 bazque sui Brussel a mad. caros le drap a la mode, avecq les perpetuanet

961 2674 2190 99 & la baye blanches, & je medere avecq demy drap rouge, selon l'eschantillion

984 2735 2187 155 que vous m'avez, & je tachere de faire, mon debvoir pour vous plaire, entre

983 2840 2217 149 temps tous nostres marchandises sont arrive a Brugges, pour moy environ

971 2991 2199 109 20 pacques, dont vous avez vre part des eschantillion, ils seront icy environ

967 3041 2239 145 le fine de semaine prochaine, si en cas que je vous peu rendre service, commde

2715 3177 262 104 C 24 d.

989 3181 321 118 libremm

764 3278 704 165 Rijssel Richard Southell

975 3376 2189 162 In answer to yo oft 18 curtt. find inclosed a bill for £80- att the charge

985 3494 2206 145 of Pieter de ka, adressed by michiel vanden Cruyce, whicht is past due, except

975 3610 2170 121 the 6 dayes, so you must demand payment upon rceipt here of & pass to

974 3697 2206 151 mij acctt., I am returned from Brussel much frustrated of my exspetat

974 3821 2111 150 for there was little or no mony for my mee, and I had & have monyes

973 3906 2160 175 to paij & though I do butt vere little for H.C. yett he draws not the

975 4012 2176 159 less, & I can not suster to redraw on our ex. & I wuld remitt to

985 4110 2152 182 other from in my own bills on him, butt, that he doth not love, ie

974 4228 2128 179 must have patience oter wist should have remtted you more wich yu

3566 225 2379 106 may excpecct another time, for you may considder wch debtes come in so 23

3559 285 2345 162 slow by with you, & little to do how itt sange here, for i bellave yo trade &

3550 405 2354 137 mony ought to be at quick againe as ours which I could wish suceeded in all

3535 533 803 118 respects to yo. content

5104 527 721 169 In Antwerp 25 Juny

3321 567 700 153 London Henrijmay nd

4461 658 84 59 th

3567 677 2384 107 Sr. mj last to you was on the 18: curitt: sence non from you thomas smith is well

3547 740 2378 127 arrived butt I know not as yett, what goods you have shipt for mee on his board

3531 804 2426 136 John Collinier is also on this side, butt of white is no news: you will do well

3519 902 2418 100 to dispatch a pack of frise as formelly desired, besides one pack of 12 halve

3543 966 2403 114 white cottons from 24 a 25„ pence a goad, besides one pack, to cont. 4

3529 1019 2397 88 of £11:10 a £12 a peece of the deepest cullour to be hadd 3 p. reds of £9: & 3 of

3536 1099 2320 82 £10: a peece or there about to them 10 peeces would desire you to add 2 green

3543 1176 2405 115 clothes, such as you are used to send JV. of Brussels of which inclosed a pattarn

3521 1233 2425 122 I supose they come about 4:6 pence ayd which you will know best & lett them

3534 1317 2355 131 10 reds & 2 green be made up in one pack & sended forwards pr. first lett mee

3535 1385 2349 134 have good substantiall goods inclosed remitt you £101:  att the charge of

3523 1448 2360 116 gabriel de la porte 2 uso att 35:5 for ijd acctt. for which please to procure the

3513 1532 2299 104 needfull, & pass to acctt. accordingly. I long to heare from you & hope the b.N

3546 1574 2366 134 silver marck stuck cloathes maij be readij: I peeters, is dead, I know no remedie

3514 1687 2357 107 except mr slaughter takes againe the goods & what comes short maij be formd in

3528 1766 1423 115 mony, which is the need full att present from

5386 1757 394 116 @ 25 ditto

3313 1786 709 168 London Abram vivian

4470 1847 188 79 th

3536 1866 2414 119 Sr. my last to you was on the 18. curitt sence recd. yd of 6 & 10 ditto: thamas smith

3526 1934 2427 104 is also wel arrived thanckes be god, now Richd pindar is att Hull lett all the

3521 1983 2418 131 kersies come with him & some cloaths the rest with nelson, which is departed

3517 2061 2390 143 for that please, place bij this time, as yett I have non of the goods, because

3513 2124 2373 137 of some hindrance of the waters from bruges to gant which I hope

3514 2190 2436 121 will be remedied suddenly you please also to in order  m.potter the providing

3521 2259 2427 122 of a pack to containe & wit white grayes long cloathes from 3 st 8 pene

3513 2338 2431 135 to 4:8 pence a yard raw them 8 peeces to be one pack by itt self wrapped with

3511 2413 2436 120 2 or 3 white manchester bayes butt recommand him that these whites must

3512 2502 2306 113 be well lained, and not full of great spotts, which happens oftend by the

3502 2564 2436 118 worckmens negligence, in so much that our last wee. had have been some times

3508 2655 2418 113 Returned because theij were not cleane on the rong side as well as within the

3516 2707 2424 105 cloths so he must take especiall care to send pure goods and peiworths them

3520 2765 2428 140 all to be well handled & curiously toilledted: in closed remitt ijon £100: att the charge

3498 2853 2437 129 of robert breton of 23:h curitt 3 weekes after date, besides £40: on John Cannon

3498 2940 2392 102 att 8 dayes sight for boath which please to procure the needfull & pass to my

3496 2986 2397 131 accompt. I have been att Brussell & provided the needfull to compleat yd. ordered

3499 3054 2433 81 laces: truly I promise mij self much of them because, mee thinckes I never had

3485 3117 2465 137 the likes you shall have them aboard John colluier & invoyces p. next

3504 3194 2406 149 went away hope him well arrived of which I should be gladd to have yd advise

3308 3268 712 145 London Henry Collier

5262 3296 561 132 @25 ditto

3526 3367 2391 137 S. have before mee yd of 27:th past. & 1o curitt yd bill of £100: is accepted & past

3490 3452 2418 83 £70: to mine & 30 to yd acctt. I have asso accepted yd bill for £110: for yd acctts

3495 3511 2418 115 & when yd. bill for £50 or John button shall be paijd, shall be noted, in yd creditt

3484 3601 2430 100 side pray spare mee with yd draughts. yds bale N:38 is arrived att bruges & should

3489 3659 2412 114 have been here bj this time, had not some thing happaned to the po waters in

3476 3736 2336 107 the canael between Gant & bruges hindred itt, which now I supose is

3470 3804 2458 119 remedied, so that no others could pass. itt is now the deadest time for trade

3489 3889 2434 123 of all the yeare, so that wee have no vent, butt hope within a month that

3488 3972 2424 125 itt will come in againe. att least wee gott the sentence insimated to TH

3486 4030 2412 121 him self which hath reformed and appelled att a higher count, I was yeasterday

3482 4114 2441 130 with his layer, which not knowing that I knew of the concernes told mee, that

3475 4197 2409 86 he will be able to breake suposed you wronged yd self in yd severall letters

3480 4260 2336 135 to TH about them bills, before they were dew, and that he will be able

3464 4331 2197 135 to breake the first sentence, because you ordered the pro
