7982 4574
2096 161 887 136 In Antwerp 8 feb 1681

479 149 915 163 London Henry Maynard

788 269 2328 140 S my last to you was on the 4 curitt to which referre you, sence non from you

774 365 2346 146 so this to accompagine the inclosed bill for £60: att 2 uso on m Jean Savory, I say

786 471 2358 122 pieter dekoker which cost Iatt 35:5 & beeng for yd acctt please to give mee creditt according

792 561 2362 127 besides for the packett MN3 f the following spetia sent to Brugges to Rcoots to folloy

784 605 278 162 order

1422 633 1210 148 „16 coulreyns att ƒ15 ƒ240„

1396 714 1265 147 212¼ prstels att „9:-11012„10-

1397 806 1150 130 3½ parolus att„12„„ 45„-

1379 856 1758 139 „½ uijders aft„ 13 „—„ 13„—ƒ 1554:5 £259:0:10

1375 973 1260 115 Jscobusa„ 13„-„ 3„5

1379 1040 1251 150 „17½ albertins att „ 6112-„ 115„10

1372 1124 1236 112 „ 25- ducates att „5„„ 125„—

751 1209 2360 185 I could gett no more for the present: besides sence wee understood some news by

779 1306 2366 114 pray of holland out of England itt semed that the ex would fall & if itt be true

789 1410 2339 146 will falle much, wherefore have debained to send you more gold or remises butt

786 1499 2299 155 as soone wee know the certaintie shall remitt more for his acctt & continue so

764 1569 2384 169 that you shall finde no reason to complaind of mee, for now the spring coming

786 1677 2365 151 on wee shall have ooth demand & mony besides what s panishh cloathes I in ordered

775 1749 2369 167 would faine have some more as the inclosed pattarnes & beeng quite out of grayes

781 1851 2328 136 want a wole assortement of graijes, butt all lively blewish mixture no sod or

781 1920 2321 168 d'ull cullours amonghst them to be from 5 6 up wards to 7 6 a 8 st ayd & od

770 2011 2305 147 in one or other pack 2 mockes of 5ƒ6 pence ayd arthere about, besides one or

782 2105 2342 144 bleuw cloathes these pattarnes pray lett mij orders becarefully performed that

776 2162 2281 118 so noother do out sell as & that I may have assortments on his time

755 2239 2126 178 so shall say nomore till I heare further from you wilst I remaine

1620 2364 1380 159 all these pattarnes are of such cullours as here

1604 2472 1486 135 dayly are demanded, so that itt will not be amis to

1604 2523 1492 165 governe yd self according & to buy up from bstay

1594 2632 1546 138 to 9 st althought I want of eack cullours att least

1597 2736 1516 125 2 peeces low prijses I say low prijses of 6  a6: 6 that

1588 2788 1522 152 is under 7 ayd with these & formar orders you

1592 2878 1554 124 may come to thequantitie of 70 a 80 peeces provided

1597 2965 1554 121 you approve of itt butt severall light drap cullours

1555 3032 1073 136 of Low prosesasone patt above N1

468 3139 770 171 London Rich. Southell

2145 3147 897 181 In Antwerp 8 feb 1681

763 3273 2335 154 S. I wrott to you the 4uwitt, sence yett no news from you out of england yett

746 3397 2350 121 hope yd safe arrivall. I send thisday the needfull acctt S. Tonicosbt which I hope

765 3469 2378 149 he will finderight, sended also some patt. in case hebe in corrid gedto provided

762 3568 2386 124 asmall bale for an assortment, them & such like could serve you in case

756 3649 2380 104 any other, would make atry all althought I could wish to have some

740 3725 2257 94 rantie, or news, or others if any new cullours come to markett, as

753 3787 2340 162 desired p my last in balderston hath delivered & send meep mr. maynard

746 3894 2286 112 24p of blach silk hose which I have recd. butt they are extroard mary

731 3961 2333 115 light whoever have ordered mr. maynard to pay him the valew: now

752 4073 2242 115 whilst you be there if you could finde 30 orgop of modecoullours

744 4133 2344 127 sich woven hose itt would be well & should desire you to send them

736 4247 2095 132 neare to the inmlosed patt, they might come p ns mayneard

3580 200 2313 115 he laveing goods to send, or as you shall thinck best for us both nexd

3575 275 2282 86 tues day the actt of mr Himislay shall follow, from which I must

3574 352 2336 98 desire to inorder an assortement of grayes serges 22 yd of 36„ 34 a 3p

3572 450 2336 90 aps besides on assortement of modecullours y vil in all 2 bales from

3571 504 2335 105 mr wood of which more p next whilst I hope you shall stay mengland till

3560 577 782 121 that next comes & so rest

5331 600 209 96 me

4901 637 895 144 En Anvers les feb 1681

3315 607 765 172 Mons Jaques bassecoutt

3566 737 2348 136 Mons celle cy servira pour vous adviser, qui jay tirre sur vre grace cent et vinght

3554 818 2324 135 florins Ie die ƒ220: payable a mons. pierre meurant ce que ie vous prie de

3582 888 2320 147 satisfaire: I esperequ'il serat degelle bien to penfin que nous pounons vous voire

3554 982 2359 141 icy, estant a present bien fourm de marchandise oultre que j'ay a bruges et quil

3548 1056 2368 137 sera qu grand leseavx seront overte, vous asseurant de linclination qusay

5643 1151 151 97 21d

3272 1105 880 189 Mons marm Dubehout

5084 1179 840 118 En Anvers le 3feb 81

3564 1208 2330 159 madr comme te temp dhiver commence ase partis et que le caresime est le

3571 1340 2333 134 plus proche jespere qui j'aurois l'honnour de vous voire us bien top princepalen

3556 1393 2253 161 quand les caux seront de gelld, car allors d attend be aucoup de draps et autres

3548 1498 2353 137 manisfactures qui sont de ia arrive a Bruges, sans asso de provission que lay

3560 1606 2350 129 encore thez moy, pour cela avec l'occasion de cette, ie nay peu pas manque

3574 1665 2343 112 de vous presenter mon service, entre temp mons. meurant ayant laisse

3578 1750 2333 144 chez moy de son argent j'ay prie la liberte de tirer sur vre grace trois

3572 1816 2342 123 cent florins payable ason ordre ce que ie vous recommande de satis faire

3580 1921 2318 151 puisque ie seray tousiours bien aises quand vous me donnerey d'occasion de

3559 1999 693 134 ten cormer que je suis

5064 2021 857 161 En Anresl8 feb 1680

3279 1980 239 210 ons

3539 2078 534 136 Loud Dupont

3556 2137 2351 186 mons. Depuis que jay vous ey envoye les deux e  draps dosins alenode

3544 2252 2366 168 de 23 oc tobre, iay ney pay eu l'occasion de disponer de la valeur qu'aprisont

3552 2355 2315 126 comme j'ay fait auiourdluy al ordre de mons. pierre meurand e stant

3559 2442 2280 118 ƒ125:10 patt vouspriant de le satisfaire promptement ent retemp avec

3533 2494 2355 169 lacuresne I espere de vous voire icys & de en largier me cognossance a la

3564 2623 1901 138 quelle ie ne manquerey pas amondebrsqui je suis

3263 2673 1194 152 Brussel And. Artsens

4992 2712 832 133 In Antwerpen 9

3558 2776 2353 193 mons. in antwoort vanden ul van 7 deser, bedancke ul voorde

3563 2854 2346 222 precise betalinge aen Jff Bonnecroy, de weirde is op ul rek gestelt

3558 3001 2348 157 ingesloten sende ul terugge den wisselbrief van ƒ 1500: tot last

3545 3040 2365 228 francois van pruijssen geaccepteert ditto brief is seer goet kan in remise

3526 3155 2280 143 daer voor ul dienst doen hebt maer te commandeeren den

3566 3286 2251 158 wissel brief van d 300 pattacons will niet twijffelen oft sal

3554 3357 2287 178 morgen betaelt worden want 25 en 10 days & beerst io fes is

3536 3440 2310 187 soo mach ul vande weirde disponeren, en soo in casie vinde

3555 3557 2266 139 morgen salde weird oop sicht p cas remitteeren mett voorders

3560 3639 1355 165 ooffres mijne dinst in alle accsf

3314 3680 816 162 Gent Jan B Pijsbart

4944 3680 907 183 Antwerpen ƒ 6:18

3501 3825 2333 115 Mons. den ul van 4 pas is tot noch toe on beantwoort gebleven nu

3543 3898 2363 134 will hope dat de meergemelde legaturen vaerdigh sullen sijn waer van

3512 3984 2386 107 geirne passeerde verstaen om mij volgens nae te reguleeren alsode vrind

3524 4047 1941 153 van Englant die tot een prove geerne ten eerste saghen
