8385 4663
1031 258 2270 112 een pack KN.3 met p dobbel Rooy laken aen boort thomas Eledon

1031 364 1628 95 van exon sijn 4 packennst N.15 met 30 serges

1936 397 700 85 N. 16 met 20 ditto

1969 398 746 137 N.17 met 15 ditto

1972 477 714 111 N.18 met 25 perwet

990 552 1999 158 Aen boort Richd pinder van hull sijnde vol gende packen

1755 645 1251 152 MN26. met 30 witte kersijen

1948 748 677 104 N. 28. met 30 ditto

1966 735 1292 191 N. 29 met 10 Rooy exkele dosijntien

1762 824 1470 180 ofr N.30. met 10 gemel geld nortse laken

1045 895 560 133 of vyf dobbel

1714 936 941 170 M N 36: met 12 ditto

1963 979 1016 182 N. 44. met 50 witte kersijen

1966 1098 682 128 N. 45. met 50 ditto

1969 1166 697 128 N. 46. nmet 30 ditto

1971 1179 1278 181 N. 47: met 31 ditto vrapp & allo mede

1012 1295 2195 176 gerekent ftem van london al noch p John alwort

1949 1381 1353 154 N27. met  ¼ & 5 gemengeld spaens lak

1035 1434 691 133 een pack M

1013 1481 2287 154 Daersijn noch y packen met lakens te komen van Hull onder

1029 1602 2245 93 tmerck Asr. Ick dencke aen boort nelson sullen geladen worden

1051 1632 2230 152 voort deen & dander gelieft sorge te drage & adviseeren wat passeirt

2608 1717 607 129 @ 7 July 1681

751 1721 761 155 Leuven Joan de Goede

1030 1792 2239 138 monss. in antwoort aen ul leste wegens de perpetuaien hebbeut

1038 1874 2228 134 die gesonden volgens mij hadde geordonneert de selve waere inde verne

1044 1918 2253 171 gedaen, voor ul scrijven, en sijn daer om niet te erger ul hoewel

1039 1978 2208 143 desorte dierder sijn & die aen ul gesonden hebbe en kone niet beter

1035 2023 2247 158 gedaen sijn oft beter koop gegeven gelieft ul dat ick noch eenigh

1030 2102 2197 166 andere andeverve te geven hebt maer te laten weten & sal dat doone

1039 2133 2270 201 terwijlen sijllen de gesondene light aen de mansijn waer in handien

2490 2201 644 155 @ 9 July 1681

752 2278 879 142 Brussel Hendrick De smet

1055 2304 2239 179 mons. verhope ul thuys reyse behouden is gesciel, al gekoght goet is in 2

1064 2393 2209 171 packen gepackt, engemerckt HDS. & het witt pack laken & wrooy

1055 2481 2264 146 merck is apart in een kleet gepackt, soo dat 3 stucken samen hebt

1059 2534 2214 136 te ontfangen de welke dencke voor nu bij ul tot contentement is

1058 2589 2205 177 gearriveert, hier ingesloten sende de rekeninge vant geheel al

1057 2687 2244 150 'tselve soo taccort bevindende gelieft mijte creditteren, terwijlen in

1063 2736 2235 152 alle voorvallende occasie iets noodigh hebbende mij gelieft te comem

2650 2824 414 110 @ 9 ditto

775 2835 885 142 Brussel Antonio peeters

1075 2864 2236 173 monsr. volgens op 28 passato het versoght hadde ul voor nu hier verwagh

1052 2932 2221 198 t geene niet wille hope foute van gesontheijt is belet ul broeder

1073 3037 2241 147 michiel schrijft mede oimdie affaire te vervoorderen alsoo mr. slanghter

1079 3101 2222 147 hem persecuteirt & daer en boven leyt ul intrest, want hoe langer

1085 3174 2160 152 daer aen loopt hoe coger soo versoeke dat gelieft een eijnde te maken

2649 3238 544 133 @ 7 dittor

778 3293 821 132 Brussel Joan Jacops

1073 3312 2190 143 mons. alsoo mijne goederen langer getardeert hebben als verwaght hadde, soo

1076 3414 2147 158 sijn, soo secturdaghs benetschips eerst aen ul gesonden in een pack 1P3

2899 3472 277 117 ƒ 154:-

1262 3495 1005 135 7 witte baijen a ƒ22: stuck

1079 3530 2215 154 eenighe andere sorten noodigh hebbende gelieft te commandeeren hebbe

1069 3617 1793 135 noch ontrent 200: stucken bij mij waermede blijve

2645 3619 581 178 a 7 ditto 166

783 3706 1015 158 Brussel Meuff devos

1082 3800 2128 145 Meiuff desen tot advies als dat p. satur daghs beurtschip

1095 3886 2202 155 aen ul hebbe gesonden een pack gemerckt I.B.M omtsclve

1077 3967 2212 198 te senden op Bergen henegouw aen monsieur Jan B. Masson

1092 4083 2194 186 stellende den on kost op sijn rekeninge sal ul verobligeeren

1075 4222 563 158 & Blijve

1771 4288 164 155 r

3350 208 717 144 Jondt Jcquus huer

5095 234 876 105 In Antwerpen 8 July 1681

5809 282 111 61 8 pr

3536 256 2384 125 monsr. Euresponce a la vre du 3 courant les estateure de mad Bouwens

3529 372 2418 83 vous attendrous wy et donnerout vre discharges car l'un deprincipall estoit

3519 398 2452 131 horde la ville entre temp quand vous viendrez vous scroot bienvenu puis qul

3356 487 801 121 mons. Pievre meurant

5449 480 412 145 1 Jul:

3531 529 2467 181 mons. En responce a la vre du 3 courant j'espere que cell oy vous trouvera

3527 647 2401 129 en bon sanite Enfin que vous pouure estre en estat devous viener

3519 697 2448 161 voir j'ay t eu vre Estantilion jene doubt pas devons servire puis que

5501 804 264 112 a 8 dito

3516 800 1431 149 Je souhaitte de vous coure et dinmeu

3375 900 917 166 Brussel mons. Jacobus Mostelmans

3533 999 2402 119 desen tot covert van de factura vant goet 5 deser aen ul verkoght, 't welck hope voor

3525 1060 2449 169 ni aen ul wel is gewoorden. hebbe heden op ul getrocken te bet aen mc a sorge tresornen

3543 1186 2427 113 vanden Heen Prince vandenent £75- uls, voorde weerde alhier ontf van mijn H. van

3543 1254 2367 147 lyen te betalen op sight, versoecke op alle vrinsschap mijnen brief gelieft wel te geeren

3557 1367 1090 133 alsoo mijn respeet daer van dependeert

5422 1404 380 121 C8 ditto

3392 1450 923 150 Brussel mons. andries Aertsens:

3549 1490 2397 170 desen alleenom ul te adviseeren dat miest alle mijne goederen van lug sijn gearriv

3557 1613 2411 143 soo dat nu geheel welesen ben, soo van noortschen goederen als superfijne Engelte lakens

3553 1706 2382 148 van alle soorten, ende coleuren, hebbe mede een goede quantiteyt, wite eng bayen &

5341 1799 586 170 @ 9 ditto 1681

3559 1816 1029 113 kersijen, tijts noodigh hebbende & de

3336 1888 747 146 Brugge Raphael Coots

3535 1926 2432 140 mijnst, 7 deser was aen ul mijnen lesten waer aen referre sedert den ul van 6 ditto

3539 1996 2377 135 bekoment packie No. 17 gelieft voor Robert fax te bewaeren & sijnder vertrek

3541 2056 2438 121 aen hem mede te geven Godt sende edwaerd dover met N. 16 in salue de packen

3535 2114 2464 136 uyt smith sien te gemoet de selve sijn gisteren van gent vertroken volgens scrijven

3540 2188 2379 142 van Sr. francois Herrebout benseer bedught voorthomas whit mits ick van

3535 2256 2405 133 niemant van hem verneme eghter will hope hij bij nu insaluo is deew

3559 2342 1014 149 geerne vernaeme Blijve

5276 2363 662 130 @ 10 ditto 1681

3364 2415 938 140 Leuven Adriaen Everaets

4397 2468 1540 114 schorels Denolbaj volghens ul versoockt heeft

3545 2508 703 119 monsr. Ick sende ul

4334 2540 1665 114 huijsvrouwe hier sijnde mij mij heeft geordonneer

3544 2596 290 82 Aen wer

3569 2606 2440 145 geredt te maek ick will niet twijffelen ofte sal ul tot contentement

3553 2658 2429 151 wesen, cost ƒ 31— soo elieft mij volgens te creditte waermede

5398 2725 371 127 @ 15 ditto

3397 2749 821 145 Leuven Joan de Goede.„

3553 2739 2445 198 monsr. op 7 deser hebbe aen ul gescreven sedert den ul van selive dato bekomen

3545 2855 2422 143 & heden p bode scorels aen ul gesondent een witte baiy van ƒ30: wit en heb

3537 2927 2318 153 present geen ander soorte en is van soo danigh gelick hier veel tot witt

3541 2916 2455 234 verkoght voorden soo bij niet nae ul sien is hij kan geverf worden daer tussen

3558 3032 2427 201 verwacht in i0a 12 d'andersoorts sal dan wel eene senden hebt maer de

3557 3101 2415 186 te haeten wet en wegens de perpetuane die sijn in e versf gekrompe hebbe

3543 3168 2432 180 noch eenigh doen verven soo die breeder vallen sal aen ul ordre wel een

5149 3317 787 133 ad 10 ditto - 1681

3568 3312 819 154 tuck a 2 senden terwijlen

3385 3391 956 148 dloucn Kuysten & van Boun

3574 3454 2423 181 mons. In Antwoort aenden ul van 6 deser wegens het ackett van mons

3564 3550 2433 154 marco Antonio mischino, en is aen mij den nhou niet Bekent of te weirde

3555 3646 2424 128 als alleen dat het kanten sijn huidts he selve is voor vinden

3562 3726 2435 174 van London, vandewelke him ores te gemoet sen, eghter

3561 3820 2428 148 ul is bekent hoedanigh andere vrindn daer in bedient, soo soude

3561 3937 2431 123 het selve op soo deghighe maniere mogentoe gesonden worden

3562 4032 2232 155 want het mij ter handt komende p posta oock wert

3565 4141 2410 147 be expideert op london waer mede nae cordiale groetenisse

3536 4304 1122 134 blijve-
