8426 4670
744 196 1011 149 brussel mons fondries t ertsens

2012 196 842 120 Antwerp 19 sber 1682

996 296 2379 126 mons verhope dat ul behoudelijck sal sijn thuys gecomen desen alleen tot

1005 429 2272 66 couver vande ingeslote facture, de welcke gelieft te exomineren ende

1018 492 2308 98 d'accoort bevindende vervolgens te amsteren den heere laet het ul wel

994 567 2333 121 geworden waer in ick ul voorderen dienst ien doen gelieft liberlijck de

1004 640 1362 128 commanderen, die naer groetenisse blijve

2617 649 601 170 21 sbo 1682

714 697 815 181 Amst Sam w hulter

975 793 2386 175 In antw: aen ue van 18 deser gelieft voor mij 4 balen van de

972 961 2380 110 conser gementioneerde u welle te doen uyt soeken mits cone

951 1029 2323 164 ditit de selve voor sorie segovianae wort verkoght

951 1121 2386 168 ten minsten ½ te besprcken tot betalinge omdat ick

988 1246 2377 130 die maddelertijt magh sien alsoo ondervinde bij mijn confrat

977 1338 2390 163 dat daer fronde in gesciet, waerder beter te bekomen sonde

992 1456 2238 144 mij aengenaem sijn prant verlegen ben om een

997 1568 2329 157 goede patije goods wollete hebben, toosoria segoviana als

1461 1673 120 76 pi2

973 1660 2385 150 super fine & segovish wel willende den sprijs geven soo die

995 1763 2292 154 het werdich sijn sonde, wat passent vernee geirne

2131 1867 773 145 Anvers 22 sber 1682

731 1873 980 156 mons de wed Bernare perrin

981 1987 2389 113 mad: puis que le provisions d' huiver, in ont incommode & m'incommodent

999 2083 2357 77 iourmeliment, de l'argent iay pris lhardiesse de tirer sur vostre grace

979 2151 2399 147 souts 17 courant £100- de goos paijables au mons pierre meurant a 3 sepuain

985 2234 2342 104 de veue, valeur reccu de neme, dont ie vous prie de emuser la pouraalite de

981 2324 2332 130 cete ma charge & la ar satisfaire a son tems restont assure que vous

980 2401 2347 113 pranderay aussi regaro a long temps de mon desbours ne souhaitent, que de

973 2484 2364 100 bien servir mes ans et les traiter de maniere de rammais doubter a la

983 2550 2335 93 continualite de leur chalandise, ie vous raccommend autre fois loneur de

999 2622 2370 131 lettre et ie tacheray de vous te conipenser en tout donnent bon marchez

973 2729 753 125 & de bon marchandise

2295 2766 830 174 Aavers 22 sber i682

769 2803 865 139 mons Jaques Bassecourt

982 2863 2352 189 mons la prefente, est seulement pour vous adviser la traite passé sur

986 3019 2377 114 vostre  ce 17 caur en faveur du 6 pr. meurant e £50- e  vene, valeu

963 3077 2381 156 reccu en conf. du mesme, que je vous pre de la ladis. l sontemp, & los notter

987 3202 2368 98 a compte de ceqe van m est reduabl, van priant de gardoner la u d'incomon

979 3277 2348 112 que je vouis cent estie, esporte & ne pas maniquer Ebon payen aant

979 3351 2366 176 receu jey le dit valeu oultre la neaspte exsteme qui j'ay prsenten

975 3431 296 135 delas

745 3510 924 156 london in henrj maijnard

2165 3513 731 145 Antwerp 23 sber 1682

962 3624 2365 148 S my last to you was on the 19th courant sence rec: yd of 5 dito by which

982 3733 2366 143 Sobserve that you shull provide the desired goods, all which is will, as forthe

954 3805 2394 146 pack ila theste to doeked, they areto be dyed hene ted, aurovar or beeu, I doubt

959 3887 2353 141 Sshall want 5PF5: yallon mara and wies red maie more: in the meane

983 3965 2236 148 while pleaseto dispatch the fine spone cloathes before all, vil them

971 4049 2336 159 I desired by ney last and according to the same cullours, you please

976 4140 2324 147 to provide an other bale all low prises from 6 to 7 ƒ a yd, & feu

979 4193 2249 150 of 7:6 or 8ƒ amonghst them, pray endeavour to send n

984 4278 2289 139 lovelij cullours & good goods, & then, I shall be sure to make

3566 224 2524 107 to make good prises, I can not for my life patt of many of our

3571 301 2483 146 remainders of last yeare though I sold some friday last about 32 p

3554 369 2489 149 spanish cloathes, lett the sfamets come the sooner the better and the C12

3561 479 2504 149 silver mara alsoo, batt pray endeavour to have shih goods as last yeure

3559 565 2463 138 you had from him att £68: the 5 p of 35 a 36 yd, for the where

3575 648 2339 116 much bester then these, which came seme and oles wee can have sck

3567 688 2403 192 d gerine, 3 am a fraids to loose the customers, wich I should be loast

3557 812 2477 144 to do: I told you that my wife was advised & desired to drinck sack, soo

3564 884 2490 158 that the liquor  I desire is sack, soo one and a haef dousin of battels

3557 934 2524 201 I say 18 will be enough of sach which, is a sort of spanish wine much

3566 1064 2018 148 in demand you knou with you, & no good oneto bead here

3399 1111 787 153 london arslear Anmesly

4761 1153 907 129 Antwerp: 23 gber 1682

3558 1206 2512 214 according to my promise of the 16h courant do send you hen

3564 1360 2431 168 inclosed a bill of £70 sterliux on pierre  foissin at 2 uso

3530 1436 2485 149 for which pleaseto procure the need full & pass to yd awne autt

3569 1517 2542 182 att 34:9 as soone as more conces in itt shall to be remitted you

3575 1575 668 164 whilst I remaine

3388 1626 649 167 Brussel Jan Jacops

4729 1674 632 131 Antwerp 23 ditto

3555 1769 2481 154 mons in antwoort aen den ul van 21 deser hebbe gisteren aen ul gesonden in

3567 1852 1427 142 een gpack twee roij frisaerden, engelst verve

4217 1921 911 131 N 1226 a 67 g a 89 a 14 ½

5696 1934 357 154 ƒ 64:10 ½

4217 2016 877 121 N 1235 „ 71... 94 ½ a 15

5705 2045 342 66 ƒ 70:17½

5686 2097 302 109 ƒ135:8

3558 2026 2413 210 ick wil hopen de selve ul sullen aggreeren daer en tussen soo sijn onse

3566 2191 2500 170 nortse goederen van brugge herwaerts adroituer versonden, hope de selve int

3559 2260 2525 171 eynde deser weke hier wesen sullen waer van ul noch sal adviseren blyvende

3389 2317 836 148 russel Joseph Sabber son

4912 2353 264 122 23 ditto

6023 2414 72 116 l

3562 2434 2451 142 monr in answer to yd of 20 p 27 coarant I have reed the packet you

3552 2501 2446 131 sent once which shall enamin & pass to yd creditt. I have discoursed n

3559 2606 2439 97 clay about the bookes, & if to be hadd, you shall have themy first konst

3553 2667 2414 132 kint told mee his mony was ready, so pray receave that & pres the rest as

3558 2742 2477 96 much as you can, & in case they de lay seayement, I le thander nith lettres

3547 2808 2461 142 to spure thuncon, for & wont mony aft brussel & have non here: I shall

3548 2883 2386 131 take not i0 of yd packets to come & follou yd order non which you

3549 2959 2453 102 moy depend: you slockings are most all out of their parells, so that the

3564 3042 2497 151 mint weren mens hose are all one order the otfeer p not to bo desting inshed

3556 3098 2479 121 as also the black, there beeng no parells togheser butt of which ef made

3565 3169 2445 114 mention by my formars. in the meane while the mons foust nill sell for

3573 3239 2448 112 £7:15 or ƒ8 at tasthest the croven, is well black as mint at ƒ5:10

3557 3322 2414 124 ƒ5:15 bast I doubt non att ƒ6 neither did Jecersels any hugher

3538 3372 2494 158 so if you please afford mee yd aust most resolution I'El endeavour

3563 3460 568 145 to sell then all

3422 3563 921 144 Brussel Bernard vanden Clooster

5519 3578 248 148 C 23d

3564 3699 2458 157 desen tot advijs als dat ontfle hebbe t panye enge roode finsaerden van 14 ½ & 15 s

3560 3786 2414 160 soo ul daer eenige van belieft, hebt maer te comand.. in teerst van de toecomende

3553 3869 2316 151 weeke sal Ick een partije noortsche goederen hebben, ul connende dinck doen, sal mijn

3572 3936 340 117 devoir doen
