8563 4615
2453 228 878 118 Antwerp 10 canuury 81

821 238 678 130 London John Loyd

1101 304 2276 144 S. in answer to yd of 26:t past. as to the cloversaid, though the bavrell was not

1104 411 2287 90 Bull, yett Ihope there is not vere much un beasuled, that you finde the weighe

1071 462 2306 139 to aggree, I have not yett the charges att gant butt expect itt dayly rith them

1127 560 2215 103 on the pictures which are peeces rolled up in alitte square cas & the fvannes

1116 586 2269 147 made up also in abundele, have don canvas about atyee the 2 parcells toghetter

1117 719 1169 92 marken ILN 1„2 the contens beeng

1563 729 1160 150 one great pr with an haire for ƒ14:-

2522 819 198 86 „14:-

1560 834 529 104 one lant schip

2539 872 247 69 „20:-

1577 909 496 109 2 sen peeces

2528 929 244 81 „6:-

1568 924 669 160 one swanc iaght

2528 985 230 109 „11:-

1574 1012 729 131 one amars of beafts

2658 1053 154 78 :18

1556 1093 497 129 for the case

2538 1063 853 158 ƒ 65:18 fis which I have payd ono

1097 1188 2276 164 ƒ63:10 & made you Deb. accordingly, they must be att bruges by this time & hope when

1103 1248 2251 138 they arrive will give you content, any the least that understands makeing of

1101 1337 2262 132 fraines will cnsely putt them up in order, & have don itt so to make the parcell

1111 1381 2261 145 the lesser as for the tykes Iassine you Inever sended yett one peece to Englend for

1104 1452 2261 156 my acctt nather one peece yett in beurter & I should not have sent thise forwind

1128 1518 2260 169 neither if itt had not been that with alt tb. last & was to ballance mj bocks

1104 1593 2261 148 o& that feared any frost to provent their forwardness I should have kept them

1104 1651 2239 160 here butt whilst they be att bruges have ordered mr. coots to ship theem off

1098 1737 2252 158 for you they beeng not yett shipped I should be vere hard for mee to loose

1110 1782 2202 191 so much lp on them eso I hope you will allow mee some thing towards

1121 1840 2223 179 the chardges otherwise I can not send any more att that rats which pray

1124 1918 2252 163 considder Ill according to yd or derdraw on you att as hight arate as possiblelen

2659 1992 685 116 10 auuny

824 2020 784 140 London Henry Collier

1120 2030 2233 197 S. my last to you was on the 3: curitt: sence have recd. yd cy past. by which I ronder

1110 2169 2226 123 att yd proceeding what can itt discharge mee that you or mr. Knightley draws

1122 2184 2194 197 if itt be for yd acctt & that I must accept itt where by every one must see

1105 2253 2201 160 att what trade wee rin intrest either cor him Ideall with truelly

1118 2274 2258 225 goods you knowitt vere well thatt t should not go so the bussynes metiond

1102 2423 2233 126 in my least concerning my good freind n EW. do keep mee so imploged

1107 2441 2275 190 that sence &didalmost not ing elce the more because wee ure upon recovang

1124 2519 2227 212 part off itt that is the reason & have not yett drawne out yd accnt intrim

1119 2561 2258 205 if you are not discoursed by Es. first, please to keep sec rett what I cont

1084 2632 2267 219 yon & shall the sooner des puck yd acctt. that I mught have the konow

1098 2685 2265 212 sae y some, orrother you the for if you should qultion my kindness toyon

1123 2768 2184 245 ra ffue you that my father would be the greater & so wee might

2927 2839 377 142 @ 10 Juner

1132 2903 1386 155 bring ald volletoghether whit cremen

850 2987 805 171 Brussel Antonio Rossead

1127 2957 2244 224 mons. pay advies degand de mons. vanesplegem, qui touts les soldats sont cognu, et

1134 3066 2196 197 qu'il espere detrouver la plus grand pertie de dentelles non obstant qu'il soit

1100 3135 2210 227 fort dirilie, lacourt est pertie delt et il desire d'avoir la contmue de chaque

1142 3186 2187 215 parquet, & tellement il vous plaira luy envoyer la notue dimimbres devre

1111 3264 2229 173 8 et deceue qu'ils sont returne efnous envoyerons de lal med pourgayne

1123 3326 2069 195 dibtoig il vous plairade l'envoye luy messes puisque je suis

1135 3367 2184 272 je crois que vous savez lesson de mons. paubus vun espligent lose

2760 3530 559 149 4 Jau 1682

1127 3535 1111 165 cheez mons Lans auchin verd

856 3647 961 139 Gent Paulis vanesolegen

1085 3680 2172 171 in antweort aenden en van gette van de 4 paackens de

1130 3787 2187 146 ingebrocht sijn manquer 18½ sucken want daer sijn maer

1128 3854 2250 169 111½ ingrhom en daer van aensooiige wel afgesied

1157 3923 2213 153 tis waer sommige paxkens heb ben maer 14 a 15 p

1130 4004 2189 160 Engehadt de ercleyne paxkent van monssnd te sspar

1159 4108 2186 122 hel bien 12 ostie ingehadt, de 2 meijn die weet

1147 4160 2207 177 gremercen ca 5: sin ingehadt soodat

1159 4263 2202 113 is malero 17, suin soriso de ven tekanter van

1143 4348 2231 123 mons vanden book, en daer van synmeeer te segegen

3588 214 2413 128 twederkomen soonmenker in alles 130 suck cllyn en grootde

3577 268 2375 129 onder de hanten d'ie ue geveder hebben sijn uyt 6 dff penckens

3576 336 2368 123 van ulk wat en al heeft wel geantcoert dat het maer 2½

3599 412 2390 171 paxken hem mijt maken, godt geceen dat u het goet kan bekoen

3595 476 2361 158 is het niet al ten minst het meesten deel, tewijlen wat ul

3580 563 2441 163 soldatn mialteael hekent sijn en gevonden, ick bredin

3601 634 2419 156 continieert in u begoen geneghenge om ons hier van

3598 711 2379 163 e vertolsen hoe dat ue haest sal gedaen ebeen

3618 790 2383 154 aen ooniees noooch haddde wegen het hef van

3581 845 2347 196 Brussel soo seijft anaereit aen moore Roussseau

3601 878 2410 235 daer en hij sal sulen odere behomnsalt he wed ick

3576 1020 2424 217 syn salde ofe hope dat sulx nijet noodich sijn sal

3586 1090 2290 209 maer dat my met is naesn spll verst aen een

5221 1178 712 153 1682„ 1 Jau

3590 1176 1467 202 gott su dacolk godt gele

3480 1327 893 188 eut mons van Giplegen

3633 1327 2391 232 ick heb aen ue heden gescreven met den bode sedet den ue van gisten

3598 1437 2413 227 met den possillion ontfangen met den welken desen teiigge sende

3596 1524 2267 194 ul gelieeftt te observen dat wij ondervinden datter vande

3597 1601 2409 221 wedookome ne kemten uyt 6 differente paxkens sijn soo dat

3620 1687 2419 205 sekerlijkk de soldaten alles depankens hebben geopent endeonder

3615 1772 2388 192 vergaerdeelt, daer sijn 13 perxkent greveert waer vensij het

3618 1847 2390 196 en opt velt hebben geerpeert en gedaelt en waer van eenige

3614 1933 2416 175 smaken sijn wederkome, soo dat sij geen excusie konnen maken van

3590 1991 2441 196 minders getal, het is alte gaden filterijn, want deruyters hebben

3617 2048 2403 196 soherlijk het destn dedegehaet, is daer en is noch niet es stucken

3595 2124 2430 207 vantekam van mons vanden brockbij, soo dan met dat de

3620 2203 2412 183 nombers meettendere sijn afgetrockens van de gene wederkonmen

3617 2264 2409 197 sijn, en dat alles onder mallander is gesamiide, soo modt

3599 2334 2415 191 ul te voock gaen met de stucken waer van de minsten 7 a 8 asijn

3606 2405 2433 213 Jon samen van brussel no van mij 51 volgens de numbers an

3616 2485 2385 195 gegeven macht 171 stcken daer af wederkomen 41 resterendan 130

3583 2535 2453 231 sMluker sonder de 3 cleijne paxkens renise kanten van nonis vanden

3617 2655 2411 194 broek us magh sich vertekeren dat wij voor gaet houden tgene

3629 2726 2375 185 u doeusat, doch de geloften niet t volbrengen ten sydat d

3636 2795 2388 179 goodein al oft het meest onderl wederkommen, gelijk wij niet ie

3592 2856 2429 201 twijfelen oft in gelooft met die conditio, telde 2 peerdie

3667 2933 2315 161 voor deelceinde van eehondert gudens oft to0 patt

3631 2990 2414 215 sonden wel hene volstaen, dat is te seggen dat wij voersoe

3610 3087 2442 173 veel gelt die 2 peerden sullen konnen bekomen tot hun contenten

3645 3164 2377 182 ick bid e daet u delrwlen al oft u ayge sake was, n tgens

3624 3241 2389 173 a niet voor bij hem, daer morten wj in patsenten & maer

3629 3319 2328 171 al dat kan geminageert worden laet dat gesereden

3634 3364 2389 174 nochtans com een sy een suypen niet bedooeen, opdat

3638 3450 2385 162 egenogeen het ons al oft ten diele eehomen godt geve een

3643 3512 1953 207 goet succes waerme de ul. om sal verolligen

3641 3611 1535 155 de nomber van mijn 2 paxken wederkemen gesonden

5295 3593 552 194 1 Janu 1681

3506 3705 945 163 qnt franur greenvood

3611 3724 2424 206 balsiveeeel 8 deser het taccede parlette aem d' heb gesnet

3631 3814 2415 186 neen de most & instanteljkversoct om een coverte

3646 3896 2409 150 adries vamdien ontfanck soo te mijn recotnvenronde

3649 3974 2396 136 vehelelee van ue nist vernoen, doeck de reder is

3643 4050 2391 119 dat het derde niet liere lren voort gaien uytre

3649 4121 2304 115 dese selvevealhten n ongereet raken, soo bida

3639 4192 2322 149 adviseet mij wat passeint on my naer wegnten
