8583 4622
1110 278 2235 183 soo haest iets gereet is aen mij sonden: den ingesloten van ƒ300:

1117 375 2195 187 gelieft te doen accepteren, ende op sijnen tijt in voorde ren voor

1126 470 1972 204 mijne rek. soo haest bij ul kamden sal alles betalen

2555 582 593 201 28 feb 1682

827 615 874 192 Bredael Laureijs Ka

1128 734 2139 172 ick heb ul brief wel ontfangen als mede het drapde damme

1157 848 1948 176 N12 ghecolt dwelck al wederom soo hot van lejst

1143 918 2168 211 is dat het selve novelijckx sal konnen bereyt worden ghelijck

1150 1048 2133 162 oock alle dandere sijn waer van de lijsten heb moeten of

1144 1198 2155 169 suyden vende wee 10 vellen wederom wedersijdts aen setten op

1132 1274 2169 176 soo danighe manniere soude ick aghter yt weven ten tis oock

1147 1369 2136 177 wonder als ul dat sagh aen het veerste ven tweede laken dat

1171 1488 2190 207 95 dan al de rest noch vant selve wilde, maeken dat is al willens

1172 1636 2182 123 imants goedt bederven die kemelsaire seyst aen is noch nmet ghevolt

1166 1743 1981 141 soo wiste niet soo het daer mede uyt vallen sal blijve

2776 1826 265 163 @ 28 d

845 1867 1166 184 London Mess Picheringh & Robbrsen

1141 1922 2188 181 In answer to yd of 10h surtt. do inclosed send the acctt of goods to ret ded. last, as

1134 2014 2219 157 alsoo yd curtt. which finding to aggree please to note accodingly. I have not given

1136 2090 2211 190 you credit for the returned tykes in said acctt. because I had brought itt in this yeares

1141 2205 2210 153 so itt sall finde itt self. opon a neare examinaion finde to have rec of the

1131 2278 2229 175 goods sold about ƒ 800- of which the charges must be dedueted whes itt remaines

1145 2393 2224 136 ƒ500-, for yd ½ ƒ250- there by the loykes returned, will make itt some what more

1139 2458 2243 149 so that a small remise for £50- on £60- would be wel come, because I see no

1156 2589 2189 134 great apearence to rembourse mij self soo soone, for all trade comes to nothingh

1136 2666 2224 133 here & mony is scarey att no rate, I doubt I have not sold abore 2 cloathes

1154 2743 2224 175 of ours this yeare, part of the rest are in the press, to be reprissed, & I'll endeavour

1157 2829 2177 164 to cleare that before summer, that with this approaching spring all might be sold

1173 2945 1656 174 I could wish to be capable to do you some aggreable service

2890 3013 290 146 a 28d

885 3067 747 196 Londen mr. Will Scawen

1150 3175 2231 140 I have before mee yd. of 6 cur, by which I am gladd to understand yd. sase arrwall

1160 3244 2250 139 as for the £2:10- I charged you for a mistake, may casely well be for upen examinetion

1168 3342 2164 149 of for mar invoyces, I finde, that I had butt once romales of severall sorts the

1172 3432 2210 160 silk att 16„6 demy ils att 13, & cotton att 14 - & you sending the last, without any order

1178 3549 2182 140 madl mee beleave itt was for the great cheap, as jnderd I finde the cotten & demy

1177 3635 2173 113 silk were cheaper, & should then the silh be dearer by 2„6 a p to be 19 ƒ susteed

1174 3729 2219 160 of 2„6 less, to be butt 14ƒ, so I finde no great reasen for you to take that un hindscy

1172 3836 2189 137 & may books beeng ballanced according to the acctts given you, so I can not make that

2402 3918 48 78 L

1171 3933 2183 160 other wise, except I allow something upen yot curtt: with the 2ƒ 6 pence in the farell

1189 4020 2182 152 of £33„9„6, as also the ƒ5- for yd. share over cast. you complaine of the sale, ondad

1182 4140 2173 118 had that unfortunate bustynes not haspyned att Bredges, wee might hae made

1175 4206 2192 152 neare 12 , & the goods have been there thinnold & so mishandled, that they all lost

1184 4288 2186 177 their, ealander, there by they are worses by 5 p then the last, which cost so much

5922 104 80 115 d

3577 211 2387 142 loss, & all the dyed dungarees are still unsold, you knw what they cost, & itt will be the

3580 281 2414 154 ntmost if I shall beable to make ƒ6„10- of them, consider there by, that I take the debts

3571 351 2440 166 uponmee, & make you good the while, & that upon a serions examination you will not finde

3593 446 2378 164 that you have been long out of yd mony, so may considder nee botter, & beleave not

3597 526 2396 179 that I am to forward as you write, as if I take all advantoges to my self, I confess I

3586 636 2406 160 have charged the sale with ½  for small & badd mony, that every one allowes ma

3582 717 2413 182 & I assures you I nather loose by itt, for I do not beleave that any comd sold here

3607 813 2379 215 1s payd with worse speta, nay much with hollands mony, because the hollands callicoes

3591 910 2411 155 ane so plenty, that wee can gane butt little by y from England, & the veus sell itt

3608 1013 2367 154 cheapen here of the sale, as att the sale one can have itt, the resting goods are 50

3594 1084 2416 173 dungareos dyed, 30 salmpores white, of which 2 wrappers altoghether in pecces, on the

3599 1188 2399 156 conners of the last bale, & 166 salempores dyed which stand us in here ƒ1622 & you

3601 1292 2433 142 told mee you would leave y mee, as they cost, yett I proffined ƒ 1672.:16, which is 3 p

3593 1399 2399 160 mone, & in case the goods att the neyl sale are sold cheaper I doubt they will not yeald

3601 1507 2402 104 in all ƒ1700- for sure callicois must sall cheap in consideration of what awordd of the sort

3598 1553 2406 159 is arrived, as well in holland as in England: yett to comply whith you, leave miy acctt

5796 1644 60 84 6

3607 1658 2412 143 ballaned as itt is, for all yd pretenses, & mistakes & resting goods I'll give yd acctt. creditt

3619 1747 2355 166 for ƒ860- & I'il send you as brave a bale of tykes as everwas sent to England, & as

3601 1832 2388 155 cheap, butt there is a few  3 seales by, which I'll note so low in prijse that you will

3617 1949 2376 172 gaine best by them, so exspect yd answer, on order to sell off for our acctt in comp

3613 2021 2402 152 ts yett shall needs want more goods to putt off these so if they sell for less then forman

3603 2135 2382 123 dale, please to buy for mee as by the inclosed note you shall finde, for my acctt, as

3614 2215 2412 168 hence forward I intend to do, & make my trade the less, to finde no blames or contrrdichond

5499 2302 495 154 C 28 febr 1681

3475 2357 708 144 Londen mr. Willem Scawen

3607 2392 2381 184 please to buy for mee att the next sale of the eastindia comp. the collowing goods, Io to

3623 2501 2410 163 be hadd att the prijses specified on under, butt lett mee have the best sort of goods, and eather

3600 2600 1440 172 bestod 6 pence more, for the best goods I com sell best

3641 2659 1704 191 120- salimpores raw or brouwne if good & to be had under 12 ƒ

3676 2781 1134 140 40- desti white if att or under 12 p ag

3791 2837 2243 147 butt if no now on bruyne salempores to buy all white, yett itt were better browne to dye

3764 2960 1535 113 because the white are vere much spotted where dyed & god.

3672 3021 2333 130 40 -. S. that is 2 bales of browne long cloth of the fine sort if 10 behadd att 30 f or under to

3764 3124 893 120 besend forward in their bales

3673 3235 480 100 20- cotton comales

3670 3310 518 88 10 - denier silk ditto

3673 3382 462 92 10- all sulk ditt

3649 3427 893 152 240 p  small, & no othe goods

3769 3487 1295 144 the 120 salimpores are to be dyed as here under

3803 3614 997 113 the 40- ditto white to send white

3803 3614 2201 189 & when have yd advise of what is bought shall wate you how to send forward

3823 3772 209 101 15 blacq

3818 3828 470 94 12 mush browne

3807 3902 435 95 10 an cy lighter

3801 3901 1141 167 to red browne or of a blak & gold collour

3806 4015 601 98 20 modith severall cule

3813 4087 517 102 13 severall argensens

3830 4110 607 125 5 browne vire deup bleuw

3816 4206 435 88 5 d. leghter blew

3785 4259 496 102 10 severall yeallow

3791 4318 341 70 20 Jucarnatis

3749 4362 425 104 120 sulompone
