7914 4574
1984 151 1050 126 In Antwerpen 2 January 1681

413 167 1036 139 Brussel Philip van vorselaer

712 228 2314 106 Monsr. tot advies als dat op passatto ul. bewijs tot last van dien heer

734 298 2302 88 tot gent hebbe wederom gesonden, niet twijeffelende oft ul heeft het

713 355 2317 129 sel ve wel ontfangen, oversulx nu seer verlegen sijnde om gelt heb

717 428 2296 129 devryigheyt genomen op ul te trecken op t a 2 d sight bijftigh

738 513 2332 96 ponden te betaelen aen d'ordre van monsr. thom. mulans hebbende

722 568 2375 124 de weirde alhier ontfangen, en alsoo dat op de beurse is getraiteert

733 659 2341 104 en magh hier geen manquement in sijn, want mijn respect

733 714 1348 141 & reditt dependert daer van, terwijlen

2025 742 961 179 In Antord 5 Janu 16819

498 748 789 163 Mons Pierre Meurant

712 851 2383 131 Mons. vous ayant southaitted vre heureuse novelle anne in largerey a l vre

728 969 2339 125 du 29 passato les 31: ditto vous ayant donne advis que j'ay alors receu l vre

711 1046 2395 137 sur ditte avec la lettre de change de500 .D: vant fustement £102:14:2

728 1118 2374 130 a la charge d'Petro andrea martini les quell at accepte, estant du 15 dgb

706 1197 2416 144 auso d renise que fait trois mois icy, tellement serat recen du 15 d januies

716 1273 2363 161 il est Bor Jeloing maopinion quand vous envoye les antre je n'ay

722 1358 2357 123 manqueray pas desuiier vre ordre pour les present je n'ay pas afaire

721 1421 2321 179 quelle argent a Brugges ny a Lille pour les railons donner  la

1873 1531 164 69 Nanx

708 1492 2409 191 presentande, entre temps j'espere les overte enpeude jour Enfin que nre

715 1589 2390 130 marchandise peuvent arrive de Brugge ou que j'aij un grand deraye

722 1703 1603 118 arrive pour moy, Depuis je demeurey

2139 1711 941 171 In Antwarp 3 Janu82-

454 1734 793 152 Lille Rich Southell

726 1842 2369 149 S. haneing wished you an happy, prosperons & sices full new yeare and as many

707 1919 2344 161 Blessings as you desire come to an answer to both yd of 23 & 29 pass the cold

726 2002 2384 152 weather & frost hath hindred my writing as well letters as in my bookes butt this

716 2095 2380 140 mill weather hath brought met to itt againe this day I do exspect yd acctt. hopeing

709 2181 2359 135 you disposed of all our goods in comp. that so you be able to putt the same

698 2244 2413 105 valew to afresh imploy: because I finde my selfs so well provided with

709 2325 2333 138 standing out debts that I am al togheter imable to comply with the

717 2390 2395 129 needfull of my occasions, whoever when you are in England shall desired yd advis

701 2475 2383 125 of what passes, as also what others do intimate you about our trade hered

712 2536 2366 159 princippally I.k who can not yett leave his pratt les as soone I have yd acctt

703 2639 2399 167 shall acvise you what isright as to the concernes of yd freind mr. Herreford

704 2709 2404 164 I have putt itt in worck, butt the woman he mentioned is not here lives oe

712 2803 2344 121 where in holland (which van ellen would not tell mee pretending that

703 2878 2381 116 he doth not know itt salett, m. Herreford write mee what I shall dofuittes

2122 2954 908 128 In Antwerpen 8 Janu 1681

448 2958 943 175 Brussel JH. Bonnecvoy

699 3013 2408 201 Ick hebbe bij mijnen leeften van ul versoght als dat aen mij soudt gelieve te send

711 3136 2410 131 De canten de welke gereet sijn die noch morgen verwaght boven dien heb van doen

703 3195 2384 123 een a 2 tolletten van 34 hoogh ten alder alverminst tijf half Elle tsij truillie

711 3283 2399 137 ofte in settsels, en will wel ƒ14 a 16: p: Elle besteden, ende iderst uck soude

735 3353 2357 112 8 a lanck moet wesen kan ul soodanigh vinde gelieft de voir te doen, en koop

715 3422 2326 122 als voor eijgen geen gemaekt sijnde doet een atwee maken liever van

728 3506 2360 133 hoogh als minder hier op verwaght ul adves In Antwerpen 8 Janua e681

433 3550 872 178 Brussel Joseph Sabberton

701 3608 2409 157 p alter haveing wished you an happy & prosperons, new yeare serves this in ansswer

711 3680 2395 132 to yd formars that concerning the desire crawat now Imust intreat you to previde

711 3765 2388 147 & or light elles of that lawe with 8016 ells of the same pattarnes for the cute

710 3858 2407 126 & this pr first: besides in guire if you kan send mee one or 2 laces wither trailless

712 3934 2339 114 without ground of an ell broad 5 4 or att least ½ anell & 2 in cles in prijses

688 4049 2326 133 from 14 to 16 guilders anell I must also accquaint you that my womans

703 4098 2403 144 buying proved exuding better them yd which Il shew you by letters from England

713 4219 2312 119 when one you come here fore pray endeavour a beter whilst I rest

5015 167 905 93 In Antwerp 4 Jan u 1681

3275 148 601 144 London John Loyd

4519 178 136 80 th

3500 201 2392 141 S. I have Receaved both yd of 13 & 17 past in which I observe that you formd the

3521 289 2311 107 acctt of N. 8„ as also that of the guild leather & that you had receaved the pack of

3509 355 2353 100 tykes N.7„ which you complaine of truely I confess I have been long aproviding of

3520 417 2360 115 that pack because those goods were extrd ardinary scarey att that time when wee

3517 530 2353 42 wee almost constrained to take what best wee could then afford, butt non

3530 527 2338 115 in sealed except one that had the seale some what loose which is caused in

3519 604 2357 98 the press: yett I hope you disposed of them to content that you will finde amendes

3512 663 2395 114 in N.8„ which I have been sensible had not the opportunitie of Red ford mr. coots made

3513 708 2335 134 his excuse & sayd that redford weat away in a sturrj without giveing the least

3516 759 2362 148 noticce for feare of beeng froven, up thought there was nott such need, & great

3503 837 2393 149 deale of goods for his loading ready I shall write him to loose no further conveniency

3505 901 2356 159 there is a binlandar ready which I hope shall be able to gett out with this

3513 1041 2341 110 thouwing weather I shall buy no more tykes for yd acctt. till faither order

3520 1045 2357 156 altought now I finde the werckmen to want mony & bring every meerket

3520 1100 2393 177 day new assortments, the opportunitie of which I have not neglected butt brought

3519 1211 2358 122 a good parcell al ready which I hope will finde their in & intend to lay out

3520 1277 2303 136 some more mony to wards itt in case they continew in plentifull nesss

3488 1375 2426 107 thought butt very little abatement I have writt to gent a sout the legecturen

3502 1362 2425 213 to provide the 32 peeces & to their att most to rimorridge the future contumanced

3497 1477 2409 154 thuely I have used all the rethoricale would I could then imagine to persuade

3512 1549 2372 165 them to do well & to dispach with all con vemens speed butt have no answer

3511 1608 2365 212 yett the least letter advised met that they were att worcktthat thers were

3496 1679 2390 188 non on handes so I doubt they will so soone ready whoever be confident that

3496 1757 2395 225 I shall not neglect the opportunitie to promote yd iintrest my tanckes for

3512 1832 2370 202 accepting of my bill wish you an happy & prosperons new yeare & remaine

4962 1944 951 146 In Antwarp 4 janu 1681

3257 1969 826 151 London Henry Maynard

4504 2048 78 76 th

3520 2045 2383 141 S my last to you was on the 28: past to which please to be referred sence

3512 2143 2336 122 have receaved yd of 13 & 17 ditto, for atryall desire you to in order a pack o

3511 2215 2381 108 goods as by the inclosed patt & instructions from the north, from him, that

3478 2284 2395 119 you tell mee doth bay in forde mont of this towne by order of John Riches

3488 2357 2420 112 fuither I observe yd advise con cerning goods in london seeng spanish cloathes are pretty

3505 2442 2389 93 plentifull I am of opinion that itt will not be and to pick now & then a

3512 2474 2416 143 cloth according to the inclosed patt., & instructions which buy when you iudge

3505 2559 2398 123 a penny worth for trade here is attogheter att ostand so the haste is not

3500 2637 2356 138 reat for them beleaving not to want yd before marck tis onely beccause

3470 2758 2377 90 you might have now & then yd choyce & good goods to content mony is

3493 2810 2410 126 also extran agant scarey, and as if with this frost all was froren op, yett

3488 2885 2396 128 you have a remise as here under  there are 3 binl andars arrived at

3494 2970 2431 138 ostend from London & I can not perceave any thing from Ben: clarck

3496 3056 2326 126 god send him well over & preserve him from the present torming

3489 3146 2362 101 weither in less Ican have the frises here in 8 a 10, dayes I doubt the

3502 3211 2321 116 season for them will be over till next yeare in case m. scawen

3487 3302 1707 108 hat no more callicoes you need to buy no cottons

3490 3378 2380 91 what I in order shall be as before I hope you have grecd. the gold by Tis

3489 3427 2399 144 time from m. Coots, which in case you finde well freely: in order &

3483 3539 2395 133 Iel provide for what monyes comes due to yd acctt. yd bill of £100

3488 3641 2416 126 shall accept incloser sind you 2 bills £400: on John lambe

3508 3724 2377 129 1wot on farnetfereink please to promedhe

3496 3823 2389 111 need fule. I shoud send you patt. r prnent becaus the

3536 3906 646 122 ine s te shot
