8556 4588
2741 193 543 114 C14 aal 11672

898 224 939 166 Lille mr. Richard Suthell

1148 289 2212 158 In answr toyd of 12 cur. I do mu feare for JV. because he doth not

1154 378 2219 151 keep lus woord, in sending mee the promised supsly nay doth not once answermy

1152 474 2239 150 last letters, so have sent to m. Sabberton the necessary nsounchon to discomse

1154 553 2205 149 hun about dicuritie for 3.b. butt I feare HCM. imployes him to & ther go

1153 641 2211 176 to the diyill te confestion, yett y taust someting upon lus tinceritie in the meane

1157 721 2197 167 while I have recd. 2 letters from f.C., wish 3 incluses bills of ex. on JV.I favour

1171 815 2192 169 of mee butt them I 'ls keept ill I have antwer from I sac. & do the beste

1162 929 2171 142 I can. I have yeasterday drawne on you £200 att 2120 n favour of

1158 983 2200 177 Niuolaes de Cat att 1¼  lon, of which please to pasc lero, vacr

1145 1085 2216 183 of 5.6 & £100- to mij acctt2 my uns that marnied the medover

1169 1211 2159 119 is a dijing, if not dead, whilst I warte this, I send you both min e

1148 1272 2228 183 an other bills of £c00 on Genge blommaert foracciptance wluch pleses

1155 1400 305 137 to rehime

2714 1421 498 193 a15 aper

917 1479 749 162 London mr Herij Collies

1149 1534 2218 160 sence mij last to you of the 1. have rec. both yd. of 27 & 31 past with a ledder tose

1164 1630 2173 165 & 3 bills each of £100- for accodptance, which will be sont him according toyd rd

1135 1730 2208 158 whilst intoun I heare nothing from him, yett exspect this day to know, whhch y

1143 1861 2250 118 freind att Brussels shall have wrought upen him to advise you bowards nept mee

1146 1874 2237 177 thincks John vale hadth trade with every boddy, & many bills dayly pertested will putt

1151 1946 2244 207 him to great straights, I doubt IMis deeply engaged, yett I hope non shall losse

1139 2060 2253 189 though I take itt a vece ill signe, that he sende mee nomany att all noth withstind

1151 2121 2221 202 his promise nowas to our concernes, I have don all what I could to dscharge

1128 2229 2258 192 yd bills on mee of 19 oct, 20 jan. & B 3 which sell due s5 short one after

1146 2311 2250 167 other, of which the last this day, a partely to my rimborre have drawne El

1131 2426 2251 177 flemish on m. Rsouchell att 2wt a p. los for yd actt. I rept shall draw

1134 2488 2260 192 on you to m. annerlay, & then I hope you will not charge mee any more

1135 2599 2229 162 butt exspect the remises, for other wise I can not neselve to do any biing

2806 2703 222 109 225d.

897 2730 749 185 Hulst m John Brutton

1150 2807 2245 194 de ul van 9 & 11 deser wel ontf. & oocq het gelt te weeten permisstie £37.4- de

1161 2904 2218 161 welcke op sijn hollants niet meer connen maecken als £38.13.9 want icq geloove

1139 2988 2253 206 dat ul geen 3 st penn: ofte schellingen tegens ducatens can reekenen, soo hebbe ul

1152 3115 2237 188 dan geered. voor £38„13„9 a snd seynde heden aen ul in ul sacq op een peerle

2912 3200 251 139 ƒ 36:5

1235 3250 1465 135 root fusaert engelsche verve N.757 a 50 - a 14 ½

2875 3289 311 126 „ 36„12

1257 3316 762 145 3 wit N. 902 a 61 -a 12

2325 3346 56 113 t

1260 3377 1843 159 1 sergis drape om dat het wat smal is als ordinair

2841 3431 351 158 ƒ 105:17

1321 3502 641 127 Hollantsche weerdije

1121 3562 2203 176 Icq en hebbe geen andere drape volgens ul stael & sergies hebbe present seer

1135 3646 2253 156 weijnige, & geen daer voor van ul soude danck haelen, maer verwaghte int corte

1135 3731 1877 217 parsijen, soo ick ul dan daer mede can dienen gelieft te comand

5231 182 799 162 C 15 apri 1682 7

3457 191 756 142 Brussel m. Joseph Sabberton

3569 294 2408 146 shus is coppye of what you I wrott you the 6 surts, as also of the arsicles, according to

3568 417 2421 116 which please to give mee yd answer, I can not butt wonder to see by yd of oyeasterdad

3564 510 2445 98 that said letter is not yett come to yd handes, itt is the first that ever miscarried, sence

3569 616 2482 79 eott lettons, whiever pas, returne you thanckes that you will assist mee or 2d. coller for mee

3564 665 2464 115 In the coucernes of Hhin vale, for which inclosed a letter which you may perise seale, and

3582 773 2412 132 deliver hum as also desire acceptame to the 3 inclosed bills each of £100 , & in case

3565 844 2436 135 of refusall gett protested, this he oves besides what I have pd. for Tomir of Collier

3573 967 2466 106 therefore, do you thinck convenient to delay presenting of them, till you see, if you can

3557 1043 2445 121 gett aur ready mony, do itt, so referre the menageing of itt to yd experience & if a

3570 1098 2461 153 procur neeespary, shall send itt you, of which pray a word I shall punctuely pay yd

3564 1181 2430 168 dranght, & exspect some crawatt p & custs, wish sngle puiles within 2 or 3 dayes

5509 1309 218 98 a 16 d

3468 1323 644 136 m. mr. Samuel de Hulter

3577 1375 2433 151 op 13 deser was aen ul mijnen lesten, met remise voor £106.7„1 in b waer voor int hopen ul

3578 1478 2439 153 de weerde sal hebben ontf., soo heden op de beurs nydens oec mij dinstigh become, val ul de rest

3561 1569 2476 128 remis., daer en tussen, het geord. voor m. Lumm van Dublin is gereet, & wert naest post=

3563 1675 2464 105 dagh naer Rotterdam gesonden volgens sijn ad, voor welcke weerde ul als dan my sal gelieven

3572 1760 2426 129 werd., hebbe nogh de nette somme niet, eghter mij dunckt 't sal weijnigh meer sijn, als

3558 1883 2464 105 de gelimiteerden ƒ 300- sien de 6 leste gecoghte balen wol met impar. te gemoet, om deselve

3562 1955 2421 134 met de voorigen te confronteeren, alsoo die de welcke al hebbe ontf, buijten twijffel abusievelijck

3574 2033 2451 141 sijn gesonden, principalijcq de sonia segoviana doet die noemt, oft gelijcq ick niet en twijffele

3580 2103 2457 167 ofte is aen ul voor soodanige soorte verkoght, noghtans en is het geen segoviana, ia n.6 en is

3581 2215 2433 128 alleen niet goet genoegh voor de aldersleghste soort soria te connen pass want voor die bael

3571 2316 2470 114 geen 20stp pld. soude willen besteden, is refus ofte rammenant van alles bij een, ende de meeste

3578 2393 2445 139 gaert niet veel beeter als ons inlantsche wol, het merck daer van is op 't wit lijnwaet

3574 2481 2451 146 N. 76 soo dat de selve eenigh ander soort moet wesen, want sij is daerbij ongemeet

3580 2602 2426 120 vol vuijligheijt van sch. en broeken, d'andere balen sijn wel 6 tp ped. sleghter als die in 5p

3564 2676 2460 153 lest voor mij hebt gecoght, de wercklieden en bevinden de selve niet bequaem voor mijn nootsaeckelijckeyt

3561 2764 2448 152 soo dat daer toe de s segovsche heb moeten beginnen, & soo de verwaghten niet beeter en is, soo wete

3559 2900 2436 102 niet wat daer mede doen, dogh alsoo die voor sonia segoviana aen ul vercoght is, & de selve

3579 2946 2466 151 geen soria segoviana sijnde, soo sal die voorbij van mr. Pr. de larre blijven, aen den welcken het

3573 3039 2448 147 gelieft te comniceren, & niet te voldaen 't ensij d'ander sal hebben, gesien het marck van de

3565 3131 2427 126 reghte soria segoviana is RM.R voorgae, d'andere ontfangende sal breeder adviseert

5404 3235 243 110 a 16 d

3463 3240 712 164 Brussel m. Jan vand Baudier

3579 3320 2412 156 In antw. aen den ul van 14 deser verhope dat ul de weerde 10 deser aen ul geremitt. ontf sullen

3570 3416 2461 141 hebben, ingesloten een ander remise van ƒ400- tot laste mijn h anoeet volgens ul bij het

3563 3524 2445 138 medegaende can sien, voorde weerde van 't selve gelieft de moeyte te nemen te besorgen, & ontf

3563 3607 2427 131 hebbende, mij daer voor cred., dogh is 't bij al dien de selve astignatie niet wel en wierden

3571 3735 2464 95 voldaen soo gelieft ul het selve aen mons. stefhanus kints in de violet aen de jersemarct

3561 3765 2427 175 bekent te maecken hij magh het selfs dan in voorderen, & ul de selve weerde in cont geeven

3587 3868 1691 153 wat pasd. verneeme geerne, als mede hoe het met de canten gaet

5577 3898 209 165 2 18d

3481 3950 749 170 Brussel mr. Josuph Sabberton

3567 4022 2462 177 Jeaperday sent you other articles copied out of the formars, as also coppie of myn of the 6

3580 4197 2421 99 which I hope you have well receoved, the more because there is I bills of ex. each of £100 -

3576 4253 2423 129 on John vale with a leder of advise of what passes there about do much long to know
