8037 4601
556 185 1225 108 Mons Lavvent ran perrin

2005 185 984 107 En Anvers as pars

836 260 2104 103 Mons. En response a la vre du 23: courant j'ay receu la valeur

822 322 2337 119 de vre remise en son temp, sil auroit manine quelave chose vous auriez e

822 377 2295 128 la novelle, touchant les eschantillions pours des draps comme vre gra

806 454 2319 109 les Demand, j'ay reccu grand assortement, tellement quil seroit un

813 516 2259 123 grand ruse de vous envoyer le schantillions De tout, le mimbile Estant

827 552 2313 137 drop Crand, si vous aves a faire quelque chose, vous pouvez vous asseure

842 662 2170 111 de topuver vous rien eichez moy, puis que je suis

543 685 716 154 Brussel Joan Jacobs

2280 743 75 85 D

2122 755 904 107 In Antwerpen 28 merrs

770 782 2335 147 Mons. hebbe gisteren aen ul gesonden p sonderdagh beurtschip een pack

836 854 2238 132 gewerck IAK inhoudende 1 3 baryen van d'e onder staende prijsel marcke eenigh

804 917 2222 129 meerder vandeen ofte dander mech gelievende hebt maer te commandeeren

836 975 2183 99 als mede waer in ul voorder kan dienen a In Antwerpen 28 meert

546 1008 982 158 Brussel Jacobus mosselmans

838 1037 2259 163 Mons. desen omte accompainerde facture vande goederen aen ul verkoot

837 1128 2230 139 bdragende ƒ2281:2 dewelcke ul gelieft nae te sien het accort bevinde volgens

808 1188 2187 167 te notteere tis gepackt in twee packen IMN met 1 fris & 6 bayen ae

827 1223 2256 191 met een vrapper & lakens voor ul gouverno ietsanders tot ul rest gelieft

2150 1315 896 144 In antwerpen 28 meert 81

552 1331 834 157 Brussel van Bellingen

831 1390 2172 162 mons. sende ul p bode het stuck witt perpetuaen waer ul van heb

821 1452 2190 150 gesprocken tot ƒ 26: soo ul daer pertije van gelieft te hebben laet mij

816 1515 2008 156 crto weten, & sal daer in ul ordre volgen waer mede blijve

2114 1551 945 149 In Antwerpen 28 meert 1681

559 1604 1068 136 Brussel Hendrick Desmet

811 1631 2216 150 Mons. in gevolghde ul hebbe geseijt soo is mijn norts goet alte gaerder

818 1708 2263 166 gearriveert ick heb daer uyt voor ul aen dien sijde geleft dc obleur de pine

808 1783 2223 155 laken & het spaens modecoleur, soo ul gelieft salt selve ul toe senden

819 1848 2156 165 ten waer ul genegen was het selve te comen sien terwijlen ul ordre

2127 1922 902 197 In Antwerpen 29 meert

840 1978 850 121 sal afwaghte blijve n

554 2028 937 140 London Arthur Anneslay

1832 2076 112 82 th

850 2036 2278 191 Sr. I have not answered yd of 21: pass for want of occasion I am forry you

795 2159 2296 112 die not finde our sale to content, whoever I did the best & thought the

833 2223 2292 131 proffitt was little, do exspect more hence forward, because I am gott ints

814 2286 2335 110 the trade & that com. is become in good repatation for ittsrising which

828 2355 2323 109 other wise, or before was not to butt brought almost quite downs: whereforn

829 2447 2241 114 in case you will soe pleased to imploy butt £400 a £500:  in the sulf

817 2512 2280 131 trade I'll add as much to itt to be equally concerned, & in case then

817 2587 2249 128 I can not make itt worth you will naver beleave mee more yd last

807 2632 2279 138 2 bales were good ware & thought they have suffered extrancgantcharges

820 2699 2271 159 bij comming up to london &c yett are sold to reasonable proffitt: I hope

811 2810 2261 128 the whites from m. Ledgingham are much forwarded inclosed a bill for

807 2888 2201 136 £94:16:3: on Benramin shatd att 35:7 for which please to procure

820 2954 2216 144 the needfull & pass to yd acctt. I have kept this mony in hopes theex

812 2992 2290 157 would full sudduinlys butt itt keep up rather, so shall remitt what mony

829 3112 2061 111 more there is for yd in cash & remaine with kinde saluts

520 3161 840 136 London Will kewen

2209 3174 831 128 In Antwerp 29 churse

1593 3192 97 109 th

813 3254 2298 106 S in answer to yd of 11: curitt referre you to mine of 22 ditto hopeing the

783 3311 2340 118 packett of lace safe to yd handes bij this time, & that you shall finde them

810 3383 2222 131 well, for they are pure good goods as can be had, for mony inclosed the

809 3445 2280 136 perfect invoyce for yds governe, —I exspect to heare off itts arrivall haveing

801 3509 2265 113 an other packett ready to send forward next week I see what you brought

788 3593 2265 144 for our acctt. I exspected you should have had somd of £ 23:6 whoever

818 3677 2264 128 he will have itt as itt is in dying of the goods must be taken not iie

802 3767 2298 89 that they are not spotted as of lace many have been, the browner the

806 3859 2282 112 modecoleurs be the better for browne red is most demanded you may

804 3917 2204 142 freely fend 50 browne long cloth & 70 salempores not dyed, so as you

807 3991 2253 144 brought them & lett what is ready besent forward, either white or dyed

805 4084 2284 140 andas I noted 50 or b0 salempores in one bale of 6 demy cottons & no more

793 4171 2267 82 & the cottons tred with stronge ropes that they do not loose and rather

811 4246 2268 102 3 ropes and eachside then butt 2 of what passes exspect yd advise, becaused all

820 4299 2182 83 our dyed culs are gou almost butt the in carnats which do not go oftist

807 4376 1577 52 yd bill I have acceptes & so with hindesalut

3288 183 837 111 London Henry Collier

5034 228 917 84 In Antwarp 29 march 81

4353 229 222 86 th th

3553 253 2399 131 S in answer to yd of 4 & 14 curitt am gladd you finde all my acctt. riaht

3548 354 2399 99 so wee will proceed in conforitie: I Button hath accepted yd bill & I ud

3530 376 2383 111 of the like some with £100: drawne by LK & the £35:17:10 all for

3535 440 2396 129 yd acctt. all the bale h 36 is sold to good proffitt, and exspect tis day N.37

3526 504 2419 108 of which most are sold by the pattarnes, so that I beleave shall itt them

3534 601 2423 121 off all very speedly, & send pattarnes for an other small bale, which I finde

3542 656 1407 102 will keep as out of restants a governo -

5354 675 530 101 as for DH now

3538 718 2411 133 wee have sentence against him he not haveing opposed the law, butt by delar

3544 789 2395 85 of beeng out off towne so that now wee proceed to procure sent ence up on

3540 865 2392 86 his person or goods to gett satisfaction by selling them, or arresting hin

3544 933 2377 121 butt I doubt neither will take, for he keeps him self up on his countrey

3546 994 2382 98 house & seldon comes to towne, besides what causes more scrvple is, that he

3531 1060 2411 82 hath transported all the estate to his soom, butt can be brought in question

3543 1123 2412 125 because he is a live & indebted: John bichley hath shipt off a s mall pack

3533 1206 2414 110 of tykes aboard adriaen de coninck, if they intend to send you, that I know

3520 1271 2429 134 not yoing tom. is likely to be a captain of a comp. foot, & thus trade

3529 1327 2406 133 & no y mony att anend, what I Bick: shall do is in cortain, herrems

3498 1370 2428 138 doth all he can whilst I could wish with all my heart you had some thiang &

3517 1475 2427 122 was satisfied, tis petty you suffered TH to eave england last vouge, before

3533 1539 2332 82 you was satisfied, for thea he should have made shilst to pay to be

3518 1608 2047 104 cleared, where now, wee rimrisico & to so with kind salute

3272 1608 758 134 ondon George Cole

5057 1656 827 128 In Antwerp 24 march

4050 1661 114 115 g8

4592 1710 103 78 th

3538 1712 2356 140 S. in answer to yd of 25 past & 14: curitte as to the bill you speake of Jian

3517 1805 2390 96 nott finde out in whoes handes itt shoulde be, you should have ginon a note by

3522 1857 2410 64 the indorsment, that for non acceptance itt should be presented to mee, whoever

3532 1922 2350 109 shall endeavour to take eare for yd konour, as well for accepting as raying

3508 1968 2428 64 if must be what further shall pass about the same shall advise you I have

3515 2034 2417 108 some mony ready for theestate of JS. which you may exspect p fust

3505 2123 2438 61 whilst pro imtrem supose you finding all my acctt. right you will send

3501 2162 2431 117 yd approbation & so renaine  a word in answer concerning the lerges &

3520 2214 1286 115 att aoon how the 22 yd moden gray es

4986 2212 917 141 & 24 yd ditto ale the hest ort

3282 2245 829 146 London Abram viians

5065 2301 813 141 In Antwarp 29 march

3491 2377 2416 173 S. my last to you was on the 18: curitt sence recd. yd of 4 & 11 ditto as for the lace

3514 2505 2387 112 trade I have now ready the newsmall flowers & some hiped ground & the nw patt

3516 2567 2404 85 that I ordered to be finished are raddy so shall send one packett next week, which

3514 2639 2395 121 doubt less will turne to good acctt & sett off the rest, for itt is a most curious

3511 2679 2407 127 assortment & I am well nought assured that no man in this countrey can buy

3499 2760 2425 128 them cheaper, for I am persuaded to be on theright butt om of that com

3490 2868 2401 89 of which the next paclett will shew you the truth I doubt not butt N. 12 ibwi th

3509 2922 2395 117 you before now as also the linnen which cont. a 25 att 32: butt is very good so

3486 2973 2453 145 cost ƒ40:- now as to our trade all the goods from nelson are come to hand

3486 3062 2429 118 N. 24 proves indifferent, because many of them do not hold out their measare

3499 3153 2368 91 in lenght nor breath which is agreat fault, for onles the cloathes be 1½

3497 3227 2420 118 yd broath without the list, they mustlye by & severall are ¼ of an ellled

3472 3280 2420 130 so that must be avoyded for the future, most part of all the goods areseld

3498 3379 2402 88 as well cloth as bayes & monyes como in, so wee must goto a fresh ordere

3502 3437 2365 140 butt I do not know whom to imploy, ime thincks he that bought the

3483 3521 2393 144 bale N. 29„ will do well for those cloathes prove better then the pattar

3464 3597 2441 145 did promise, and in case you do iudge him able, wee will stick to him

3473 3683 2440 149 for itt is best to have butt one man that undestands him self well pr

3479 3775 2410 88 write to him to provide some draps culloured cloathes of all sorts

3472 3875 2338 82 from 3 st ayd to 5 st ayd raw, whilst my next will bring you an

3484 3925 2399 158 in struction & ordes for 150 cloathes: intrim lett him also buy 100 bayes

3476 4056 2407 127 from 35: a 36 st a p to 45st ap & that as soone as he can meett penny

3492 4124 2372 136 worths. for our demand is so quich & proffitt accordingly, that wee

3472 4217 2360 110 shall be very siddemly out off all assortment, I hope the bale N.131-

3467 4309 2417 95 is shipt or which cxsep exspect yd advise as also to know how northres
