8549 4615
931 245 2338 79 ef you thuck itt convement, & you will bemost eertely welcome for I can

931 299 2314 98 not come to you, for weant of a sststance in my absence, as you have inclosed

938 351 2328 106 you send you m pindars letter, where by he draws £40:  on mee & makes

927 402 2301 119 his acctt. due time due yett sofs. by ballance besides a good some proffitt &

2829 464 423 133 £204„13„6

961 478 1588 123 charges: thenis due to him of last years autte

957 522 2286 168 sence are sold 17 of his resting goods & is the restofall alt „ 68„„-

2573 610 714 160 reken ƒ 272:13:6

2572 699 708 114 „ 234„ 7„6

950 671 1262 144 oon which he hath drawne in 3 bills

2447 809 847 102 to there is due £38„5:-

933 856 2280 144 flennel which mr. seaman owes, I shall not accept his bill oneles you

946 934 2321 104 ordered mee, & that you had securitie for itt neither shall answer him

967 997 2295 121 before I have yd spinion & letter returned hereinto: when seefather

966 1092 1881 107 gan shall accquant him with the need full & sorest

2672 1094 601 162 Antw: 269d 1681

773 1122 828 162 London Henry Maynard

1995 1191 112 98 th

987 1219 2324 154 S my last to you was on the 22: curitt when remitted you £251„ 16„1 on

995 1294 2320 152 mr. simon bevanger which I hope is well come to handes sence non from

1003 1372 2247 163 you, so this onely for covert of the inclosed bill on peete rmidg due

1187 1481 57 66 I6

973 1441 2276 186 the 6: ensuing for £140„, ss of which the first accepted is in handes

990 1520 2226 147 of Daniel Porten, which please to procure & valew att due day

1005 1616 2219 130 & pass to my acctt. you will oblige mee in not drawing onme

964 1664 2311 144 for you see I endeavour to comply, with yd commandes, shall fuuther

999 1748 2268 145 endeavour to remitt more that so the ballance of mp acctt may be

970 1826 2311 132 the less when you draw itt up which I desire you not to do before few

986 1887 2299 145 dayes before yd coning awaj: & could wish yd coming here was faw

997 1974 2262 172 dayes in Eammary, because & might inclade the whole yeare 81: gett

995 2079 1600 113 as you thuck convenient whilst & reamne

2696 2058 583 176 @ 26 ditto -

775 2154 709 119 London Henry Collier

1881 2175 146 98 th

1007 2155 2274 186 S. my last to you was on the 12 curitt. to hich referre you as to matter of

999 2267 2263 121 trade & drawing though in yd of 28: past there is an other bill for £100: to

1001 2307 2308 177 be acceorted, which is don accordingly, in hopes of yd complyance I shall beforee

989 2396 2231 168 to redraw the £100:- of 17 xb for there is no mony sfurring: god

1000 2468 2273 143 bethancked Iam in good way oft recovering, so that you may expect

1004 2541 2281 162 yd acctt. ballanced ret. ab. as Iam used to do as for ardass silk, here

1015 2632 2259 128 is no good att all to be don with but for galeoly, if I had itt now herecould

1002 2705 2299 117 make avere good prise foritt, butt now itt is to laite, to sende any, because

989 2788 2316 113 in case of frost itt might be detained by the way butt hence forward when

985 2840 2244 152 oyle is reasonable cheup about hugust  to have itt here before

991 2928 2306 137 inter one may vere well castert a good acctt of ittwere in ean

996 2984 2263 187 serve you or any other freind ffreely commande n Hartop refuses to

2729 3101 551 123 @ 27 ditto 1681

974 3091 607 147 pay the changer

3036 3165 107 84 th

774 3167 751 158 Dort Robert hartely

1003 3192 2310 187 Sr. my last man negeeted to include the inclosed note on the 24 curitt dott

994 3263 2314 177 I hope you have duely receaved the valew & found itt to content whilst I shall

976 3405 2323 130 be gladd to have yd approbation in the meane while, please to send mee

992 3456 2314 179 2op more of the eyst kersies 22 yd with as many bayes gd you have

1000 3485 2283 225 oof them you sent mee unsole pray dofir mee ys you would bedon

995 3582 2251 201 by advise also what bajes you have underway & Ill altrayes pay

2639 3679 610 181 E@ 28 ditto 168

1005 3726 1215 142 you ready mony & so remaine

776 3803 1272 130 meggen Cornelis van Aken d Eonge

997 3852 2318 122 mons. in antwoort aenden ul van gifferen tis mij leet dat ick ul aenmeerder

978 3934 2321 134 drogueten nu niet kan dienen, alsoo deselve altemael ten arrivement

1002 4006 2260 167 weirden verkoght doch kan ul noch eenighe dagen uijt waghten sal ul

994 4101 2265 148 gerieven want noch een pack onderwegen hebbe, soo gelieft mij ul

971 4186 2348 115 antwoort te beten toekomen als mede ofte ick ul en iets ander

971 4290 1171 114 kan dienen messchk b

3374 203 896 101 meuporte michiel vallego

5119 196 838 103 Antw: 28 gb 16811

3546 246 2433 150 mons. verhop dat de leste 7 gesonden packen van mons. AntRosseauen een

3538 342 2430 112 van mij EA.WN.6op 21 deser vertrocken el wel sijn geworden heden

3531 395 2442 125 sende ul noch een RSN3 oock voor monsr. Edmuns warmer ende MoT

3525 486 2452 107 N10 te volgen dordre van mons. Brauvier, beneffens noch 2 te volgen

3531 530 2433 146 d'ordre van monsr. Rossean & door ul dionkostre te betalen mons. warner

3536 602 2435 131 seght dat mijn parsetties te groot vallen daerom sijn correstondent

3514 651 2482 138 tot dovers moet onenen ick bidde ul alle mogelijke recommandarie

3521 734 2337 163 tegeven opdat deselve geheelijk mogen ter komen vant gepasserede

3546 832 1045 118 benoe ul advies nae groet

5291 851 649 133 Ant 28 ditto

3403 905 938 111 mons sebastigen martinez

5343 947 52 58 re

4378 916 92 98 me

3545 910 2424 154 mons. ensuite delavre du 21 courant Jay vous envoye le 27: ditt dans la ballotte de

5554 1023 253 111 ƒ 28„-

3547 1041 1330 117 mons Trivier on bay blanc de minerd 1

5538 1086 249 95 „ 29„

4053 1106 684 101 on ditto marque 25

5569 1152 210 79 „360

4058 1156 841 107 on carise rouge de 30 verges

5533 1199 331 68 „ 27„30

4068 1226 924 118 on carise blane de 22 verges

5211 1246 711 122 en samol ƒ144010-

3557 1319 2421 140 et pour de carise rouge de ƒ25 a ƒ26: pour le present cay ney poin mais la

3560 1385 2389 137 sepmaine prochaine, Ianrois beaucoup, et alors ie vous envoyere un belle

3546 1456 2359 140 caut ceux qui sont dans la balotte de mons. frivier sont avve un note

3563 1542 1631 132 avre grace addresse ce que vous serve a davies de

5416 1517 590 176 @ 28 gb 1681

3421 1628 898 116 brussel Hendrick de smat

3564 1634 2449 180 mons. hopwe wel sal thuys gekomen sijn den in geleyde 1s facture vant

3569 1707 2425 176 goet aen ul verkoght, 't welke niet entwijffele ofte sal ul tot contenten

3563 1800 2408 127 vinden volgens v begeeren hebbe devrijgheyt genomen & mijn assignatien

3567 1852 2426 144 aen mons. Ean Franc baudier voor ƒ500:t de welke onder sijn quitant

3568 1895 2439 175 aenden selve gelieft te betaelen daerentusschen soo iets anders tot ul dinge

3572 1962 2463 186 voor valt hebt maer te commanderen soo haest de swaer bayen comende

5416 2040 524 164 @ 28 ditto

3582 2081 1523 136 salse aen ul senden waermede nae groet

3412 2160 982 168 brussel van francuiss Faudier

3559 2164 2418 223 monsr. in gevolghde de ul van 26 deser hebbe het packie N. 10 wel ontfan

3551 2248 2449 216 & is het selve heden op meuporte voorts gegaen ander uwen advies brief

3556 2302 2481 238 t br devorige packies sijn, daer all wel gearriveert, sal niet twijffelene

3561 2378 2479 218 ofte ul sal voor mijne remise de weirde al hebbe ontf ingesloten noch

3557 2503 2470 162 ein bewijs van ƒ500: &eontfangen bij mons. stendrick despiet by de persmes

3536 2528 2479 224 laken verkooper aen de proipt betalinge hebbe geen twijffele, wat deswrij

3567 2643 2427 198 passeirt verwaght te verstaen tarmeyipalijk De nette somme die ue

3557 2658 2462 208 moet hebben om ul daer voor te creditteren waer medenae groet

5427 2742 569 127 @ 28 ditt o 1 687

3429 2826 870 129 brussel Joan Le febvre

3571 2828 2430 189 Mons. in antwoort aenden ul van 26 deser hebbe present geen wesche

3582 2911 2354 181 payen meer soo kan tot mijn leet wesen nu daer aen niet gedienen

3554 2961 2378 175 erenwel verwaghte ten eerst een ander pack waervan ul sal voorsten

3583 2959 2453 244 bij al dienen ul daer nae cangewaghten  ondertusches iets anders tot ul

5414 3081 580 139 @ 28 ditto 1783

3605 3160 445 99 deust sijnde

4689 3190 183 75 me

3423 3151 927 174 brussel franctis Anillion

3571 3132 2453 239 monsr. En response a la vre du 24 couront il me salvement quand bayesse

3583 3223 2391 230 sur vre que vous m'as augi que vous pounite avoir les frisettes

3562 3278 2449 235 a la moder emoindre prisque ƒ2: cette la raison que je ne vous ay pes

3577 3339 2354 249 envoye quall aucne sans savoir vres ordres, la quelle  larous

3592 3386 2445 266 envoye un pe pour an broff N. 892 a 26 a 35 ¼ a 4  ƒ75:13:

3586 3528 2423 175 et si vous voulis avoir davantaqu layant veu vous pouise mandes paissed

5444 3579 518 125 @ 28 d t06

3438 3638 1023 152 brussel bern. vande klooster

3581 3639 2356 203 mons. in antwoort aenden ul van 25 deser, en hebbe ul commise

3572 3721 2313 202 niet vergeten gehadt maer de frisaerde hebben seer lanck buyten

3583 3778 2380 202 al verwaghtinge getardeert, soo dat de selve eerst deweke sjn

3581 3878 2417 193 gekomen & gisteren versopen gedaen soo hebbe dan 2 stucken

3589 3971 2313 142 wat puyk uyt gesocht & op een gerolt &aenul toegesoneen

4048 4050 1970 130 synde N852 „ 62 a 82 ¼ a 166½ a 12 p ƒ 99„ 18

4279 4120 713 111 N 764 163 „ 84

3563 4154 2316 162 Dese hope sullen hat is factie geven voort geene de voorgaende

3623 4166 2342 191 sleght sijn geweest alsoo sij seer goet vallen daerentussche

3599 4279 2348 143 hebbe nu seer veel versgvedt nt rage kan cheel in iets anders

4023 4376 1361 68 dimen gelieft te commender
