8556 4629
2432 230 834 123 Antwerpen 8 ob 1681

811 240 1022 123 Brussel Bern vanderklooster

1077 302 2212 113 monsr. Desen tot couert van ul brief den welk geaneptaen ul terugge

1092 392 2218 102 sende waer in ick ul voor kan dienen gelieft te commandeeren & blijve

1094 457 597 117 sRichd Southell

2025 471 90 81 h

803 423 208 141 Lille

2708 462 569 114 a 9 xbris 81

1095 482 2152 137 Sr. I have duely rec. yd of 20: past.  I have furned m. pindars bill with

1101 580 2246 125 protest thancking you for yd advise asto otherconcernes whenany thing

1093 638 2227 119 you please to concile mee, shall bekeft as toyd self this pertely to the

1079 692 2212 144 in closed letter of mr. Bridusigeen, wee are vere much allarmed

1088 762 2206 129 att refrennch doings sih keepsall trade now quite ithe

2745 850 539 126 a 9 xber 1681

1090 851 919 109 cotton this & remaine

2083 915 166 102 th

825 899 829 159 London Henry Colliur

1107 928 2251 166 Sr. my last to you was on the 26: pass. sence rec. yd of 21 ditto as to the concences

1100 1046 2180 128 of T.SS. I doubt vere much that, you will finde nothing butt words, for the oldman

1087 1092 2252 152 iusted of paying the charges, sayes to m. Herreynce that you shall finde itt wih

1073 1167 2224 134 the capitall, which I supose will be never, butt what soever Iwte, desire you

1097 1243 2237 136 not to mention, mee butt as if all you had from herreynce yd self & tell

1099 1341 2246 117 boath you uy hert opp & bigheley freely, that the old man refused to pay the

1083 1414 2255 87 charges in alaring mannes, so that herreynce he told mee plainly that m.

1087 1482 2252 107 hart op never thought to pay charges nor capital for which should be sorry

1087 1561 2244 119 Icould wish he were in a good condition, for heis aman that ever y onee here

1089 1630 2184 127 laves, and his soim is vere well estemeed, will doubtless be advanced

1082 1688 2181 120 as for trade itt is not onely with you, butt more dead with us here to

1111 1757 2190 143 which the late french invasion & spoyl hath al most gen the last

1099 1819 2247 170 blew, whach o doubt not butt you will understand fromall hav, inclosed

1100 1918 2191 129 one from John button who makes aworld full of complaints atells

1088 1977 2230 138 mee that were fromrly ke sold att . mislaes faire day for 6 a ƒ 700:-

1091 2073 2190 119 in goods he sold now for £6: flemish, so that I doubt you will have

1105 2125 2212 147 some thing to of itt whilst he refuse the to accept yd bill till he

1081 2222 2180 106 hath yd answer here unto, whoever yd sonmes shall finde due

1094 2241 2256 144 complayneede hale don somck aspossibly croulld to discharge ydbill

1097 2333 2211 134 17  without redrawins, butt that of 30 ditto & can notaroid

1076 2394 2209 153 though much agaiest mij honnour, so have past mj bills of paule

1092 2460 2213 170 cloots for the ratw of aquespoyon, onue for satie I say £60s

1093 2521 2252 155 of y. curitt 2 uso to the of pauls cloots for the valew of Garques tsandes

1092 2622 2256 124 the other of this day for £60:- to the order of m. Arthur Aimeslay

1081 2670 2243 121 att 2 uso boath att 35:4 which please to qive due honnour place

1084 2732 2126 148 to yd acctt. nowas for acctt. I am in so good a forwardness that

1107 2773 2212 173 & supose few dayes in canuarynext will bring them all for I have

3039 2866 56 46 in

1097 2879 2201 143 time enough dagly to be about them & Immust ballance itt curitt

1100 2930 2172 143 according to our custume, so have now solons patience you desine to

1073 3009 2208 139 draw more mony, you know what I wrott before & in case times go

1090 3072 2159 135 on with us, as he ther to they have don then & feare there will be no

1089 3118 2291 186 trade attall, soam resoluld to desest much mor in allmanner

1093 3201 2224 159 of drawing, trully  you lived here & saee things as they goyon

1101 3282 2240 148 would finde reason to beame yd freind that should be sp argent as yoo

1108 3402 1628 102 are & that is all I have to say whils remaine

2716 3368 518 164 a 10 xb 1581

783 3429 1402 142 t London Arthur Aneslay

1105 3481 2240 143 S. in answer to yd of 25: past. returne you thanckes for yd readiness in

1097 3572 2149 141 providing the 2 bales to putt off the rest off aur goods here for my

1084 3635 2296 139 half patt in their cost have given you creditt. & shall exspect the pattarnes accordingly

1089 3702 2252 174 to yd promise yd bill shall finde due complayance & be past to bookas you

1093 3795 2176 137 order ony acctt. you have here in closed £bo mare att 2 uso

1087 3855 2247 125 on mr. Herpij Collier for which please to procure the needfull & passt

1094 3917 2244 181 yd acctt. att 35:4: our ordinary time for acctts is ult. xb., so god, willing

1093 3993 2283 169 you may depend up onitt, to have yd att large, for bram in a good for wardnitt

1088 4123 2258 105 toitt, god send our goods well over of which shall give you timely notill

1111 4195 564 141 & so remaine

3393 215 759 114 Ddublin Eluathan Lummm

5219 203 699 97 Antw: 10 xb 1681

3518 224 2431 139 Sr. I have before mee yd of 14: past when by am glad to understand that you had receave

3512 333 2438 98 the laces & sireen. as for laces now they are so cheap, that never the like hath

3507 405 2466 70 been, so that I shall complent yd order much to content & assort the maccording

3497 438 2471 108 to the last orders I have out of England of 25: past. which & do not doubt butt will

3526 559 2441 80 prove well & wee send not muchopen lace, or holes, which wee eall without gotund

3515 564 2382 120 butt some, of antwrp laces of which you had non, so shall endeavour al

3515 599 2475 149 much as possible to incorridge you of which I do not in the least doubt, because

3522 689 2453 130 wee can have now what we will of sorts & really cleap so you may dependupon

3520 722 2487 171 my care to comply with yd diretious I have wate for ostend Rotterdam toknow

3534 881 2444 77 what conveniendey there is for schipping for Diblin to dispatch the goods the

3529 888 2459 178 stoneft & shall alcording to yd orders valew mij self on mr. George Cole & so with

5424 934 549 163 1@i10 xber 82

3390 986 657 133 London Luey Knightley

4494 1039 49 71 I A

3522 1020 2399 180 Sr. my last to you was on the 24: pas to which please to be heferred sence is John

3547 1077 2463 198 simons wall arrived, butt the goods are yett att Bruges intrim inclosed is my bill

3511 1126 2506 224 for £60: on mr. Edmund varneratt 2 uso for which please to procure the needfull

3532 1216 2434 204 & pass to my acctt. I hope the time shall not in commode you if itt doth

3545 1298 2428 198 please rather to draw omnee Icould wish to have some Jauroias, & reds as

3535 1357 2407 200 last desired of which please to take noticie when areasonable pennuwoith

3533 1394 2475 253 presents whilst I could be gladd I could do you some service with my tykes &

3532 1499 2437 177 I am some what confuse with yd kersies because I can not stersuade any of

3546 1579 2420 207 my customers to buy fheim therefore mee thinckes that if they were sent in holantor

3545 1653 2366 201 returned to you, you should make much more then I shall be able todo:

5502 1719 486 152 a 10 xb 1681

3545 1779 984 154 the y pay no charges out wadl

4612 1864 71 74 th

3545 1832 2445 212 Sr. sence mj last to you on the 3 curitt wee have been much allannes by a french

3425 1880 697 149 London Comune Warner

3548 1897 2437 218 nicassion between gant & bruges up on apretended acctt. of represailles, so that the

3540 1947 2509 273 passage from hence to newnort was not secure & therefore dewed send non

3547 2037 2341 214 of the packetts butt this day wee understand that they are retired & all

3559 2071 2449 274 passages secured of our pedile, so shall now proceed p. next to send the rest of

3558 2130 2468 278 yd goods as also what you have in ordered by yd of 21. nast viz 2 p. of crawatt

3557 2223 2431 251 from 10 to 15 guld with dubles supes 3p. for coawats plaine ground which you

3553 2248 2466 293 say must be ss of 5 p 10f 9 t & one a 15 a 16. which i supose you meand

3541 2358 2479 252 shillings flemish, because before you wrott of guld. such sort wee have they

3553 2448 2379 217 beeng for the vere common sort of peorle not altoghether to broad as

3550 2502 2425 243 others, you shall have all withing 2 post colserve that dayly you finde

3560 2553 2434 233 more reason to complains, which you should not do in case you wasised

3546 2626 2380 224 to yd ex. peoples honneurs for though goods be never so chear they will

3575 2657 2454 274 alwayes abate more & more & will persuade & tell you thousand floriss, &

3560 2761 2459 235 nay lie from one month to another  send goods to 4 a 5 severall freind

3575 2827 2459 243 in london & ded for a long while & have of late clarge commissions from

3560 2918 2387 232 them as also out of grlante, I am confident they understand the

3551 2961 2462 246 trade, for 2 of them are setved yett of another besidas mee & in case they

3556 3044 2441 252 loeindimy doyng, if not better, att least nott al others Iam confident

3556 3168 2463 196 they would not continew, butt now please to bb serve is the worst time

3562 3219 2433 195 of the yeare & towards spring you will finde itt much better whilst pro

3578 3289 2409 166 intrim you may make what advantage of itt you can, andif sobe you

3571 3385 2430 158 finde any peeces & which would not sell to yd content, & proffitt, returne them

3566 3417 2453 174 though & didnor do send, butt what others do also demanded, except itt be the head

3578 3500 2441 170 flowers in the antwarp laces, which somes times they will, & some times not so

3570 3575 2457 151 well, whoever they can be returned for by no meanes may you haven any

3577 3676 2438 108 thoughts to onderalewe what I send & to prevent yd further complaints do nick

3578 3738 2402 145 out for you out of all parcells, what penny worths there are which I shall

3595 3794 2398 131 mack with a private ssigne, or in the invoyce please to advise me il you

3600 3900 2360 131 sinde no fautt by the pressing or making up of the packetts, that there

3603 3957 2432 124 bj the laces, should sauffer & make the tread the courser here before scould

3581 4041 2428 142 butt in one packett ƒ750:- & never were they almost as bigg as now one

3595 4120 2383 116 of ƒ550: a ƒ 600:- so that laces are dogh cheap & people can hardely hul by

3584 4184 2472 143 them that makes y. I shall make up one packett in the manner as fthomas

3604 4275 2448 126 stanep is iused to do, to see if his way will please you bester butt pray heer that

3591 4340 2429 119 to yds self I have this day sent my bill tou huy knightley for £60
