8487 4622
2775 176 535 169 C 1 Julij 1681

884 178 858 147 mille Jons laning

1162 325 2256 144 je ne seay que dire que je ne traive pas satisfaction pou ce que vous

1125 408 2304 146 m'est reduable des tonest gens, font leur devoir pour payer leuts debirs

1127 532 2316 137 jen'ay pas peuse autrement de vous, non obstante que je srouve vs ssue

1132 609 2315 177 pour la primier faye que j'ay eu le vonnir de vous servir, je pouray

1130 735 2303 121 sou faite de vous n'avoir jamais ven, car j'ay vendu ma marchandises

1133 855 2276 131 Jans profoitt, & cela saulem. pour vous engager de vre chalandise, &

1141 908 2303 175 entretamp voun me laisce & don par de satisp., raison pour quoy se

1172 1006 2271 189 voin eseri autre for de me faire payer, s vous ne voules pas que se

1153 1125 465 144 vous sase

884 1241 1098 170 Mechelen Hendrick van Hnseges

2956 1256 262 165 a 31g

1152 1363 2270 163 In antw. aen den ul van 25 deser is mij leet dot het root laken teet

1117 1492 2288 119 is onder salf elle op soo eerst, is wel het pcoftijt dat icq daer bij doen

1131 1561 2290 167 can, ul sal sigh wel met een consent, want soude geerne hebbben dat

1133 1666 2263 174 ul wel gevreden wat onse goederen woorden met geen stedts maen

1118 1775 2321 163 coght, maer bij de redvere van d garder, waer over wij malchande

1116 1914 2324 136 te vreden stellen, oversulckx heeftel daer toe geen stadt & meeters e suplijen

1099 1962 1928 194 Iaq soude ul eender gest hebben, maer ben buyten geweest t

904 2107 753 163 London Henry Maynard

2930 2114 372 157 6 p. aug

1119 2245 2298 110 mij last to you was out be 29 stast to which referre you, onely desiring that

1120 2333 2317 129 amonghst the reds then in mentioned might be 2 aurras, for which I limt

1105 2454 2340 127 not prijse because I mighs dave them pure good, you dave also advised that

1124 2546 2303 129 white cottars should rise, In case you iiudge that that com. will not sell within

1095 2622 2337 169 2 months, as now itt doth, you will do well to provide 2 bales more assorted

1137 2721 2288 178 as by the invoyce of n. 35 & 36 which I dave rc in yd, of 17th past, & for

1116 2841 2307 147 my ½ in which you dave credit. I do much long to know, what GN. doth

1101 2952 2282 138 intend, I must dave dis cloathes, what soever becomes on 8. I have

1113 3010 2298 190 receaved the stamett butt thee for is not observed the patt. itt beeng to thin

1129 3138 2303 98 & to nerrow, so please so ord. the makes to sett itt broad upon the lmm

1108 3246 2319 153 3600: att least, which must be milled in'upon of a yd or sip quntes

1103 3302 2350 186 & a salf, for they must be as thich againe almose, lest the spinning rettd

1114 3429 2294 172 be courser, or hicher, for if this would take, wee might dispose of 100 p a

1075 3535 2337 119 yeare though the patt. now recd is nott well, so please to do yd endeavour

1099 3603 2328 168 to gett the second according to preseriperon. as to the bayes, I wrett you

1097 3738 2293 145 what I found trne, & I supose that now I have so much understanding

1090 3843 2297 161 as to distingwish one of 43:6 ont of one of 36„6 though the same marchs

1099 3915 2316 180 I am vere sorry to see the karsyes not come tmeenough for Pindar, yett I

1092 4006 2319 198 dope smith will not lay out plorg, of which pray a word, suposeing the redd

1087 4114 2334 186 will come with hinyour time of sale comes ou, affer sarvest mony will b

1074 4245 2346 128 plentie, which is so scarey now, that I am a shamed to in oader more

5975 204 92 66 29d

3598 193 2413 137 goods I have been als Brussels, & have recd dardely enough to pay my bills

3612 238 2460 196 Inclosed £100- on H. Colliur for yds acctt. att 34, I must trouble you for £100 more

4024 366 55 52 A

3622 364 2453 164 on hn withinitt beeng for as much I have accepted in all upon acctt. of Jisstanding

3612 475 2472 141 out debten & testing goods, which (thougs they be almost as much againe) I can not

3620 554 2457 165 make anend of yott not with standing my great desire and endeavour to cleae

3622 684 2425 135 all, & to have to do onely with you, & one freind more, when I tope ale things

3618 733 2414 148 will go to beeren content, the is no apearence of waan in this cot nor

3618 850 2455 164 Germany I can not butt wonder toely there is 3 patt. cuttont of thestanets

3629 938 2448 167 & one in the midst of the ge which will loose ½ an ell for itt, Pindan is

3626 1040 1829 164 arrived. pray gett a bale of bays aboord smih W32

3901 1151 788 116 20 of about 38 a 456:

3907 1192 2138 218 10 of 4oed werght though comise of woll if butt cheap of 51.52 a 54

3494 1292 612 191 london Abram Vivian

5693 1361 363 193 Base

3590 1436 2470 186 mij last to you was on the 29 past, senme reed. y. of 17 d. when the goods of yd

3596 1604 2466 112 new man do come shall give you my opinin, whilst yett lotter is the best

3589 1679 2490 136 butt if this mans goods should be as well & keep their press better itt should be the

3594 1765 2469 136 beeter, for our siddy & all our endeavour must be to have all advantages that can

3594 1853 2469 172 te exspected from the northren trade, & in case wee do finde this new man the best

3585 1940 2452 163 I am contented to allow 4  to you to seenne the goods from hn att Hull

3599 2095 2425 109 aboard. Bndar is well arrived for which sod be slancked, thargs I am

3610 2174 2401 158 Jonnant of what is on tis board for is att least I doubt there is no bayes

3604 2291 2478 153 which will vere much afliet mee & be a great preind. to our sale, thee for d

3598 2340 2414 216 what you can to dastes away smish, or Elce send one bale to Rotterdam of

3611 2438 2409 179 Gervij bayes, for I am undon not haveing the assortment desired, I told you

3618 2547 2432 219 when sere, that yd. first care should be to have in each ship no lest then

3616 2674 2398 176 2 packen, of bays, & yett you had all this siime & sended non. I have sont

3596 2766 2404 161 you yeasterday the last packett of lace no. 10 by way of new porte, of which te

3593 2899 2437 128 envoyée mext, because I sad not time sence, I lave pay good sale, & could

3612 2993 2399 100 save sold soo bayes this week which other have don, because I lad not

3610 3084 2418 129 you must endeavoir tomantaine our trade, seeng I leave nw all to you

3598 3203 2397 125 dess cayment be not to yd content, I do not donbt, butt that before wee

3611 3252 2442 178 noued further you shall finde better suplyss, I baveing been straigitned upon

3594 3371 2388 137 acctt. of others, which for the future shall be anvidded. I exspect to know

3580 3472 1152 175 p first of all persicular passages

5548 3544 271 149 3 PP

3489 3579 716 198 london Henry Collier

3596 3666 2410 213 sene I wrott to you the 2 ƒt pass, read yd of 17 cd. I save no other advise fo

3593 3828 2403 138 K.K. therr s desire to rembourse dun some other way then with the bill

3594 3945 2383 147 for yd. acctt & I have no mony there by is mony so seorey that att my

3597 4021 2373 142 last beeng ato Brussels I have tardely receaved to pay my bills, so that

3601 4140 2448 161 sewest must be over fbefore I can be iu a capaccte to remitt rim of you

3611 4258 2423 148 can persuede dun to stay so long for my dobt I am content to pay yd.
