7975 4567
724 180 2330 115 & b swanskins green streepken to be one pack wrapped with 3 or 4

746 250 2285 83 man chester bayes I observe the hurinour of our custome to be so

755 334 2353 87 indifferent for the cullours in spanish cloathes, that they take allson

749 398 2354 137 if they are butt lovely well bniat & nott dullish where fore in case

752 508 2317 112 you sed a pretty cloth now & then to yd mindes alditt to my parcells

724 567 2374 134 lest 20r 3 of this cullours be gott of 6:6:7 t a 8 st a yd not wist standig

743 673 2329 121 this hard & long continewing winter, I sell now & then some goods, so

731 748 2374 93 that I beleave I shall have little assortement a month hene onelas

748 817 2289 143 yd suply doth come in time. I begine to gett the instomers

735 914 2351 136 advance the prijses in goods so that with the dimninshing of charges

731 998 2340 143 I hope to procure better proffitt I have above £200:  for yd acctt

751 1105 2354 118 in cash & itt would not do to remitt under 35:6 a 2 uso altohought

739 1144 2294 167 itt & generally beleaved that the ex will fall whoever according

740 1254 2342 99 toyd ordre am aproviding the gold desired & have part ready, butt

747 1343 2327 115 would faine have itt all imployed, & if possible shallyett send itt

726 1412 2365 116 forward next friday to mr. coots to follow yd order I exspect to heare

738 1480 855 131 from you & so reman

2153 1501 881 185 In Antwarp 4 fer 81

465 1517 798 171 London Henry Collier

1711 1584 96 108 th

739 1647 2344 102 my last to you was on the 21 past. concerning It an answer there

736 1722 2371 105 on is exspected & then mr. Herreyns shall delay no longeratt all, tis don

741 1809 2339 115 to give him his full desire, that so. he maiy have no reason to say that

744 1885 2299 131 ytt is n exspected in case he beused with forle meanes: I then

730 1990 2320 131 promised you the acctt, which my dispositions would not permitt

728 2063 2344 105 mee to draw out sence besides have been some dayes aitt brussels butt

711 2148 2316 153 god willing if I& do not send y. next saturdayes post then Ile

724 2252 2300 108 be blanced, butt that I hope to provent Ben: clarck is arrived &

710 2312 2349 164 I beseave the goods att Bruges inhopes to pay butt a small cuttome

745 2414 2326 133 as ist is neerly ordered to be demanded, thought itt be not yett pablishd

730 2530 2328 103 a bay which p. 45  custome shall pay butt bact according to his valew

739 2594 2333 99 rs also a kersie & cottons & cloathes accordingly which if doth take will

736 2662 2331 171 augument & ease our gaine in sale I observe yd discretion in writing

720 2764 2297 119 of 14 past whert is above shall be pertely in answer, & must

725 2886 2289 122 assure you of the sineere inclination I have to prevent yd bills. tis

702 2949 2393 110 true you have & while omitted drawing yett thoughtist be the den dest

725 3045 2310 145 time of the yeare have payd butt this day £200: for yd bills of

716 3141 2340 142 1y gd. now there is butt one more umingon mee of 17 xb £100

729 3223 2350 135 be sides £160: flemish mr. forthell drew on mee for yd acctt 8 Jan

715 3347 2280 115 a 2 uso which please to not accordingly, which not withstanding

724 3387 2367 158 have £150: more which ne thought to have imployd on my bill on y or

704 3493 2324 118 for £150 payable to John derichebourght which I would fame have

723 3599 2319 151 taken in putte poxon hims he could have 35:10 so in case I can nst

694 3704 2371 131 gett itt cheaper p. nextpost, that I should be presented for payement

707 3795 2300 123 please to draw the same valew att sight ½ or whold uso as you

696 3875 2289 131 finde yd advantidge & can you for beare longes for more Ihope to

706 3915 2335 176 sende you some remised very speedly for I asseure you i would

717 4044 2342 95 be agreat content. to us both incase I could butt remitt as much

705 4111 2259 148 ad you draw the inclosed please dodelicered R which

702 4197 1016 136 is safe with you & sore

3226 171 795 133 London Abran Vuvans

4884 151 1022 129 In Antwarp 4 feb 1681

4495 183 115 73 th

3525 228 2388 99 S my last toyon, was on the 21: past, sethe recd. yd of 10„ 14 & 19 ditto tis

3529 309 2383 102 well the £150 were recd. I take not ic of the pattarnes & invoy ces of goods

3538 378 2354 84 ready in the north, of N. 24 I want the perfect pattarnboock, which

3513 459 2389 115 I naust needs have if there be any this I thinck is now all what was in ordere

3519 538 2341 130 thought I could wish you had bought as mony more butt sence that com. he

3527 581 2363 153 so much visen wees will see the goods & orderins, I seupose all the bales

3528 666 2378 150 bares are att hull & that they shall come with John nelson who is there

3536 775 2307 130 ready to saile with first conveniency, our customes & duties shall be

3522 861 2330 119 brought to above ½ less then before besides white wares from England

3518 902 2342 173 shall not pay above a fiste part, wherefore am more in corridged the

3481 993 2384 143 never & hope to promote our advantidge to yd content god be thanked, I have

3524 1098 2370 169 putt off almost our goods that are here that is to say to the bales N 242 2&

3531 1184 2376 145 which are att Brayes for the rest is not altogheter 2 bales left msold

3534 1281 2285 169 you should have hadd all actt before now, butt have been some dayes

3503 1384 2366 139 in disposed & al most all last week out of towne to provide mony &

3514 1463 2358 139 have some ready to remitt you butt beleave mee I could gett no bills

3531 1552 2354 125 att short sight non this 8 dayes under a month, so be confident neatpost

3537 1680 2314 128 shall boing some, butt you must not be brought to an extremit ie for

3504 1734 2413 156 you may alwayes in such occasion freely dispose of some monyon

3522 1835 2383 144 mee by ex. which IC. will not refase, I could not remitted him neother

3530 1896 2354 172 where fore I desired him to draw £100 on mee for acctt of yd brother

3523 2013 2359 125 att sight or ½ or whole uso to this advantidge in case wee in coy please

3528 2085 2354 113 this yeare I do beleave wee shall have a considerable sale, so that I long

3526 2171 2336 128 to see these goods to governe our selfs accordingly for in may next must

3519 2261 2282 118 be the beginning of our buying againe: I could wish you had the laces

3531 2308 2369 168 with you what are already yon for ward N. 6 & 9 is sent by the way of Doued

3508 2418 2336 141 N.7 bj t driaen block binlander all which I wish were safe to you that

3507 2521 2392 124 I might understand yd asprobation of them, I have here 2 broad lacesby

3521 2601 2261 125 mee with more others which I brought a long with mee from

3515 2647 2368 164 brussels & shall be made up to besent by way of d'over oneles I had yd

3523 2766 2222 124 contra order the packet N. 8 is still att uruges & so with kinde

3530 2829 2374 158 shall order N.8 to be sent bij way of Douer & N.10 also to follow the one the

3517 2919 1335 95 other to venture butt one att a time

4867 2924 913 160 In Antwarp 4 fed 1681

3224 2945 754 182 London R soutthel

4491 3055 78 73 th

3524 3030 2360 182 S. I was gladd to see yd of 28. past, butt sorrij when I perused the contens

3518 3119 2376 179 yett hope you ore well ariiced in london o& that you fond all freinds

3512 3209 2328 120 in good health & wealth pay remember mee to yd all I should have sent

3528 3284 2355 159 mr. Collier & mr. Anneslay their acctts butt have been not well, & att brussell

3517 3364 2328 178 for some dayes & the rest of my time on that of H.M4 V fors

3509 3477 2387 108 cole, so they are gon, this post & those of m. collier & Annes lay shall

3504 3532 2354 170 follow p next saturdayes: whilst you oe there I could wish you could

3530 3635 2380 141 endeavour to finde something news & or curious in spanish cloathes

3522 3727 2320 114 from 10 to 12 a 13 st a yd brought itt shoul be rutt 6 or 8 quarts which

3519 3807 2350 137 you, la could persuade some body to provide & send mee for his or their

3492 3919 2285 105 acctt as in collies & annessay, or whom you thinck woul be pleased

3509 4004 2285 146 to minde itt, for the last in collies sended thought not yett here, are

3512 4083 2226 151 insteed of such most low prijses & extranagant broad mature

3503 4174 2372 131 itt beeng the bale f N.36, as you may see by this patt book which

3526 4288 2258 84 are not to the purpose there fore to wards eastes, or sent rather
