7914 4588
3728 166 54 60 a

4662 163 1175 109 In Antwerpen 2 Januarij 1681

3217 170 195 119 Gent

3494 182 589 125 Jan B Tijsbart

3496 269 2421 152 Mons. 23 passato was aen ul mijnen leeften, sijnde dordre tot provideer

3504 372 2331 133 van de 32 p legaturen voor dien gemelt de welke vertrouwe salt hebbe

3483 440 2439 134 int werck geleijt, ende d'occasie waer nemen om twee stucken Bruyn

3486 518 2403 129 fijn waert te koopen van ontgent 14 of 7 st delle, boven al moet ul

3490 616 2309 134 recommandeeren dat de legaturen wel gemaeckt worden, soo in

3506 666 2408 120 denght Breede als lenghde, ende levendigh inde caleuren d'welk alle

3478 758 2442 160 laet aen ul goede directie als voor eijgen te dirigeeren, want soo dese preu

3500 874 2399 127 weluyt valt sal van goede consequentie wesen, boven dien bidde soo veel

3487 955 2432 133 af te dingen als immers mogelijck sal sijn tsij eenigen tijt te geniete

3494 1039 2411 118 voor de betaling oft iets voor promt betalinge afte trecken gelijck

3495 1121 2346 101 costumbaer is, soude morgen geerne verstaen wanneer die konnen

3511 1200 682 138 gereet wesen

4841 1205 948 167 In Antwerpen 2 Janu 1681

3203 1261 1224 148 Amsterdam De hulter & van Homright

3478 1331 2379 145 Mess. nae u.l. gewenst te hebben Reciprokelijck veel. prosperitijt segen,

3488 1437 2366 105 & wel staent met dit nieuwe begonnen jaer sooddint in antwoort

3497 1494 2418 124 vanden ul van 30 past. als dat heden hebbe af gelevert 50 van ul vaten

3482 1565 2372 122 Boter Rijs gewijs af gehaelt aen sekere paalus van hoverbeck te

3500 1645 2397 109 betalen deser gelde ƒ14: pr. dhelft contant d'ander helft in 4in

3496 1735 2363 74 gewegen 69 5bee nmet fustagie & all, hopende de resterende haest

3476 1736 2413 177 te verkoopen als wanneer de Rek Daer van sal op maken & de provenu

3503 1844 2389 164 sijnder tijt in voorderen, het is meest dat voor de selve present kan

3485 1923 2227 131 bekomen oversulx geloove nae ul contentement sal wesen

4870 1977 954 151 In Antwerpen 2 Juni 1680

3228 2017 722 148 Brussel John Jacobs

3505 2052 2333 151 Mons. wensche ul saligh ieuw iaer  also de negotie hier heel still is,

3491 2162 2415 140 ende daer door int hooghste verlegen Ben om gelt hebbe de vrijigheyt genomen heden

3488 2262 2396 107 op ul te trecken de weirde van t wee hondert pattacons of ƒ480: te betaelen

3505 2313 2339 135 aen mons. nicolaus christoffer van thienen wiens hant schrijft hier onder rast

3488 2390 2412 140 staet tot ul governo oft den selven is, alsoo hij een vrt edel man is volgens

3493 2465 2406 132 het seggen van mijnen vrint jacome Bouwens die mij de weirde hier heeft

3502 2558 2378 100 betaelt, soo recommandeere ul op alle vrintschap den brief te betalen

3488 2648 2427 80 op sight intreckende met quitantie waer op mij verlate want het soude

3500 2712 2402 73 mij eene groote schande sijn, soo niet weirt voldaen, iae al soude de weird

3485 2760 2339 87 inspetie selfs daer moeken senden soo magh om mijn creditts wille

3488 2776 2411 138 hier niet in versuymt worden, oversulx mijn eerblijft aen ul ortalder

3494 2881 2330 115 hooghste bevolen, terwijlen geloove dat ul dat niet qualijck

3486 2978 2201 105 sal nemen want den noot mij presseirt & soo blijve

4910 3019 952 122 In Antwerpen 2 Janu 81

3207 2998 1114 156 Brussel Pieter vanderhagen

3489 3103 2406 109 Mijn Hr. morgen Troght trecht van hier het packen VA met een adres brief

3473 3193 2415 87 franco in de Halle te leveren om voorts te bestellen aen mons van wetteren

3481 3248 2381 88 Kent in. vande hartoginne van Aerschot tot enguien oversulx gelieft daer

3497 3308 2197 81 nae om te sien al soo morgen avont tot Brussel sal wesen & bestaet

3859 3390 1140 89 1 swert pack Raken EE geil marck

5244 3384 366 102 £23:-„-

3918 3432 772 93 swert geverfde Baye

5274 3448 363 89 „ 5:10„-

3922 3485 774 115 packen franco & to l

5249 3509 373 58 „:3„-

5200 3521 374 122 16:15½

3245 3555 1085 176 Brussel Judoius De Sadelaer

5006 3607 874 133 In Antwerp: 2 Janu 88

4975 3684 347 57 lvoorman

3464 3658 2438 155 Mons. volgens ul ordre vertreckt morgen p wagen van hier op Brussel

3488 3762 2393 107 die morgen avont bij ul sal sijn een pack met 3 lakens gemerckt

3496 3834 2372 127 IPS. het blaw kan niet leveren als voor desen geseijt gelieft

3480 3921 2438 121 ul het half ander ul reeft maer te commandeeren, ter wijlen

3481 3992 1125 162 wenschende saligh nieuwe jaer
