8378 4656
2082 247 1064 125 In Antwarp 28 june 1681

720 272 971 129 London Henry Maynard

2822 328 113 75 th

1998 297 144 116 th

1021 346 2072 123 S. mij last to you was on the 25„ curitt sence recd. yd of 13 ditto by

1021 401 2167 134 which you hope to provide the 6N silver marck I could wish to have

1022 482 2240 121 5 peeces & then wee will allow him more time for more peeces, so pray

1025 543 2231 134 do what you can to persuade him the clothier there unto: for my reputation

1029 606 2205 144 layes on itt bij the goods fathers Jesuits, haveing so fait fully promiseditt

1038 693 2212 144 I observe the invoyce of the resting spanish cloathes, which I had exspected

1013 765 2041 118 all of a drap cullour & finde butt N. 690 „ 91 & 94 as I could

1035 864 2134 112 wish all had been, whoever inclosed are pattarnes for one packe

1045 938 2244 134 more of spanish cloathes, which you please to provide att the advantidge

1043 997 2116 145 of the markett. I have given you creditt for mij share in the bales

1029 1075 2174 156 N. 26 „ 27„ 28„ 29 & 30 god send them all safe over I have no news yett

1028 1141 2176 186 of white, & want much the pack N. 20 because I have sold itt upon

1042 1218 2141 163 the pattarnes, I was in hopes that the pbale of kersies 1½ lenght should

1046 1313 2078 137 have been aboard smith, butt now do exspect itt with pindar mij

1045 1377 2109 154 thanckes for yd care in providing the packing press and the frises of

1059 1482 2150 136 which do exspect yd advise p next mij remises were accepted which

1039 1538 2104 165 is well: you have drawne £500: on the keires of madm: bouwens

1060 1610 2100 146 which I doubt not butt shall be accepted, for which shall take care as

1044 1663 2065 203 for JP. itt can easely be that my letter to m. slaughter beared

1048 1753 2145 184 date 10 dayes after his death, because I onely certainly knew that hewas

1065 1838 2139 171 dead least week when I was att Brussels my self, for be fore, what

1052 1905 2176 208 I wrott to him or not, I never saw his answer, so that they do not

1043 2010 2098 152 concerne them selves, iust as if itt was non of their concernes

1051 2098 2153 134 the goods lay still unsold, & I could wish to be ridd of y. aswell

1063 2146 2106 183 as of an on advisted accompt, which stands open betwixt us so lett

1065 2227 2046 151 mee have mr slaughters orders, for selling the cloth here would

1055 2303 2087 179 be an over great loss, besides non of the yeallow cullours are to

1062 2326 2141 217 be sold, so that I know not what to do, which I leave you to considder

1071 2459 2092 155 whilst I am willing to do mr. slaughter what service I can & remaine

1056 2563 2158 151 P.S. Receaved a letter from Antoni peeters bij which he tells mee

1058 2634 2044 173 there is good apearence of receaving mony an london & that hewill

1074 2685 2065 185 come here to adiust the matter of which more when & see him

1077 2788 2112 175 these pattarnes are to provide 12 spanish clothes viz 6 under the 75t

1078 2870 2113 139 aijard: and 6 under 8:6 ayd butt the drap cullours do not yett please mee as

1069 2945 2063 154 I could wish, for I see here that are more lively, for such as are in the pack

1053 3032 2120 145 N. 27 viz N. 693 and 695 are hardely vendable, beeng of a to deddish

1078 3072 2110 178 cullour there fore peruse yd pattarne book that, you send non of said

1082 3171 2098 138 numbers butt att least to these patt. in case you can gett non that are

1085 3280 705 129 more pleasant

2580 3256 455 150 @ 28 ditto

2125 3339 111 118 th

748 3353 927 128 ondon, Abram vivian

1087 3366 2142 187 S. my last to you was on the 25: curitt then remitted you £140: in 2 bills

1090 3471 2094 150 which I hope are come to ijd handes eve now & prove content: I have before

1096 3526 2100 133 mee yd of 13: curitt I hope the packett N. 15 with you inclosed factory

1083 3609 2110 153 for one packett N.16 bij John colliner from ostend which was intended

1068 3656 2103 133 for will scawen, and is assorted, and ordered as all the goods are which

1085 3730 2078 137 he receaves from these parts there fore lett mee have yd opinion

1084 3808 2025 149 of the one and the other: the laces which I have here ready will

1079 3869 2106 134 make up about 2 packetts more, and then I'll desist till further order

1094 3950 2144 145 the peeces you send mee is putt out to be made @ 6 or 8 to yd orders and all

1091 4023 2151 134 imaginable care shall be taken to comply exactely in all respects I shall give

1095 4099 2128 134 you creditt for the bayes & kersies, butt yd freind must give an accompt of

1089 4169 2106 126 what baijes in each pack, because wee ostendell the packes without

1093 4249 2177 131 opening any, which now I can not do: as desired. lest the kersie come with

1105 4309 2000 149 pindar with one or 2 packes of cloth & the rest with nelson, of

1105 4391 1860 141 which yd advise whilst I remaine with kinde

4133 232 96 79 5

4969 248 983 99 In Antwerp 28 June: 1681

3332 231 693 113 Lille Rich.d Southell

3493 318 2474 131 S. I wrott to you yeasterday & hoped sence to have seen some lines from you butt do

3481 421 2389 109 much wonder, to finde non, do not know what to thinck in case my remise

3494 475 2449 124 should be miscarried & that itt should come to handes when soever itt be, gett presentley

3483 549 2430 70 an attestation att the post house of such a letter delivered you, provided the £80:

3509 624 2414 96 should not be payd, I long to heare from you with great impatiency & remaine with

3322 686 663 135 London Henry Collier

5304 649 648 165 @ 28 June 1681

4496 763 185 79 th

3495 795 2442 125 S. my last to you was on the 25: curitt sence non from you this day TH gave his

3491 864 1494 78 answer in lace composed in 27 articles. viz

3454 841 2489 174 s that when you drew the 2 bills, he protest and denyes that then he was in debted

3497 980 747 113 to you for one forthing

3455 984 2407 138 2: butt to the contrarie that when you drew the bills you were indebted to him

3457 1090 2246 111 3 and althought he knows the 2 bills were drewne up on him, yett

3460 1148 1840 99 4 he persists to have accepted them for yd accompt onely

3446 1185 2512 128 5 with express declaration that not withstanding the acceptance he would not pay

3494 1284 696 105 the same when dew

3446 1280 2477 161 6 butt that you must give order for their satisfaction & provision by times

3485 1408 2258 99 & that to mee as apeares bij a letter he writt you the 11 and 21 gt. 1679

3462 1454 1751 117 7 the coppyes of which are annexed to his answer --

3443 1532 1726 80 8 so that here ferres him self to the bills & proceeds: -

3452 1549 2506 152 9 as apeares bij the protests that the casskepper ( hemcarres I Brickley ) hath

3499 1683 1792 71 declared that TH should not pay for want of provision

3407 1671 2560 147 10 that itt is true, that few dayes after he wrott you this that he went forlondon

3424 1779 2499 96 11 were arriving att yd house hath don great compleaints with you about said

3496 1853 2423 83 2 bills, and related the contents of his 2 last letters above mentioned

3419 1875 2540 124 12 att which you have answered that you should give mee order to pay the 2 bills whe

3423 1960 2499 86 13 & that & TH not in the least should be molested or troubled for them bills or valew

3423 2006 2299 102 14 and accordinglij to which he denyes that I should have payd yd bills out-

3421 2066 2178 107 15 of mij owne consideration, beeng to the contray true that you

3421 2136 2290 85 16 have given order for the payement of said 2 bills and that I have

3433 2155 2489 149 18 paijd them bills out of respect to yd order bij which he addes that I not can be

3485 2255 2436 118 rekoned in the case as haveing power to act against him or you, neither

3496 2280 2480 139 bij mine in dossement you or him as beeng yd bills now satisfied by yd order

3486 2363 2484 119 so you can not proceed against him, he haveing accepted them out of respects

3493 2443 1267 118 to you & not because he was indebted

3488 2433 2487 204 sence all which time you never till now have made mention (alie with the rest

3485 2575 392 114 of said bills

3497 2573 2426 149 yett in case you pretend he was then (when you drew) indebted, which

3500 2673 2470 131 thought he denijes, yett is contented you should proceed up on the acctt. so all

3504 2748 2376 92 considdered, desires the law to excuse him of ramptisation according to

3399 2811 2570 135 7 the sentence give att this wee are to answer: where here I relate onely

3492 2880 2474 136 the substance of his answer & shall delay to answer till wee see some

3481 2960 2446 113 lines from you thought tis impudent all what he applyes and as

3491 3004 2468 148 wee supose onelij to gaine time, praij endeavour to finde his 2 letters of

3502 3090 2471 123 11 & 21 gt 79 & send mee, for if wee can make him a lyer in one, wee wil

3502 3152 2469 154 gett him presentley downe, you may freely write him that you have seen his

3494 3218 2447 126 answer in law, and that you wonder how he can denye in this manner

3498 3281 2466 133 & that oneles he will comply by faire maines you will orderkers eyne

3498 3347 2469 154 to executs, him with all vigour this is the needfull with desire that

3510 3477 1478 117 be concealed in the bussynes be cause I am

5274 3464 666 168 @ 28 ditto 1681

3317 3508 749 150 Brussel Antonio peeters

3507 3569 2379 124 mons. Den ul van gisteren is mij geworden, het afsterven van uwen broeder is

3498 3662 2341 101 mij leet, eghter moet men sigh aenden wille des eere geirne onderworpen

3484 3692 2478 124 tis noch goet hij uyt Engelant & costij gestorven is, ick hope godt sijn siele genadigh sijn

3502 3799 2369 107 tis mij aengenaem dat ul genegen is omonse affairen tassisteren hoe eerder ul

3507 3821 2455 150 het selve gelieft hoe liefer ick het hebbe soo ul magh overkomen alst ul gelieft

3507 3921 2420 135 eerder omdat mons. verspoet int kort staet te vertreken naer engelant

3504 3987 2455 117 ende hij van ul freer saligher tot assistentie van hem, was versoeght, ende also

3509 4072 2432 120 alle mijne dingengereet sijn esser van mijntwegen nergens nae te taddeeren hebbe

3493 4151 2448 116 bij naer ider postdagh brieven van mr slaighter die seer preseent tot betalinge soo

3502 4218 2452 111 en sal niet antwoorde voor dat ul sal hebbe gesproeken waermede blijve

5490 4307 306 160 d
