8556 4588
1134 219 2248 99 in vach cast hebbe ende op mester collier voil op

1138 323 2249 124 de beurs niet vert recken ysent mij sijne proseratie

1124 414 2266 120 onm waer voor de voirde te srane vwaer toe ick ten

1098 489 2296 174 uijtersten ongegen den bij seght ul van  den 9easscrtio

1112 628 2237 143 neert ende cij aen ul tussen de 5 en boondert

1105 732 2267 151 16 in gaseert soo vlenste wael dat ul voor deoot

1116 815 2278 187 gedern srofidende ende voor de rest sal ick met

1100 970 2296 123 in genegentijt rebaecten doe soo alles met voorsge

1121 1081 2225 134 vrintcexcap tussen alle beyde te assisteen wrer op

1112 1180 2279 145 n orgen ul ant vbort te gemodt sien ofte rbensde

1109 1242 2239 167 in orgens voor & ariven niet dobbel port om

1108 1349 2246 157 volgens ul sacke niet collier ten touseren

866 1439 890 165 brussel ste vanus kins

2405 1457 667 136 C 30 medet 1682

1100 1515 2278 158 monsr. alsoo met den pasce dac de bridnen niet en eleirden

1131 1652 2166 104 beffelt soo van voor beden den ul van 28 deser niet

1128 1747 2216 155 cant worden sende dan met den bode tot supersijn

1114 1852 2243 160 lodt £er10794: 22g. a 429 ½ a ƒ6:6 st sijn . ƒ 185:11

1860 1936 1025 174 voor rabat van 8 perf

3093 1989 206 98 14:6

2595 2073 694 173 sondermbat 171:11

1136 2178 2243 171 minder en van ick nt selven niet gienen en statert

1132 2274 2207 139 is niet aen tot dien srijs soo laet ons daer vergeen

1153 2380 2210 154 dispijt maet he maer sent ot my vleder om metert

1122 2479 2132 113 ander fijn cntvoelee nb seijn t ander al tesijn

1136 2573 2234 117 en doet ent in den pack oldrdt seo bode ick gebte

1120 2673 2180 124 de veckeninch in genaerat encost mij self ebve

1119 2713 2154 157 21 st a gereruo get wissel briefken is betaelt

1130 2852 2159 120 ende edomes en eest bij niet geeliest sal ger

1126 2913 2165 120 betaelen dat he bby6 op anno het is voor niet

1621 2971 58 63 -

1166 3003 2180 128 etalt. Doch niet dat op menh onen vol sal

1147 3059 2165 183 mijn leste voor bijde doen bande us gin alles

1130 3154 2132 194 adirne di enen mits 1ck naer groet enisse

1131 3273 379 126 blijven

2654 3275 350 122 30 mas

865 3338 995 157 brussel an na maij de vos

1356 3407 2015 179 & ebaen us per sater daer endtscrip aen ul gesonden

1144 3533 2175 117 gemertht V:P. Cp, daer voor te letalen toock en

1141 3608 2144 110 wel gecon ditiendert ontfangen vblanden 3glis

1156 3677 2144 153 vracest ende oet gelfen te conde op speoedigh

1159 3744 2200 218 aer off de vledud denaev d serin tot berge shellen

1146 3862 2244 193 de deoincoste opaerde verkeningte sal ul obligenen

1143 3967 320 123 to

3447 186 659 149 Rijssel mr. Richard Southell

5244 222 770 129 C 31 march 1682 183

4222 252 186 108 hB

3608 316 2398 126 I wrott you on the 24 cur. what was needfull, sence recd yd of 25 d. as to the bustyns

3635 398 2369 108 of John vale, I doubt are not well, for though I desired him to provide for the bill of

3618 499 2387 105 N.C. of 33 curtt yett that is protisted, & though I bee vere much straightned have payd itt for

3618 588 2380 102 hi thenour, butt what remedu for that whih hell dew yeasterday, & must be payd 5 pa

3620 671 2393 132 whin £200  more of mj acceptance is to be payd: J.V. doth promise faixly yett not

3611 759 2390 114 onely H.C. his bills are protested, butt mony more, & for mee to draw on london

3612 837 2392 103 lookes not well, for utler att Epon, sampson r mathew randall att london beeng

3622 934 2383 122 broake will give litte creditt to young heoples drawing, there fore I will by no incane

3612 1014 2390 114 medele with itt, nevers heless, how shall I secure S.C, I muyt step to Brussel

3602 1116 2410 118 mij self, & gett from him what I can, or elce I must depend upon lus promise pray

3591 1174 2423 144 lett mee know & first what I might draw on you for acctt of 3:6. to help him over

3604 1282 2398 123 the sile, for I am strarghtned on all sides att no rate, & our standing out debts prove

3599 1384 2405 128 vere slow, I am almost att miy witts end to redder my self in a lapacitie against what

3586 1476 2419 119 Rows apeare, so I must excep in as much I can, deare freind you are not att all consihs

3621 1566 2221 107 how I am in this world: pray a word if you do incline to allow mee somesing

3604 1667 2338 95 reasonable for what is in yd handes, & in what time I might dispose

3606 1800 2383 112 of itt, father egan hath payd mee the twente crownes which are past

3605 1860 2395 168 to yd creditt, I want yd advise att large in boath concernes & assistancy

3468 2720 711 173 London m Benry Maynard

5485 2742 502 178 3 apli 1682

3595 2836 2417 161 on the 25th past wrott you the needfull, sence recd. yd. of 13d. as to the bill of £229:1:2

3598 2977 2402 106 onmichel, the first is in handes of Johr maseall iunor, which please to demand

3586 3046 2426 156 & proeurs the valew where dew. I have the patt. & invoyce of goods ready provided which

3605 3163 2408 102 I hope will give content white here, I exspect the drap & other cullours in spanish

3613 3240 2395 96 clrathes desired: upon the new of french resiring from supembourg have sold a good parcell

3587 3341 2378 114 of goods, & want them all ready shipt so take the lest of or tmite of providing good

3611 3420 2366 134 drapeuliours as desired, butt ship not to many goods in one bottom, I could wish

3603 3512 2395 94 the CN serer marckere, si god send ben clanck speedly over, I k.is a greas knave

3602 3632 2381 120 & I Berseave they do all they can to beat in out of them goods, yett I would

3595 3720 2363 111 have you not desist till you have them mentioned &  pou. 25 or 30 piecers

3592 3786 2392 133 a yeare, towards which all yd in drustry must be imployed, & then wee will

3575 3890 2378 117 see if they shall not sume to acctt for if you, & I be satisfyed, what have

3600 3989 2375 94 wee to do with others: & beconfident of my care & indeavour to do the best

3598 4059 2326 168 god send Pindar speedly over, custumens coming in I can not in large
